<?xml version="1.0" encoding="UTF-8"?>
<!DOCTYPE html PUBLIC "-//W3C//DTD XHTML 1.0 Transitional//EN"
    "http://www.w3.org/TR/xhtml1/DTD/xhtml1-transitional.dtd">
<html xmlns="http://www.w3.org/1999/xhtml" xml:lang="en" lang="en">
 <head>
  <title>
</title>
<meta http-equiv="Content-Type" content="text/html;charset=utf-8" />
  <meta name='ocr-system' content='tesseract 3.04.00' />
  <meta name='ocr-capabilities' content='ocr_page ocr_carea ocr_par ocr_line ocrx_word'/>
</head>
<body>
  <div class='ocr_page' id='page_1' title='image "./demosthenisquae04schgoog_0057.png"; bbox 0 0 2722 4754; ppageno 0'>
   <div class='ocr_carea' id='block_1_1' title="bbox 46 149 1158 269">
    <p class='ocr_par' dir='ltr' id='par_1_1' title="bbox 46 149 1158 293">
     <span class='ocr_line' id='line_1_1' title="bbox 46 149 1158 269; baseline -0.013 -4"><span class='ocrx_word' id='word_1_1' title='bbox 46 238 54 265; x_wconf 76' lang='grc'><em>,</em></span> <span class='ocrx_word' id='word_1_2' title='bbox 140 196 181 267; x_wconf 82' lang='grc' dir='ltr'><strong>ἰι</strong></span> <span class='ocrx_word' id='word_1_3' title='bbox 426 158 788 259; x_wconf 79' lang='lat' dir='ltr'><strong>onuosrnnurs</strong></span> <span class='ocrx_word' id='word_1_4' title='bbox 823 149 1027 269; x_wconf 72' lang='lat' dir='ltr'><strong>onorio</strong></span> <span class='ocrx_word' id='word_1_5' title='bbox 1156 222 1158 230; x_wconf 30' lang='grc' dir='ltr'>ι</span> 
     </span>
    </p>
   </div>
   <div class='ocr_carea' id='block_1_2' title="bbox 57 306 1311 449">
    <p class='ocr_par' dir='ltr' id='par_1_2' title="bbox 57 306 1311 449">
     <span class='ocr_line' id='line_1_2' title="bbox 57 306 1311 449; baseline -0.012 -26"><span class='ocrx_word' id='word_1_6' title='bbox 57 383 68 394; x_wconf 66' lang='grc'><strong>·’</strong></span> <span class='ocrx_word' id='word_1_7' title='bbox 133 364 205 421; x_wconf 49' lang='lat' dir='ltr'><strong>*Vos</strong></span> <span class='ocrx_word' id='word_1_8' title='bbox 221 315 324 418; x_wconf 79' lang='lat' dir='ltr'><strong>aulem</strong></span> <span class='ocrx_word' id='word_1_9' title='bbox 337 375 376 415; x_wconf 89' lang='lat' dir='ltr'><strong>ne</strong></span> <span class='ocrx_word' id='word_1_10' title='bbox 393 317 468 412; x_wconf 88' lang='lat' dir='ltr'><strong>haec</strong></span> <span class='ocrx_word' id='word_1_11' title='bbox 481 323 607 432; x_wconf 88' lang='lat' dir='ltr'><strong>quidem</strong></span> <span class='ocrx_word' id='word_1_12' title='bbox 623 352 823 444; x_wconf 83' lang='lat' dir='ltr'><strong>(siquidem</strong></span> <span class='ocrx_word' id='word_1_13' title='bbox 807 352 890 413; x_wconf 85' lang='grc' dir='ltr'>ιιιιιιΊ</span> <span class='ocrx_word' id='word_1_14' title='bbox 897 351 979 413; x_wconf 89' lang='lat' dir='ltr'><strong>aliud</strong></span> <span class='ocrx_word' id='word_1_15' title='bbox 996 306 1130 435; x_wconf 65' lang='lat' dir='ltr'><strong>velletis)</strong></span> <span class='ocrx_word' id='word_1_16' title='bbox 1146 329 1311 449; x_wconf 78' lang='lat' dir='ltr'><strong>impedivi-</strong></span> 
     </span>
    </p>
   </div>
   <div class='ocr_carea' id='block_1_3' title="bbox 15 435 1359 4417">
    <p class='ocr_par' dir='ltr' id='par_1_3' title="bbox 15 435 1359 4417">
     <span class='ocr_line' id='line_1_3' title="bbox 41 435 1312 523; baseline -0.013 -14"><span class='ocrx_word' id='word_1_17' title='bbox 41 458 46 465; x_wconf 70' lang='grc'>’</span> <span class='ocrx_word' id='word_1_18' title='bbox 141 447 209 517; x_wconf 83' lang='lat' dir='ltr'><strong>stis:</strong></span> <span class='ocrx_word' id='word_1_19' title='bbox 228 445 281 504; x_wconf 92' lang='lat' dir='ltr'><strong>sed</strong></span> <span class='ocrx_word' id='word_1_20' title='bbox 300 439 495 502; x_wconf 79' lang='lat' dir='ltr'><strong>conniventes</strong></span> <span class='ocrx_word' id='word_1_21' title='bbox 522 437 588 498; x_wconf 91' lang='lat' dir='ltr'><strong>de</strong></span> <span class='ocrx_word' id='word_1_22' title='bbox 578 459 644 498; x_wconf 83' lang='lat' dir='ltr'><strong>rnre</strong></span> <span class='ocrx_word' id='word_1_23' title='bbox 657 440 769 523; x_wconf 90' lang='lat' dir='ltr'><strong>utique</strong></span> <span class='ocrx_word' id='word_1_24' title='bbox 783 451 896 499; x_wconf 85' lang='lat' dir='ltr'><strong>vestro</strong></span> <span class='ocrx_word' id='word_1_25' title='bbox 911 436 966 496; x_wconf 91' lang='lat' dir='ltr'><strong>illi</strong></span> <span class='ocrx_word' id='word_1_26' title='bbox 976 437 1178 511; x_wconf 75' lang='lat' dir='ltr'><strong>concessistis,</strong></span> <span class='ocrx_word' id='word_1_27' title='bbox 1195 435 1312 499; x_wconf 85' lang='lat' dir='ltr'><strong>utiam</strong></span> 
     </span>
     <span class='ocr_line' id='line_1_4' title="bbox 141 521 1313 621; baseline -0.011 -28"><span class='ocrx_word' id='word_1_28' title='bbox 141 526 256 598; x_wconf 84' lang='lat' dir='ltr'><strong>nemim</strong></span> <span class='ocrx_word' id='word_1_29' title='bbox 247 525 400 585; x_wconf 89' lang='lat' dir='ltr'><strong>dubium</strong></span> <span class='ocrx_word' id='word_1_30' title='bbox 417 543 482 582; x_wconf 88' lang='lat' dir='ltr'><strong>esse</strong></span> <span class='ocrx_word' id='word_1_31' title='bbox 499 524 604 603; x_wconf 82' lang='lat' dir='ltr'><strong>possit,</strong></span> <span class='ocrx_word' id='word_1_32' title='bbox 623 524 712 583; x_wconf 89' lang='lat' dir='ltr'><strong>etiam</strong></span> <span class='ocrx_word' id='word_1_33' title='bbox 727 546 753 582; x_wconf 81' lang='lat' dir='ltr'><strong>s:</strong></span> <span class='ocrx_word' id='word_1_34' title='bbox 744 523 925 621; x_wconf 77' lang='lat' dir='ltr'><strong>Philippus</strong></span> <span class='ocrx_word' id='word_1_35' title='bbox 940 521 1040 581; x_wconf 87' lang='lat' dir='ltr'><strong>decies</strong></span> <span class='ocrx_word' id='word_1_36' title='bbox 1054 534 1237 595; x_wconf 87' lang='lat' dir='ltr'><strong>moreretur,</strong></span> <span class='ocrx_word' id='word_1_37' title='bbox 1255 539 1313 580; x_wconf 81' lang='lat' dir='ltr'><strong>vos</strong></span> 
     </span>
     <span class='ocr_line' id='line_1_5' title="bbox 29 605 1317 691; baseline -0.007 -18"><span class='ocrx_word' id='word_1_38' title='bbox 29 668 33 673; x_wconf 82' lang='lat'>.</span> <span class='ocrx_word' id='word_1_39' title='bbox 109 605 121 671; x_wconf 65' lang='lat'><strong>⁶.</strong></span> <span class='ocrx_word' id='word_1_40' title='bbox 141 615 245 678; x_wconf 82' lang='lat' dir='ltr'><strong>nihilo</strong></span> <span class='ocrx_word' id='word_1_41' title='bbox 257 609 372 691; x_wconf 84' lang='lat' dir='ltr'><strong>magis</strong></span> <span class='ocrx_word' id='word_1_42' title='bbox 374 620 560 668; x_wconf 87' lang='lat' dir='ltr'><strong>commotum</strong></span> <span class='ocrx_word' id='word_1_43' title='bbox 578 608 622 666; x_wconf 92' lang='lat' dir='ltr'><strong>iri.</strong></span> <span class='ocrx_word' id='word_1_44' title='bbox 658 610 813 682; x_wconf 84' lang='lat' dir='ltr'><strong>Quorsum</strong></span> <span class='ocrx_word' id='word_1_45' title='bbox 832 607 928 688; x_wconf 87' lang='lat' dir='ltr'><strong>igitur</strong></span> <span class='ocrx_word' id='word_1_46' title='bbox 952 607 1067 687; x_wconf 85' lang='lat' dir='ltr'><strong>legatos</strong></span> <span class='ocrx_word' id='word_1_47' title='bbox 1085 606 1250 666; x_wconf 89' lang='lat' dir='ltr'><strong>mittitis?</strong></span> <span class='ocrx_word' id='word_1_48' title='bbox 1247 620 1317 665; x_wconf 84' lang='lat' dir='ltr'><strong>cor</strong></span> 
     </span>
     <span class='ocr_line' id='line_1_6' title="bbox 111 684 1338 773; baseline -0.007 -16"><span class='ocrx_word' id='word_1_49' title='bbox 111 753 114 757; x_wconf 77' lang='grc'>,</span> <span class='ocrx_word' id='word_1_50' title='bbox 140 693 331 762; x_wconf 89' lang='lat' dir='ltr'><strong>accusatis?</strong></span> <span class='ocrx_word' id='word_1_51' title='bbox 343 684 416 773; x_wconf 81' lang='lat' dir='ltr'><strong>quid</strong></span> <span class='ocrx_word' id='word_1_52' title='bbox 434 692 592 773; x_wconf 79' lang='lat' dir='ltr'><strong>negotium</strong></span> <span class='ocrx_word' id='word_1_53' title='bbox 608 692 697 752; x_wconf 90' lang='lat' dir='ltr'><strong>nobis</strong></span> <span class='ocrx_word' id='word_1_54' title='bbox 715 692 883 752; x_wconf 73' lang='lat' dir='ltr'><strong>incessitis?</strong></span> <span class='ocrx_word' id='word_1_55' title='bbox 918 690 1042 751; x_wconf 88' lang='lat' dir='ltr'><strong>Haec&#39;</strong></span> <span class='ocrx_word' id='word_1_56' title='bbox 1018 713 1044 749; x_wconf 81' lang='lat' dir='ltr'><strong>sa</strong></span> <span class='ocrx_word' id='word_1_57' title='bbox 1063 692 1210 752; x_wconf 84' lang='lat' dir='ltr'><strong>dixerint.</strong></span> <span class='ocrx_word' id='word_1_58' title='bbox 1236 688 1338 771; x_wconf 81' lang='lat' dir='ltr'><strong>qnid</strong></span> 
     </span>
     <span class='ocr_line' id='line_1_7' title="bbox 67 772 1317 876; baseline -0.007 -33"><span class='ocrx_word' id='word_1_59' title='bbox 67 772 69 774; x_wconf 40' lang='grc'>’</span> <span class='ocrx_word' id='word_1_60' title='bbox 140 785 302 853; x_wconf 79' lang='lat' dir='ltr'><strong>asseremus</strong></span> <span class='ocrx_word' id='word_1_61' title='bbox 320 791 372 838; x_wconf 88' lang='lat' dir='ltr'><strong>aut</strong></span> <span class='ocrx_word' id='word_1_62' title='bbox 384 776 646 876; x_wconf 79' lang='lat' dir='ltr'><strong>respondebimus,</strong></span> <span class='ocrx_word' id='word_1_63' title='bbox 661 776 887 837; x_wconf 79' lang='lat' dir='ltr'><strong>Athenienses?</strong></span> <span class='ocrx_word' id='word_1_64' title='bbox 912 775 980 858; x_wconf 86' lang='lat' dir='ltr'><strong>Ego</strong></span> <span class='ocrx_word' id='word_1_65' title='bbox 996 775 1120 855; x_wconf 86' lang='lat' dir='ltr'><strong>quidem</strong></span> <span class='ocrx_word' id='word_1_66' title='bbox 1134 797 1198 836; x_wconf 93' lang='lat' dir='ltr'><strong>non</strong></span> <span class='ocrx_word' id='word_1_67' title='bbox 1211 775 1317 837; x_wconf 82' lang='lat' dir='ltr'><strong>video.</strong></span> 
     </span>
     <span class='ocr_line' id='line_1_8' title="bbox 141 843 1318 942; baseline -0.006 -17"><span class='ocrx_word' id='word_1_68' title='bbox 141 869 221 931; x_wconf 84' lang='lat' dir='ltr'><strong>Sunt</strong></span> <span class='ocrx_word' id='word_1_69' title='bbox 238 876 339 924; x_wconf 88' lang='lat' dir='ltr'><strong>autem</strong></span> <span class='ocrx_word' id='word_1_70' title='bbox 357 863 409 942; x_wconf 89' lang='lat' dir='ltr'><strong>qui</strong></span> <span class='ocrx_word' id='word_1_71' title='bbox 420 854 540 941; x_wconf 79' lang='lat' dir='ltr'><strong>putent,</strong></span> <span class='ocrx_word' id='word_1_72' title='bbox 558 883 590 921; x_wconf 89' lang='lat' dir='ltr'><strong>se</strong></span> <span class='ocrx_word' id='word_1_73' title='bbox 606 865 756 922; x_wconf 86' lang='lat' dir='ltr'><strong>oratorem</strong></span> <span class='ocrx_word' id='word_1_74' title='bbox 768 843 809 921; x_wconf 80' lang='lat' dir='ltr'><strong>iia</strong></span> <span class='ocrx_word' id='word_1_75' title='bbox 826 862 1019 942; x_wconf 78' lang='lat' dir='ltr'><strong>redarguere,</strong></span> <span class='ocrx_word' id='word_1_76' title='bbox 1036 873 1199 941; x_wconf 84' lang='lat' dir='ltr'><strong>postquam</strong></span> <span class='ocrx_word' id='word_1_77' title='bbox 1214 861 1318 920; x_wconf 62' lang='lat' dir='ltr'><strong>inter:</strong></span> 
     </span>
     <span class='ocr_line' id='line_1_9' title="bbox 130 943 1323 1047; baseline -0.009 -34"><span class='ocrx_word' id='word_1_78' title='bbox 130 947 292 1047; x_wconf 79' lang='lat' dir='ltr'><strong>rogarint:</strong></span> <span class='ocrx_word' id='word_1_79' title='bbox 311 946 490 1032; x_wconf 80' lang='lat' dir='ltr'><strong>Quidnam</strong></span> <span class='ocrx_word' id='word_1_80' title='bbox 481 947 576 1028; x_wconf 83' lang='lat' dir='ltr'><strong>rgitur</strong></span> <span class='ocrx_word' id='word_1_81' title='bbox 589 947 743 1028; x_wconf 84' lang='lat' dir='ltr'><strong>agendum</strong></span> <span class='ocrx_word' id='word_1_82' title='bbox 762 945 827 1005; x_wconf 88' lang='lat' dir='ltr'><strong>est?</strong></span> <span class='ocrx_word' id='word_1_83' title='bbox 854 945 974 1033; x_wconf 91' lang='lat' dir='ltr'><strong>Quibus</strong></span> <span class='ocrx_word' id='word_1_84' title='bbox 993 966 1052 1029; x_wconf 84' lang='lat' dir='ltr'><strong>ego</strong></span> <span class='ocrx_word' id='word_1_85' title='bbox 1071 968 1195 1005; x_wconf 87' lang='lat' dir='ltr'><strong>summa</strong></span> <span class='ocrx_word' id='word_1_86' title='bbox 1206 943 1323 1024; x_wconf 88' lang='lat' dir='ltr'><strong>aequi</strong></span> 
     </span>
     <span class='ocr_line' id='line_1_10' title="bbox 119 1030 1316 1113; baseline -0.008 -15"><span class='ocrx_word' id='word_1_87' title='bbox 119 1042 204 1113; x_wconf 78' lang='lat' dir='ltr'><strong>&#39;tate</strong></span> <span class='ocrx_word' id='word_1_88' title='bbox 229 1033 478 1113; x_wconf 88' lang='lat' dir='ltr'><strong>verissimeque</strong></span> <span class='ocrx_word' id='word_1_89' title='bbox 472 1031 514 1090; x_wconf 88' lang='lat' dir='ltr'><strong>sic</strong></span> <span class='ocrx_word' id='word_1_90' title='bbox 538 1030 745 1110; x_wconf 87' lang='lat' dir='ltr'><strong>respondebo:</strong></span> <span class='ocrx_word' id='word_1_91' title='bbox 781 1031 866 1089; x_wconf 87' lang='lat' dir='ltr'><strong>Haec</strong></span> <span class='ocrx_word' id='word_1_92' title='bbox 891 1051 975 1088; x_wconf 87' lang='lat' dir='ltr'><strong>non</strong></span> <span class='ocrx_word' id='word_1_93' title='bbox 981 1032 1097 1111; x_wconf 82' lang='lat' dir='ltr'><strong>agenda</strong></span> <span class='ocrx_word' id='word_1_94' title='bbox 1115 1042 1225 1106; x_wconf 86' lang='lat' dir='ltr'><strong>sunt,</strong></span> <span class='ocrx_word' id='word_1_95' title='bbox 1232 1050 1316 1110; x_wconf 81' lang='lat' dir='ltr'><strong>quae</strong></span> 
     </span>
     <span class='ocr_line' id='line_1_11' title="bbox 129 1105 1312 1200; baseline -0.009 -16"><span class='ocrx_word' id='word_1_96' title='bbox 129 1105 225 1184; x_wconf 30' lang='lat' dir='ltr'><strong>*nunc</strong></span> <span class='ocrx_word' id='word_1_97' title='bbox 242 1117 374 1200; x_wconf 88' lang='lat' dir='ltr'><strong>agitatis:</strong></span> <span class='ocrx_word' id='word_1_98' title='bbox 393 1108 538 1175; x_wconf 87' lang='lat' dir='ltr'><strong>ettamen</strong></span> <span class='ocrx_word' id='word_1_99' title='bbox 553 1115 726 1196; x_wconf 84' lang='lat' dir='ltr'><strong>singulatim</strong></span> <span class='ocrx_word' id='word_1_100' title='bbox 741 1115 830 1174; x_wconf 89' lang='lat' dir='ltr'><strong>etiam</strong></span> <span class='ocrx_word' id='word_1_101' title='bbox 845 1126 982 1173; x_wconf 88' lang='lat' dir='ltr'><strong>accurate</strong></span> <span class='ocrx_word' id='word_1_102' title='bbox 997 1115 1097 1174; x_wconf 85' lang='lat' dir='ltr'><strong>omnia</strong></span> <span class='ocrx_word' id='word_1_103' title='bbox 1113 1116 1226 1193; x_wconf 83' lang='lat' dir='ltr'><strong>dicam:</strong></span> <span class='ocrx_word' id='word_1_104' title='bbox 1245 1134 1312 1173; x_wconf 73' lang='lat' dir='ltr'><strong>mo..</strong></span> 
     </span>
     <span class='ocr_line' id='line_1_12' title="bbox 49 1197 1344 1299; baseline -0.004 -35"><span class='ocrx_word' id='word_1_105' title='bbox 49 1266 53 1283; x_wconf 47' lang='grc'><strong>,</strong></span> <span class='ocrx_word' id='word_1_106' title='bbox 143 1208 184 1269; x_wconf 89' lang='lat' dir='ltr'><strong>do</strong></span> <span class='ocrx_word' id='word_1_107' title='bbox 201 1205 264 1277; x_wconf 86' lang='lat' dir='ltr'><strong>illi,</strong></span> <span class='ocrx_word' id='word_1_108' title='bbox 281 1215 317 1262; x_wconf 91' lang='lat' dir='ltr'><strong>ut</strong></span> <span class='ocrx_word' id='word_1_109' title='bbox 331 1200 466 1281; x_wconf 83' lang='lat' dir='ltr'><strong>prompti</strong></span> <span class='ocrx_word' id='word_1_110' title='bbox 484 1212 555 1259; x_wconf 92' lang='lat' dir='ltr'><strong>sunt</strong></span> <span class='ocrx_word' id='word_1_111' title='bbox 572 1200 609 1258; x_wconf 91' lang='lat' dir='ltr'><strong>ad</strong></span> <span class='ocrx_word' id='word_1_112' title='bbox 626 1199 910 1289; x_wconf 82' lang='lat' dir='ltr'><strong>percontandum,</strong></span> <span class='ocrx_word' id='word_1_113' title='bbox 901 1197 942 1258; x_wconf 84' lang='grc' dir='ltr'><strong>ιιιΙ</strong></span> <span class='ocrx_word' id='word_1_114' title='bbox 961 1210 992 1258; x_wconf 90' lang='lat' dir='ltr'><strong>et</strong></span> <span class='ocrx_word' id='word_1_115' title='bbox 1008 1200 1046 1259; x_wconf 93' lang='lat' dir='ltr'><strong>ad</strong></span> <span class='ocrx_word' id='word_1_116' title='bbox 1062 1200 1127 1259; x_wconf 79' lang='lat' dir='ltr'><strong>rem</strong></span> <span class='ocrx_word' id='word_1_117' title='bbox 1146 1200 1344 1299; x_wconf 82' lang='lat' dir='ltr'><strong>gerendam·</strong></span> 
     </span>
     <span class='ocr_line' id='line_1_13' title="bbox 79 1279 1310 1365; baseline -0.007 -13"><span class='ocrx_word' id='word_1_118' title='bbox 79 1310 89 1321; x_wconf 87' lang='grc'><em>·</em></span> <span class='ocrx_word' id='word_1_119' title='bbox 128 1292 205 1353; x_wconf 72' lang='lat' dir='ltr'><strong>sint</strong></span> <span class='ocrx_word' id='word_1_120' title='bbox 230 1290 341 1348; x_wconf 83' lang='lat' dir='ltr'><strong>alacres</strong></span> <span class='ocrx_word' id='word_1_121' title='bbox 360 1298 391 1344; x_wconf 91' lang='lat' dir='ltr'><strong>et</strong></span> <span class='ocrx_word' id='word_1_122' title='bbox 408 1284 514 1365; x_wconf 17' lang='lat' dir='ltr'><strong>mperati</strong></span> <span class='ocrx_word' id='word_1_123' title='bbox 549 1283 700 1356; x_wconf 87' lang='lat' dir='ltr'><strong>Primum,</strong></span> <span class='ocrx_word' id='word_1_124' title='bbox 732 1279 958 1356; x_wconf 73' lang='lat' dir='ltr'><strong>Athenienses,</strong></span> <span class='ocrx_word' id='word_1_125' title='bbox 978 1305 1155 1363; x_wconf 89' lang='lat' dir='ltr'><strong>persuasum</strong></span> <span class='ocrx_word' id='word_1_126' title='bbox 1183 1284 1310 1345; x_wconf 90' lang='lat' dir='ltr'><strong>omnino</strong></span> 
     </span>
     <span class='ocr_line' id='line_1_14' title="bbox 56 1368 1308 1449; baseline -0.006 -13"><span class='ocrx_word' id='word_1_127' title='bbox 56 1418 59 1420; x_wconf 28' lang='lat' dir='ltr'>v</span> <span class='ocrx_word' id='word_1_128' title='bbox 143 1376 254 1436; x_wconf 88' lang='lat' dir='ltr'><strong>babere</strong></span> <span class='ocrx_word' id='word_1_129' title='bbox 274 1370 407 1432; x_wconf 88' lang='lat' dir='ltr'><strong>debetis.</strong></span> <span class='ocrx_word' id='word_1_130' title='bbox 432 1369 607 1448; x_wconf 86' lang='lat' dir='ltr'><strong>Philippum</strong></span> <span class='ocrx_word' id='word_1_131' title='bbox 626 1369 738 1428; x_wconf 86' lang='lat' dir='ltr'><strong>civitati</strong></span> <span class='ocrx_word' id='word_1_132' title='bbox 755 1382 875 1433; x_wconf 86' lang='lat' dir='ltr'><strong>nostrae</strong></span> <span class='ocrx_word' id='word_1_133' title='bbox 895 1368 1009 1428; x_wconf 90' lang='lat' dir='ltr'><strong>bellum</strong></span> <span class='ocrx_word' id='word_1_134' title='bbox 1026 1368 1164 1428; x_wconf 90' lang='lat' dir='ltr'><strong>intulisse</strong></span> <span class='ocrx_word' id='word_1_135' title='bbox 1190 1389 1308 1449; x_wconf 78' lang='lat' dir='ltr'><strong>paceau-</strong></span> 
     </span>
     <span class='ocr_line' id='line_1_15' title="bbox 126 1452 1309 1543; baseline -0.006 -24"><span class='ocrx_word' id='word_1_136' title='bbox 126 1481 204 1542; x_wconf 45' lang='lat' dir='ltr'><strong>,que</strong></span> <span class='ocrx_word' id='word_1_137' title='bbox 223 1457 370 1543; x_wconf 80' lang='lat' dir='ltr'><strong>violasse.</strong></span> <span class='ocrx_word' id='word_1_138' title='bbox 384 1474 475 1533; x_wconf 88' lang='lat' dir='ltr'><strong>quare</strong></span> <span class='ocrx_word' id='word_1_139' title='bbox 495 1455 532 1512; x_wconf 91' lang='lat' dir='ltr'><strong>de</strong></span> <span class='ocrx_word' id='word_1_140' title='bbox 551 1452 597 1511; x_wconf 90' lang='lat' dir='ltr'><strong>his</strong></span> <span class='ocrx_word' id='word_1_141' title='bbox 616 1454 744 1513; x_wconf 89' lang='lat' dir='ltr'><strong>desinite</strong></span> <span class='ocrx_word' id='word_1_142' title='bbox 763 1475 816 1514; x_wconf 85' lang='lat' dir='ltr'><strong>vos</strong></span> <span class='ocrx_word' id='word_1_143' title='bbox 842 1453 971 1512; x_wconf 90' lang='lat' dir='ltr'><strong>invicem</strong></span> <span class='ocrx_word' id='word_1_144' title='bbox 998 1475 1145 1515; x_wconf 83' lang='lat' dir='ltr'><strong>accusare</strong></span> <span class='ocrx_word' id='word_1_145' title='bbox 1180 1454 1309 1518; x_wconf 86' lang='lat' dir='ltr'><strong>Hostem</strong></span> 
     </span>
     <span class='ocr_line' id='line_1_16' title="bbox 135 1536 1310 1636; baseline -0.009 -29"><span class='ocrx_word' id='word_1_146' title='bbox 135 1553 391 1636; x_wconf 80' lang='lat' dir='ltr'><strong>,essepraeterea</strong></span> <span class='ocrx_word' id='word_1_147' title='bbox 402 1537 462 1597; x_wconf 89' lang='lat' dir='ltr'><strong>toti</strong></span> <span class='ocrx_word' id='word_1_148' title='bbox 478 1536 548 1596; x_wconf 90' lang='lat' dir='ltr'><strong>urbi</strong></span> <span class='ocrx_word' id='word_1_149' title='bbox 573 1549 604 1596; x_wconf 91' lang='lat' dir='ltr'><strong>et</strong></span> <span class='ocrx_word' id='word_1_150' title='bbox 621 1537 688 1597; x_wconf 90' lang='lat' dir='ltr'><strong>solo</strong></span> <span class='ocrx_word' id='word_1_151' title='bbox 713 1539 815 1599; x_wconf 89' lang='lat' dir='ltr'><strong>urbis·</strong></span> <span class='ocrx_word' id='word_1_152' title='bbox 840 1539 947 1597; x_wconf 81' lang='lat' dir='ltr'><strong>addam</strong></span> <span class='ocrx_word' id='word_1_153' title='bbox 965 1538 1074 1611; x_wconf 89' lang='lat' dir='ltr'><strong>etiam,</strong></span> <span class='ocrx_word' id='word_1_154' title='bbox 1093 1538 1236 1598; x_wconf 89' lang='lat' dir='ltr'><strong>omnibus</strong></span> <span class='ocrx_word' id='word_1_155' title='bbox 1255 1538 1310 1597; x_wconf 93' lang='lat' dir='ltr'><strong>ho-</strong></span> 
     </span>
     <span class='ocr_line' id='line_1_17' title="bbox 53 1621 1359 1705; baseline -0.005 -16"><span class='ocrx_word' id='word_1_156' title='bbox 53 1689 61 1695; x_wconf 68' lang='grc'>,</span> <span class='ocrx_word' id='word_1_157' title='bbox 144 1628 294 1698; x_wconf 89' lang='lat' dir='ltr'><strong>minibus,</strong></span> <span class='ocrx_word' id='word_1_158' title='bbox 313 1623 416 1704; x_wconf 89' lang='lat' dir='ltr'><strong>quiin</strong></span> <span class='ocrx_word' id='word_1_159' title='bbox 431 1622 508 1681; x_wconf 89' lang='lat' dir='ltr'><strong>urbe</strong></span> <span class='ocrx_word' id='word_1_160' title='bbox 527 1623 660 1704; x_wconf 82' lang='lat' dir='ltr'><strong>degunt,</strong></span> <span class='ocrx_word' id='word_1_161' title='bbox 678 1634 768 1705; x_wconf 86' lang='lat' dir='ltr'><strong>atque</strong></span> <span class='ocrx_word' id='word_1_162' title='bbox 786 1622 872 1682; x_wconf 92' lang='lat' dir='ltr'><strong>illis</strong></span> <span class='ocrx_word' id='word_1_163' title='bbox 863 1621 1027 1703; x_wconf 74' lang='lat' dir='ltr'><strong>imprimis,</strong></span> <span class='ocrx_word' id='word_1_164' title='bbox 1047 1623 1114 1702; x_wconf 92' lang='lat' dir='ltr'><strong>qui</strong></span> <span class='ocrx_word' id='word_1_165' title='bbox 1111 1643 1149 1682; x_wconf 91' lang='lat' dir='ltr'><strong>se</strong></span> <span class='ocrx_word' id='word_1_166' title='bbox 1168 1624 1200 1681; x_wconf 90' lang='lat' dir='ltr'><strong>iu</strong></span> <span class='ocrx_word' id='word_1_167' title='bbox 1219 1623 1311 1682; x_wconf 83' lang='lat' dir='ltr'><strong>maxi</strong></span> <span class='ocrx_word' id='word_1_168' title='bbox 1357 1626 1359 1631; x_wconf 81' lang='grc'><strong>’</strong></span> 
     </span>
     <span class='ocr_line' id='line_1_18' title="bbox 20 1705 1310 1789; baseline -0.005 -15"><span class='ocrx_word' id='word_1_169' title='bbox 20 1713 24 1727; x_wconf 83' lang='grc'>’</span> <span class='ocrx_word' id='word_1_170' title='bbox 145 1736 193 1774; x_wconf 90' lang='lat' dir='ltr'><strong>ma</strong></span> <span class='ocrx_word' id='word_1_171' title='bbox 212 1731 276 1771; x_wconf 90' lang='lat' dir='ltr'><strong>esse</strong></span> <span class='ocrx_word' id='word_1_172' title='bbox 295 1708 374 1788; x_wconf 92' lang='lat' dir='ltr'><strong>apud</strong></span> <span class='ocrx_word' id='word_1_173' title='bbox 393 1729 462 1766; x_wconf 93' lang='lat' dir='ltr'><strong>eum</strong></span> <span class='ocrx_word' id='word_1_174' title='bbox 479 1705 574 1788; x_wconf 85' lang='lat' dir='ltr'><strong>gratia</strong></span> <span class='ocrx_word' id='word_1_175' title='bbox 591 1718 705 1786; x_wconf 86' lang='lat' dir='ltr'><strong>putant</strong></span> <span class='ocrx_word' id='word_1_176' title='bbox 740 1708 874 1783; x_wconf 90' lang='lat' dir='ltr'><strong>Quod</strong></span> <span class='ocrx_word' id='word_1_177' title='bbox 851 1730 876 1766; x_wconf 82' lang='lat' dir='ltr'><strong>sa</strong></span> <span class='ocrx_word' id='word_1_178' title='bbox 894 1708 1011 1768; x_wconf 92' lang='lat' dir='ltr'><strong>creditu</strong></span> <span class='ocrx_word' id='word_1_179' title='bbox 1034 1707 1158 1789; x_wconf 80' lang='lat' dir='ltr'><strong>difficile</strong></span> <span class='ocrx_word' id='word_1_180' title='bbox 1174 1708 1310 1768; x_wconf 80' lang='lat' dir='ltr'><strong>videtur:</strong></span> 
     </span>
     <span class='ocr_line' id='line_1_19' title="bbox 103 1791 1348 1892; baseline -0.006 -34"><span class='ocrx_word' id='word_1_181' title='bbox 103 1871 106 1874; x_wconf 83' lang='lat'>.</span> <span class='ocrx_word' id='word_1_182' title='bbox 145 1798 322 1858; x_wconf 86' lang='lat' dir='ltr'><strong>intueantur</strong></span> <span class='ocrx_word' id='word_1_183' title='bbox 336 1791 554 1874; x_wconf 81' lang='lat' dir='ltr'><strong>Euthycratem</strong></span> <span class='ocrx_word' id='word_1_184' title='bbox 573 1804 604 1849; x_wconf 91' lang='lat' dir='ltr'><strong>et</strong></span> <span class='ocrx_word' id='word_1_185' title='bbox 620 1791 800 1853; x_wconf 78' lang='lat' dir='ltr'><strong>Lasthenen:</strong></span> <span class='ocrx_word' id='word_1_186' title='bbox 819 1791 998 1876; x_wconf 79' lang='lat' dir='ltr'><strong>Olynthios:</strong></span> <span class='ocrx_word' id='word_1_187' title='bbox 1024 1793 1110 1892; x_wconf 42' lang='lat' dir='ltr'><strong>qui,.</strong></span> <span class='ocrx_word' id='word_1_188' title='bbox 1111 1792 1229 1866; x_wconf 62' lang='lat' dir='ltr'><strong>cumaei</strong></span> <span class='ocrx_word' id='word_1_189' title='bbox 1246 1811 1348 1852; x_wconf 85' lang='lat' dir='ltr'><strong>esse</strong></span> 
     </span>
     <span class='ocr_line' id='line_1_20' title="bbox 31 1869 1321 1959; baseline -0.005 -17"><span class='ocrx_word' id='word_1_190' title='bbox 31 1869 54 1928; x_wconf 28' lang='lat' dir='ltr'><strong>x·</strong></span> <span class='ocrx_word' id='word_1_191' title='bbox 89 1898 91 1903; x_wconf 85' lang='lat'>&#39;</span> <span class='ocrx_word' id='word_1_192' title='bbox 146 1880 246 1943; x_wconf 91' lang='lat' dir='ltr'><strong>intimi</strong></span> <span class='ocrx_word' id='word_1_193' title='bbox 263 1878 466 1955; x_wconf 83' lang='lat' dir='ltr'><strong>viderentur,</strong></span> <span class='ocrx_word' id='word_1_194' title='bbox 479 1879 641 1955; x_wconf 76' lang='lat' dir='ltr'><strong>postquam</strong></span> <span class='ocrx_word' id='word_1_195' title='bbox 658 1876 765 1936; x_wconf 89' lang='lat' dir='ltr'><strong>urbem</strong></span> <span class='ocrx_word' id='word_1_196' title='bbox 782 1879 1000 1959; x_wconf 81' lang='lat' dir='ltr'><strong>prodiderunt,</strong></span> <span class='ocrx_word' id='word_1_197' title='bbox 1029 1879 1165 1938; x_wconf 88' lang='lat' dir='ltr'><strong>omnium</strong></span> <span class='ocrx_word' id='word_1_198' title='bbox 1183 1878 1321 1959; x_wconf 88' lang='lat' dir='ltr'><strong>pessime</strong></span> 
     </span>
     <span class='ocr_line' id='line_1_21' title="bbox 79 1950 1351 2063; baseline -0.005 -36"><span class='ocrx_word' id='word_1_199' title='bbox 79 1960 90 1985; x_wconf 70' lang='lat'><em>&#39;</em></span> <span class='ocrx_word' id='word_1_200' title='bbox 146 1966 310 2050; x_wconf 75' lang='lat' dir='ltr'><strong>perierunt</strong></span> <span class='ocrx_word' id='word_1_201' title='bbox 336 1950 421 2020; x_wconf 90' lang='lat' dir='ltr'><strong>Nulli</strong></span> <span class='ocrx_word' id='word_1_202' title='bbox 437 1972 539 2020; x_wconf 89' lang='lat' dir='ltr'><strong>tamen</strong></span> <span class='ocrx_word' id='word_1_203' title='bbox 556 1960 601 2020; x_wconf 90' lang='lat' dir='ltr'><strong>rei</strong></span> <span class='ocrx_word' id='word_1_204' title='bbox 619 1973 678 2020; x_wconf 91' lang='lat' dir='ltr'><strong>tam</strong></span> <span class='ocrx_word' id='word_1_205' title='bbox 697 1961 824 2025; x_wconf 85' lang='lat' dir='ltr'><strong>infense</strong></span> <span class='ocrx_word' id='word_1_206' title='bbox 844 1966 1018 2025; x_wconf 85' lang='lat' dir='ltr'><strong>adversatur</strong></span> <span class='ocrx_word' id='word_1_207' title='bbox 1029 1976 1125 2063; x_wconf 91' lang='lat' dir='ltr'><strong>atque</strong></span> <span class='ocrx_word' id='word_1_208' title='bbox 1143 1964 1351 2035; x_wconf 88' lang='lat' dir='ltr'><strong>insidiatur,</strong></span> 
     </span>
     <span class='ocr_line' id='line_1_22' title="bbox 46 2042 1313 2129; baseline -0.007 -16"><span class='ocrx_word' id='word_1_209' title='bbox 46 2078 51 2087; x_wconf 68' lang='grc'><strong>’</strong></span> <span class='ocrx_word' id='word_1_210' title='bbox 92 2079 98 2084; x_wconf 89' lang='grc'><em>·</em></span> <span class='ocrx_word' id='word_1_211' title='bbox 146 2065 184 2113; x_wconf 81' lang='lat' dir='ltr'><strong>ut</strong></span> <span class='ocrx_word' id='word_1_212' title='bbox 200 2047 331 2111; x_wconf 87' lang='lat' dir='ltr'><strong>libertati</strong></span> <span class='ocrx_word' id='word_1_213' title='bbox 354 2058 474 2107; x_wconf 84' lang='lat' dir='ltr'><strong>nostrae</strong></span> <span class='ocrx_word' id='word_1_214' title='bbox 492 2045 591 2105; x_wconf 89' lang='lat' dir='ltr'><strong>urbis:</strong></span> <span class='ocrx_word' id='word_1_215' title='bbox 617 2068 673 2106; x_wconf 92' lang='lat' dir='ltr'><strong>nec</strong></span> <span class='ocrx_word' id='word_1_216' title='bbox 690 2049 723 2108; x_wconf 89' lang='lat' dir='ltr'><strong>in</strong></span> <span class='ocrx_word' id='word_1_217' title='bbox 750 2051 910 2129; x_wconf 88' lang='lat' dir='ltr'><strong>quicquam</strong></span> <span class='ocrx_word' id='word_1_218' title='bbox 937 2042 1038 2109; x_wconf 86' lang='lat' dir='ltr'><strong>aliud‘</strong></span> <span class='ocrx_word' id='word_1_219' title='bbox 1041 2061 1127 2110; x_wconf 83' lang='lat' dir='ltr'><strong>tanto</strong></span> <span class='ocrx_word' id='word_1_220' title='bbox 1146 2046 1275 2107; x_wconf 90' lang='lat' dir='ltr'><strong>studio</strong></span> <span class='ocrx_word' id='word_1_221' title='bbox 1266 2053 1313 2105; x_wconf 84' lang='grc' dir='ltr'>ιιι-</span> 
     </span>
     <span class='ocr_line' id='line_1_23' title="bbox 140 2129 1330 2236; baseline -0.008 -38"><span class='ocrx_word' id='word_1_222' title='bbox 140 2134 281 2236; x_wconf 80' lang='lat' dir='ltr'><strong>&#39;cumbit,</strong></span> <span class='ocrx_word' id='word_1_223' title='bbox 307 2154 397 2212; x_wconf 87' lang='lat' dir='ltr'><strong>quam</strong></span> <span class='ocrx_word' id='word_1_224' title='bbox 416 2143 452 2191; x_wconf 90' lang='lat' dir='ltr'><strong>ut</strong></span> <span class='ocrx_word' id='word_1_225' title='bbox 478 2130 555 2191; x_wconf 91' lang='lat' dir='ltr'><strong>hanc</strong></span> <span class='ocrx_word' id='word_1_226' title='bbox 573 2133 761 2194; x_wconf 88' lang='lat' dir='ltr'><strong>demoliatur</strong></span> <span class='ocrx_word' id='word_1_227' title='bbox 786 2136 890 2213; x_wconf 71' lang='lat' dir='ltr'><strong>idque</strong></span> <span class='ocrx_word' id='word_1_228' title='bbox 910 2156 990 2193; x_wconf 92' lang='lat' dir='ltr'><strong>nuuc</strong></span> <span class='ocrx_word' id='word_1_229' title='bbox 1016 2134 1141 2213; x_wconf 90' lang='lat' dir='ltr'><strong>quidem</strong></span> <span class='ocrx_word' id='word_1_230' title='bbox 1165 2129 1239 2192; x_wconf 82' lang='lat' dir='ltr'><strong>non</strong></span> <span class='ocrx_word' id='word_1_231' title='bbox 1249 2131 1330 2191; x_wconf 90' lang='lat' dir='ltr'><strong>sine</strong></span> 
     </span>
     <span class='ocr_line' id='line_1_24' title="bbox 149 2216 1315 2305; baseline -0.003 -26"><span class='ocrx_word' id='word_1_232' title='bbox 149 2221 267 2293; x_wconf 75' lang='grc' dir='ltr'>ιιιίοιιι</span> <span class='ocrx_word' id='word_1_233' title='bbox 283 2218 506 2298; x_wconf 82' lang='lat' dir='ltr'><strong>propemodum</strong></span> <span class='ocrx_word' id='word_1_234' title='bbox 523 2218 591 2300; x_wconf 86' lang='lat' dir='ltr'><strong>agit</strong></span> <span class='ocrx_word' id='word_1_235' title='bbox 616 2217 693 2278; x_wconf 85' lang='lat' dir='ltr'><strong>Satis</strong></span> <span class='ocrx_word' id='word_1_236' title='bbox 713 2219 793 2279; x_wconf 90' lang='lat' dir='ltr'><strong>enim</strong></span> <span class='ocrx_word' id='word_1_237' title='bbox 812 2219 870 2283; x_wconf 87' lang='lat' dir='ltr'><strong>boc</strong></span> <span class='ocrx_word' id='word_1_238' title='bbox 888 2230 1079 2305; x_wconf 77' lang='lat' dir='ltr'><strong>perspectum</strong></span> <span class='ocrx_word' id='word_1_239' title='bbox 1097 2217 1205 2278; x_wconf 89' lang='lat' dir='ltr'><strong>habet.</strong></span> <span class='ocrx_word' id='word_1_240' title='bbox 1224 2216 1315 2276; x_wconf 87' lang='lat' dir='ltr'><strong>etiam</strong></span> 
     </span>
     <span class='ocr_line' id='line_1_25' title="bbox 77 2289 1315 2377; baseline -0.006 -10"><span class='ocrx_word' id='word_1_241' title='bbox 77 2317 80 2327; x_wconf 79' lang='lat'><em>&#39;</em></span> <span class='ocrx_word' id='word_1_242' title='bbox 149 2308 177 2371; x_wconf 87' lang='lat' dir='ltr'><strong>si</strong></span> <span class='ocrx_word' id='word_1_243' title='bbox 195 2317 328 2366; x_wconf 89' lang='lat' dir='ltr'><strong>caeteros</strong></span> <span class='ocrx_word' id='word_1_244' title='bbox 349 2322 453 2362; x_wconf 90' lang='lat' dir='ltr'><strong>omnes</strong></span> <span class='ocrx_word' id='word_1_245' title='bbox 472 2323 557 2361; x_wconf 90' lang='lat' dir='ltr'><strong>suae</strong></span> <span class='ocrx_word' id='word_1_246' title='bbox 569 2289 770 2362; x_wconf 89' lang='lat' dir='ltr'><strong>dominationi</strong></span> <span class='ocrx_word' id='word_1_247' title='bbox 795 2300 976 2377; x_wconf 87' lang='lat' dir='ltr'><strong>subiecerit,</strong></span> <span class='ocrx_word' id='word_1_248' title='bbox 1002 2325 1034 2363; x_wconf 91' lang='lat' dir='ltr'><strong>se</strong></span> <span class='ocrx_word' id='word_1_249' title='bbox 1051 2317 1153 2362; x_wconf 91' lang='lat' dir='ltr'><strong>tamen</strong></span> <span class='ocrx_word' id='word_1_250' title='bbox 1172 2301 1284 2361; x_wconf 93' lang='lat' dir='ltr'><strong>nihil</strong></span> <span class='ocrx_word' id='word_1_251' title='bbox 1267 2320 1315 2361; x_wconf 89' lang='lat' dir='ltr'><strong>se-</strong></span> 
     </span>
     <span class='ocr_line' id='line_1_26' title="bbox 150 2387 1316 2489; baseline -0.009 -36"><span class='ocrx_word' id='word_1_252' title='bbox 150 2412 221 2454; x_wconf 90' lang='lat' dir='ltr'><strong>cure</strong></span> <span class='ocrx_word' id='word_1_253' title='bbox 239 2400 473 2489; x_wconf 86' lang='lat' dir='ltr'><strong>constanterque</strong></span> <span class='ocrx_word' id='word_1_254' title='bbox 490 2388 605 2447; x_wconf 84' lang='lat' dir='ltr'><strong>tenere</strong></span> <span class='ocrx_word' id='word_1_255' title='bbox 613 2408 719 2467; x_wconf 86' lang='lat' dir='ltr'><strong>posse,</strong></span> <span class='ocrx_word' id='word_1_256' title='bbox 744 2389 816 2447; x_wconf 92' lang='lat' dir='ltr'><strong>dum</strong></span> <span class='ocrx_word' id='word_1_257' title='bbox 833 2410 888 2448; x_wconf 89' lang='lat' dir='ltr'><strong>vos</strong></span> <span class='ocrx_word' id='word_1_258' title='bbox 906 2389 1045 2448; x_wconf 87' lang='lat' dir='ltr'><strong>libertate</strong></span> <span class='ocrx_word' id='word_1_259' title='bbox 1062 2387 1219 2447; x_wconf 85' lang='lat' dir='ltr'><strong>fruamini:</strong></span> <span class='ocrx_word' id='word_1_260' title='bbox 1245 2407 1316 2445; x_wconf 91' lang='lat' dir='ltr'><strong>nam</strong></span> 
     </span>
     <span class='ocr_line' id='line_1_27' title="bbox 133 2471 1353 2556; baseline -0.005 -22"><span class='ocrx_word' id='word_1_261' title='bbox 133 2478 178 2539; x_wconf 47' lang='lat' dir='ltr'><strong>:si</strong></span> <span class='ocrx_word' id='word_1_262' title='bbox 194 2475 248 2556; x_wconf 93' lang='lat' dir='ltr'><strong>qui</strong></span> <span class='ocrx_word' id='word_1_263' title='bbox 267 2478 351 2535; x_wconf 75' lang='lat' dir='ltr'><strong>&#39;casus</strong></span> <span class='ocrx_word' id='word_1_264' title='bbox 376 2472 518 2531; x_wconf 89' lang='lat' dir='ltr'><strong>adversus</strong></span> <span class='ocrx_word' id='word_1_265' title='bbox 545 2472 686 2532; x_wconf 87' lang='lat' dir='ltr'><strong>inciderit</strong></span> <span class='ocrx_word' id='word_1_266' title='bbox 703 2471 821 2554; x_wconf 80' lang='lat' dir='ltr'><strong>(quales</strong></span> <span class='ocrx_word' id='word_1_267' title='bbox 848 2473 964 2532; x_wconf 91' lang='lat' dir='ltr'><strong>homini</strong></span> <span class='ocrx_word' id='word_1_268' title='bbox 990 2474 1112 2533; x_wconf 83' lang='lat' dir='ltr'><strong>evenire</strong></span> <span class='ocrx_word' id='word_1_269' title='bbox 1136 2472 1225 2531; x_wconf 89' lang='lat' dir='ltr'><strong>multi</strong></span> <span class='ocrx_word' id='word_1_270' title='bbox 1243 2490 1316 2551; x_wconf 83' lang='lat' dir='ltr'><strong>pos·¹</strong></span> <span class='ocrx_word' id='word_1_271' title='bbox 1342 2488 1353 2514; x_wconf 66' lang='grc' dir='ltr'><strong>ι</strong></span> 
     </span>
     <span class='ocr_line' id='line_1_28' title="bbox 149 2556 1317 2641; baseline -0.005 -21"><span class='ocrx_word' id='word_1_272' title='bbox 149 2557 246 2641; x_wconf 80' lang='lat' dir='ltr'><strong>sunt),</strong></span> <span class='ocrx_word' id='word_1_273' title='bbox 264 2559 340 2630; x_wconf 82' lang='lat' dir='ltr'><strong>lore,</strong></span> <span class='ocrx_word' id='word_1_274' title='bbox 358 2570 393 2616; x_wconf 90' lang='lat' dir='ltr'><strong>ut</strong></span> <span class='ocrx_word' id='word_1_275' title='bbox 412 2577 527 2629; x_wconf 87' lang='lat' dir='ltr'><strong>omnes,</strong></span> <span class='ocrx_word' id='word_1_276' title='bbox 546 2556 598 2635; x_wconf 91' lang='lat' dir='ltr'><strong>qui</strong></span> <span class='ocrx_word' id='word_1_277' title='bbox 616 2557 674 2616; x_wconf 87' lang='lat' dir='ltr'><strong>iam</strong></span> <span class='ocrx_word' id='word_1_278' title='bbox 691 2580 722 2616; x_wconf 84' lang='lat' dir='ltr'><strong>vr</strong></span> <span class='ocrx_word' id='word_1_279' title='bbox 714 2557 856 2618; x_wconf 86' lang='lat' dir='ltr'><strong>subacti</strong></span> <span class='ocrx_word' id='word_1_280' title='bbox 873 2558 918 2617; x_wconf 93' lang='lat' dir='ltr'><strong>illi</strong></span> <span class='ocrx_word' id='word_1_281' title='bbox 935 2570 1060 2638; x_wconf 86' lang='lat' dir='ltr'><strong>parent,</strong></span> <span class='ocrx_word' id='word_1_282' title='bbox 1079 2559 1117 2617; x_wconf 93' lang='lat' dir='ltr'><strong>ad</strong></span> <span class='ocrx_word' id='word_1_283' title='bbox 1134 2578 1188 2618; x_wconf 88' lang='lat' dir='ltr'><strong>vos</strong></span> <span class='ocrx_word' id='word_1_284' title='bbox 1207 2556 1317 2616; x_wconf 86' lang='lat' dir='ltr'><strong>conlu-</strong></span> 
     </span>
     <span class='ocr_line' id='line_1_29' title="bbox 77 2639 1317 2730; baseline -0.006 -26"><span class='ocrx_word' id='word_1_285' title='bbox 77 2686 81 2692; x_wconf 67' lang='grc'><strong>«</strong></span> <span class='ocrx_word' id='word_1_286' title='bbox 150 2646 242 2730; x_wconf 85' lang='lat' dir='ltr'><strong>giaut.</strong></span> <span class='ocrx_word' id='word_1_287' title='bbox 261 2645 307 2701; x_wconf 87' lang='grc' dir='ltr'><strong>ιιι</strong></span> <span class='ocrx_word' id='word_1_288' title='bbox 322 2642 403 2701; x_wconf 89' lang='lat' dir='ltr'><strong>enim</strong></span> <span class='ocrx_word' id='word_1_289' title='bbox 420 2662 468 2699; x_wconf 89' lang='lat' dir='ltr'><strong>res</strong></span> <span class='ocrx_word' id='word_1_290' title='bbox 488 2640 585 2701; x_wconf 87' lang='lat' dir='ltr'><strong>habet.</strong></span> <span class='ocrx_word' id='word_1_291' title='bbox 611 2661 674 2701; x_wconf 90' lang='lat' dir='ltr'><strong>nou</strong></span> <span class='ocrx_word' id='word_1_292' title='bbox 693 2663 727 2701; x_wconf 88' lang='lat' dir='ltr'><strong>ea</strong></span> <span class='ocrx_word' id='word_1_293' title='bbox 741 2655 842 2701; x_wconf 86' lang='lat' dir='ltr'><strong>vestra</strong></span> <span class='ocrx_word' id='word_1_294' title='bbox 856 2643 988 2724; x_wconf 63' lang='lat' dir='ltr'><strong>‘ingenia</strong></span> <span class='ocrx_word' id='word_1_295' title='bbox 1011 2655 1097 2716; x_wconf 85' lang='lat' dir='ltr'><strong>sunt,</strong></span> <span class='ocrx_word' id='word_1_296' title='bbox 1121 2655 1158 2702; x_wconf 92' lang='lat' dir='ltr'><strong>ut</strong></span> <span class='ocrx_word' id='word_1_297' title='bbox 1173 2642 1231 2722; x_wconf 80' lang='lat' dir='ltr'><strong>ipsi</strong></span> <span class='ocrx_word' id='word_1_298' title='bbox 1222 2639 1317 2699; x_wconf 89' lang='lat' dir='ltr'><strong>aliis</strong></span> 
     </span>
     <span class='ocr_line' id='line_1_30' title="bbox 40 2725 1318 2810; baseline -0.003 -22"><span class='ocrx_word' id='word_1_299' title='bbox 40 2733 44 2745; x_wconf 85' lang='lat'>&#39;</span> <span class='ocrx_word' id='word_1_300' title='bbox 150 2731 181 2792; x_wconf 81' lang='lat' dir='ltr'><strong>vi</strong></span> <span class='ocrx_word' id='word_1_301' title='bbox 201 2728 350 2808; x_wconf 86' lang='lat' dir='ltr'><strong>oppressis</strong></span> <span class='ocrx_word' id='word_1_302' title='bbox 377 2725 502 2805; x_wconf 86' lang='lat' dir='ltr'><strong>imperia</strong></span> <span class='ocrx_word' id='word_1_303' title='bbox 519 2725 661 2785; x_wconf 86' lang='lat' dir='ltr'><strong>teneatis:</strong></span> <span class='ocrx_word' id='word_1_304' title='bbox 680 2726 760 2786; x_wconf 88' lang='lat' dir='ltr'><strong>sed</strong></span> <span class='ocrx_word' id='word_1_305' title='bbox 751 2748 783 2785; x_wconf 88' lang='lat' dir='ltr'><strong>m</strong></span> <span class='ocrx_word' id='word_1_306' title='bbox 800 2746 839 2786; x_wconf 90' lang='lat' dir='ltr'><strong>eo</strong></span> <span class='ocrx_word' id='word_1_307' title='bbox 858 2749 984 2810; x_wconf 87' lang='lat' dir='ltr'><strong>magnae</strong></span> <span class='ocrx_word' id='word_1_308' title='bbox 1002 2741 1075 2788; x_wconf 90' lang='lat' dir='ltr'><strong>sunt</strong></span> <span class='ocrx_word' id='word_1_309' title='bbox 1090 2727 1167 2787; x_wconf 80' lang='lat' dir='ltr'><strong>vires¹</strong></span> <span class='ocrx_word' id='word_1_310' title='bbox 1187 2739 1318 2796; x_wconf 77' lang='lat' dir='ltr'><strong>vestrae,</strong></span> 
     </span>
     <span class='ocr_line' id='line_1_31' title="bbox 56 2809 1318 2894; baseline -0.007 -18"><span class='ocrx_word' id='word_1_311' title='bbox 56 2812 62 2825; x_wconf 84' lang='lat'><em>&#39;</em></span> <span class='ocrx_word' id='word_1_312' title='bbox 149 2827 186 2876; x_wconf 91' lang='lat' dir='ltr'><strong>ut</strong></span> <span class='ocrx_word' id='word_1_313' title='bbox 203 2812 293 2872; x_wconf 91' lang='lat' dir='ltr'><strong>alium</strong></span> <span class='ocrx_word' id='word_1_314' title='bbox 318 2810 411 2890; x_wconf 83' lang='lat' dir='ltr'><strong>potiri</strong></span> <span class='ocrx_word' id='word_1_315' title='bbox 434 2809 604 2890; x_wconf 89' lang='lat' dir='ltr'><strong>principatu</strong></span> <span class='ocrx_word' id='word_1_316' title='bbox 629 2810 833 2890; x_wconf 80' lang='lat' dir='ltr'><strong>prohibeatis,</strong></span> <span class='ocrx_word' id='word_1_317' title='bbox 858 2824 910 2872; x_wconf 77' lang='lat' dir='ltr'><strong>arn</strong></span> <span class='ocrx_word' id='word_1_318' title='bbox 929 2833 966 2872; x_wconf 87' lang='lat' dir='ltr'><strong>eo</strong></span> <span class='ocrx_word' id='word_1_319' title='bbox 984 2812 1115 2894; x_wconf 88' lang='lat' dir='ltr'><strong>potitum</strong></span> <span class='ocrx_word' id='word_1_320' title='bbox 1142 2809 1318 2871; x_wconf 76' lang='lat' dir='ltr'><strong>exturbetis.</strong></span> 
     </span>
     <span class='ocr_line' id='line_1_32' title="bbox 150 2882 1318 2993; baseline -0.007 -34"><span class='ocrx_word' id='word_1_321' title='bbox 150 2882 292 2975; x_wconf 84' lang='lat' dir='ltr'><strong>Denique</strong></span> <span class='ocrx_word' id='word_1_322' title='bbox 319 2894 564 2954; x_wconf 76' lang='lat' dir='ltr'><strong>affectantibus</strong></span> <span class='ocrx_word' id='word_1_323' title='bbox 555 2894 715 2993; x_wconf 77' lang='lat' dir='ltr'><strong>imperium</strong></span> <span class='ocrx_word' id='word_1_324' title='bbox 741 2896 887 2956; x_wconf 83' lang='lat' dir='ltr'><strong>lacessere</strong></span> <span class='ocrx_word' id='word_1_325' title='bbox 915 2897 1097 2980; x_wconf 82' lang='lat' dir='ltr'><strong>negotium,</strong></span> <span class='ocrx_word' id='word_1_326' title='bbox 1111 2909 1147 2957; x_wconf 79' lang='lat' dir='ltr'><strong>et</strong></span> <span class='ocrx_word' id='word_1_327' title='bbox 1173 2894 1318 2955; x_wconf 86' lang='lat' dir='ltr'><strong>omuibus</strong></span> 
     </span>
     <span class='ocr_line' id='line_1_33' title="bbox 128 2978 1319 3065; baseline -0.006 -21"><span class='ocrx_word' id='word_1_328' title='bbox 128 3026 131 3031; x_wconf 93' lang='lat'><em>-</em></span> <span class='ocrx_word' id='word_1_329' title='bbox 151 2979 326 3044; x_wconf 90' lang='lat' dir='ltr'><strong>homiuibus</strong></span> <span class='ocrx_word' id='word_1_330' title='bbox 345 2978 515 3039; x_wconf 87' lang='lat' dir='ltr'><strong>libertatem</strong></span> <span class='ocrx_word' id='word_1_331' title='bbox 532 2979 693 3039; x_wconf 84' lang='lat' dir='ltr'><strong>restituere</strong></span> <span class='ocrx_word' id='word_1_332' title='bbox 711 2981 806 3060; x_wconf 89' lang='lat' dir='ltr'><strong>parati</strong></span> <span class='ocrx_word' id='word_1_333' title='bbox 825 2982 902 3047; x_wconf 86' lang='lat' dir='ltr'><strong>estis</strong></span> <span class='ocrx_word' id='word_1_334' title='bbox 934 2983 1032 3042; x_wconf 85' lang='lat' dir='ltr'><strong>N&#39;on</strong></span> <span class='ocrx_word' id='word_1_335' title='bbox 1023 2983 1116 3065; x_wconf 74' lang='lat' dir='ltr'><strong>igitur</strong></span> <span class='ocrx_word' id='word_1_336' title='bbox 1128 2981 1207 3053; x_wconf 74' lang='lat' dir='ltr'><strong>uult,</strong></span> <span class='ocrx_word' id='word_1_337' title='bbox 1222 2979 1319 3038; x_wconf 91' lang='lat' dir='ltr'><strong>liber</strong></span> 
     </span>
     <span class='ocr_line' id='line_1_34' title="bbox 124 3062 1319 3146; baseline -0.005 -17"><span class='ocrx_word' id='word_1_338' title='bbox 124 3087 127 3090; x_wconf 53' lang='lat'><strong>⁴</strong></span> <span class='ocrx_word' id='word_1_339' title='bbox 151 3080 246 3129; x_wconf 84' lang='lat' dir='ltr'><strong>tatem</strong></span> <span class='ocrx_word' id='word_1_340' title='bbox 256 3078 397 3125; x_wconf 86' lang='lat' dir='ltr'><strong>nostram</strong></span> <span class='ocrx_word' id='word_1_341' title='bbox 414 3063 476 3123; x_wconf 90' lang='lat' dir='ltr'><strong>suis</strong></span> <span class='ocrx_word' id='word_1_342' title='bbox 494 3062 651 3124; x_wconf 88' lang='lat' dir='ltr'><strong>imminere</strong></span> <span class='ocrx_word' id='word_1_343' title='bbox 668 3065 864 3146; x_wconf 87' lang='lat' dir='ltr'><strong>temporibus</strong></span> <span class='ocrx_word' id='word_1_344' title='bbox 882 3067 1010 3127; x_wconf 92' lang='lat' dir='ltr'><strong>multum</strong></span> <span class='ocrx_word' id='word_1_345' title='bbox 1029 3067 1124 3141; x_wconf 83' lang='lat' dir='ltr'><strong>abest,</strong></span> <span class='ocrx_word' id='word_1_346' title='bbox 1137 3079 1176 3126; x_wconf 90' lang='lat' dir='ltr'><strong>ut</strong></span> <span class='ocrx_word' id='word_1_347' title='bbox 1184 3065 1251 3124; x_wconf 91' lang='lat' dir='ltr'><strong>-hoc</strong></span> <span class='ocrx_word' id='word_1_348' title='bbox 1265 3076 1319 3124; x_wconf 76' lang='grc' dir='ltr'><strong>ιε-</strong></span> 
     </span>
     <span class='ocr_line' id='line_1_35' title="bbox 51 3147 1319 3232; baseline -0.002 -21.892"><span class='ocrx_word' id='word_1_349' title='bbox 51 3151 135 3210; x_wconf 81' lang='grc'><strong>65</strong></span> <span class='ocrx_word' id='word_1_350' title='bbox 154 3153 208 3226; x_wconf 83' lang='lat' dir='ltr'><strong>lit,</strong></span> <span class='ocrx_word' id='word_1_351' title='bbox 218 3173 287 3212; x_wconf 89' lang='lat' dir='ltr'><strong>cum</strong></span> <span class='ocrx_word' id='word_1_352' title='bbox 304 3172 369 3210; x_wconf 91' lang='lat' dir='ltr'><strong>rem</strong></span> <span class='ocrx_word' id='word_1_353' title='bbox 387 3171 450 3209; x_wconf 89' lang='lat' dir='ltr'><strong>non</strong></span> <span class='ocrx_word' id='word_1_354' title='bbox 468 3148 556 3222; x_wconf 91' lang='lat' dir='ltr'><strong>male,</strong></span> <span class='ocrx_word' id='word_1_355' title='bbox 573 3170 631 3208; x_wconf 92' lang='lat' dir='ltr'><strong>nec</strong></span> <span class='ocrx_word' id='word_1_356' title='bbox 648 3151 782 3232; x_wconf 89' lang='lat' dir='ltr'><strong>segniter</strong></span> <span class='ocrx_word' id='word_1_357' title='bbox 799 3152 978 3220; x_wconf 85' lang='lat' dir='ltr'><strong>consideret</strong></span> <span class='ocrx_word' id='word_1_358' title='bbox 1012 3151 1173 3211; x_wconf 89' lang='lat' dir='ltr'><strong>Primum</strong></span> <span class='ocrx_word' id='word_1_359' title='bbox 1160 3150 1259 3232; x_wconf 73' lang='lat' dir='ltr'><strong>igitur</strong></span> <span class='ocrx_word' id='word_1_360' title='bbox 1277 3147 1319 3208; x_wconf 93' lang='lat' dir='ltr'><strong>oh</strong></span> 
     </span>
     <span class='ocr_line' id='line_1_36' title="bbox 110 3232 1350 3317; baseline -0.003 -21"><span class='ocrx_word' id='word_1_361' title='bbox 110 3268 133 3312; x_wconf 85' lang='lat'><strong>.·</strong></span> <span class='ocrx_word' id='word_1_362' title='bbox 151 3238 211 3305; x_wconf 88' lang='lat' dir='ltr'><strong>hoc</strong></span> <span class='ocrx_word' id='word_1_363' title='bbox 241 3236 470 3294; x_wconf 83' lang='lat' dir='ltr'><strong>existimandum</strong></span> <span class='ocrx_word' id='word_1_364' title='bbox 490 3246 550 3305; x_wconf 86' lang='lat' dir='ltr'><strong>est,</strong></span> <span class='ocrx_word' id='word_1_365' title='bbox 576 3235 695 3294; x_wconf 88' lang='lat' dir='ltr'><strong>hostem</strong></span> <span class='ocrx_word' id='word_1_366' title='bbox 718 3235 804 3295; x_wconf 88' lang='lat' dir='ltr'><strong>illum</strong></span> <span class='ocrx_word' id='word_1_367' title='bbox 830 3236 897 3296; x_wconf 81' lang='lat' dir='ltr'><strong>esse</strong></span> <span class='ocrx_word' id='word_1_368' title='bbox 910 3236 1102 3317; x_wconf 82' lang='lat' dir='ltr'><strong>reipublicae</strong></span> <span class='ocrx_word' id='word_1_369' title='bbox 1116 3259 1153 3296; x_wconf 86' lang='lat' dir='ltr'><strong>ac</strong></span> <span class='ocrx_word' id='word_1_370' title='bbox 1171 3232 1350 3294; x_wconf 85' lang='lat' dir='ltr'><strong>libertatis</strong></span> 
     </span>
     <span class='ocr_line' id='line_1_37' title="bbox 151 3309 1320 3417; baseline -0.006 -34"><span class='ocrx_word' id='word_1_371' title='bbox 151 3318 441 3383; x_wconf 87' lang='lat' dir='ltr'><strong>irreconciliabilem.</strong></span> <span class='ocrx_word' id='word_1_372' title='bbox 460 3319 648 3417; x_wconf 76' lang='lat' dir='ltr'><strong>Quodnisi</strong></span> <span class='ocrx_word' id='word_1_373' title='bbox 666 3320 771 3379; x_wconf 90' lang='lat' dir='ltr'><strong>animis</strong></span> <span class='ocrx_word' id='word_1_374' title='bbox 796 3321 901 3380; x_wconf 87' lang='lat' dir='ltr'><strong>vestris</strong></span> <span class='ocrx_word' id='word_1_375' title='bbox 920 3322 1045 3381; x_wconf 88' lang='lat' dir='ltr'><strong>infixum</strong></span> <span class='ocrx_word' id='word_1_376' title='bbox 1063 3309 1190 3382; x_wconf 79' lang='lat' dir='ltr'><strong>sederit:</strong></span> <span class='ocrx_word' id='word_1_377' title='bbox 1214 3321 1320 3379; x_wconf 86' lang='lat' dir='ltr'><strong>rerum</strong></span> 
     </span>
     <span class='ocr_line' id='line_1_38' title="bbox 147 3388 1320 3493; baseline -0.003 -30"><span class='ocrx_word' id='word_1_378' title='bbox 147 3412 255 3469; x_wconf 68' lang='lat' dir='ltr'><strong>,curam</strong></span> <span class='ocrx_word' id='word_1_379' title='bbox 273 3404 353 3463; x_wconf 91' lang='lat' dir='ltr'><strong>serio</strong></span> <span class='ocrx_word' id='word_1_380' title='bbox 372 3388 524 3482; x_wconf 88' lang='lat' dir='ltr'><strong>suscipere</strong></span> <span class='ocrx_word' id='word_1_381' title='bbox 543 3422 604 3462; x_wconf 91' lang='lat' dir='ltr'><strong>non</strong></span> <span class='ocrx_word' id='word_1_382' title='bbox 623 3404 740 3464; x_wconf 85' lang='lat' dir='ltr'><strong>voletis.</strong></span> <span class='ocrx_word' id='word_1_383' title='bbox 776 3405 916 3493; x_wconf 83' lang='lat' dir='ltr'><strong>Secundo</strong></span> <span class='ocrx_word' id='word_1_384' title='bbox 935 3407 1004 3466; x_wconf 91' lang='lat' dir='ltr'><strong>loco</strong></span> <span class='ocrx_word' id='word_1_385' title='bbox 1022 3407 1098 3466; x_wconf 90' lang='lat' dir='ltr'><strong>illud</strong></span> <span class='ocrx_word' id='word_1_386' title='bbox 1116 3417 1199 3465; x_wconf 90' lang='lat' dir='ltr'><strong>certo</strong></span> <span class='ocrx_word' id='word_1_387' title='bbox 1218 3403 1320 3463; x_wconf 91' lang='lat' dir='ltr'><strong>scien-</strong></span> 
     </span>
     <span class='ocr_line' id='line_1_39' title="bbox 127 3486 1319 3587; baseline -0.004 -36"><span class='ocrx_word' id='word_1_388' title='bbox 127 3492 130 3496; x_wconf 69' lang='grc'><strong>’</strong></span> <span class='ocrx_word' id='word_1_389' title='bbox 147 3491 236 3562; x_wconf 80' lang='lat' dir='ltr'><strong>dum,</strong></span> <span class='ocrx_word' id='word_1_390' title='bbox 254 3490 363 3561; x_wconf 89' lang='lat' dir='ltr'><strong>omnia,</strong></span> <span class='ocrx_word' id='word_1_391' title='bbox 380 3508 456 3587; x_wconf 89' lang='lat' dir='ltr'><strong>quae</strong></span> <span class='ocrx_word' id='word_1_392' title='bbox 473 3488 598 3548; x_wconf 87' lang='lat' dir='ltr'><strong>molitur</strong></span> <span class='ocrx_word' id='word_1_393' title='bbox 611 3503 641 3550; x_wconf 88' lang='lat' dir='ltr'><strong>et</strong></span> <span class='ocrx_word' id='word_1_394' title='bbox 656 3503 777 3570; x_wconf 89' lang='lat' dir='ltr'><strong>apparat</strong></span> <span class='ocrx_word' id='word_1_395' title='bbox 792 3486 883 3562; x_wconf 86' lang='lat' dir='ltr'><strong>nunc,</strong></span> <span class='ocrx_word' id='word_1_396' title='bbox 898 3493 934 3550; x_wconf 92' lang='lat' dir='ltr'><strong>ad</strong></span> <span class='ocrx_word' id='word_1_397' title='bbox 949 3491 1056 3551; x_wconf 91' lang='lat' dir='ltr'><strong>urbem</strong></span> <span class='ocrx_word' id='word_1_398' title='bbox 1072 3503 1205 3550; x_wconf 88' lang='lat' dir='ltr'><strong>nostram</strong></span> <span class='ocrx_word' id='word_1_399' title='bbox 1220 3509 1319 3568; x_wconf 90' lang='lat' dir='ltr'><strong>oppu-</strong></span> 
     </span>
     <span class='ocr_line' id='line_1_40' title="bbox 48 3570 1320 3674; baseline -0.003 -40"><span class='ocrx_word' id='word_1_400' title='bbox 48 3571 55 3634; x_wconf 84' lang='lat'><strong>&#39;.</strong></span> <span class='ocrx_word' id='word_1_401' title='bbox 153 3574 302 3658; x_wconf 69' lang='lat' dir='ltr'><strong>guardam</strong></span> <span class='ocrx_word' id='word_1_402' title='bbox 321 3572 489 3653; x_wconf 90' lang='lat' dir='ltr'><strong>pertinere:</strong></span> <span class='ocrx_word' id='word_1_403' title='bbox 517 3586 607 3652; x_wconf 91' lang='lat' dir='ltr'><strong>atque</strong></span> <span class='ocrx_word' id='word_1_404' title='bbox 632 3574 816 3653; x_wconf 89' lang='lat' dir='ltr'><strong>ubicumque</strong></span> <span class='ocrx_word' id='word_1_405' title='bbox 836 3575 958 3674; x_wconf 42' lang='lat' dir='ltr'><strong>aliquis·</strong></span> <span class='ocrx_word' id='word_1_406' title='bbox 963 3592 1031 3634; x_wconf 88' lang='lat' dir='ltr'><strong>eum</strong></span> <span class='ocrx_word' id='word_1_407' title='bbox 1051 3575 1144 3634; x_wconf 80' lang='lat' dir='ltr'><strong>fuerit</strong></span> <span class='ocrx_word' id='word_1_408' title='bbox 1159 3574 1262 3646; x_wconf 85' lang='lat' dir='ltr'><strong>ultus,</strong></span> <span class='ocrx_word' id='word_1_409' title='bbox 1284 3570 1320 3630; x_wconf 90' lang='lat' dir='ltr'><strong>ld</strong></span> 
     </span>
     <span class='ocr_line' id='line_1_41' title="bbox 15 3657 1344 3760; baseline -0.003 -42"><span class='ocrx_word' id='word_1_410' title='bbox 15 3678 18 3682; x_wconf 69' lang='grc'><strong><em>’</em></strong></span> <span class='ocrx_word' id='word_1_411' title='bbox 82 3658 94 3739; x_wconf 5' lang='grc' dir='ltr'><strong>’ἵ</strong></span> <span class='ocrx_word' id='word_1_412' title='bbox 153 3680 209 3760; x_wconf 74' lang='lat' dir='ltr'><strong>pro</strong></span> <span class='ocrx_word' id='word_1_413' title='bbox 228 3657 404 3717; x_wconf 82' lang='lat' dir='ltr'><strong>defensione</strong></span> <span class='ocrx_word' id='word_1_414' title='bbox 422 3670 520 3718; x_wconf 88' lang='lat' dir='ltr'><strong>vestra</strong></span> <span class='ocrx_word' id='word_1_415' title='bbox 538 3659 674 3718; x_wconf 83' lang='lat' dir='ltr'><strong>futurum</strong></span> <span class='ocrx_word' id='word_1_416' title='bbox 692 3680 766 3719; x_wconf 91' lang='lat' dir='ltr'><strong>esse.</strong></span> <span class='ocrx_word' id='word_1_417' title='bbox 781 3659 890 3758; x_wconf 92' lang='lat' dir='ltr'><strong>Neque</strong></span> <span class='ocrx_word' id='word_1_418' title='bbox 910 3660 989 3719; x_wconf 84' lang='lat' dir='ltr'><strong>enini</strong></span> <span class='ocrx_word' id='word_1_419' title='bbox 1009 3661 1168 3740; x_wconf 74' lang='lat' dir='ltr'><strong>quisquam</strong></span> <span class='ocrx_word' id='word_1_420' title='bbox 1185 3670 1344 3718; x_wconf 86' lang='lat' dir='ltr'><strong>vestrum</strong></span> 
     </span>
     <span class='ocr_line' id='line_1_42' title="bbox 124 3740 1322 3826; baseline -0.003 -22"><span class='ocrx_word' id='word_1_421' title='bbox 124 3762 127 3766; x_wconf 72' lang='grc'><strong><em>’</em></strong></span> <span class='ocrx_word' id='word_1_422' title='bbox 151 3745 196 3804; x_wconf 81' lang='grc' dir='ltr'><strong>ιιι</strong></span> <span class='ocrx_word' id='word_1_423' title='bbox 219 3742 345 3822; x_wconf 85' lang='lat' dir='ltr'><strong>simplex</strong></span> <span class='ocrx_word' id='word_1_424' title='bbox 364 3756 435 3815; x_wconf 89' lang='lat' dir='ltr'><strong>est,</strong></span> <span class='ocrx_word' id='word_1_425' title='bbox 452 3754 488 3801; x_wconf 89' lang='lat' dir='ltr'><strong>ut</strong></span> <span class='ocrx_word' id='word_1_426' title='bbox 504 3743 678 3824; x_wconf 91' lang='lat' dir='ltr'><strong>Philippum</strong></span> <span class='ocrx_word' id='word_1_427' title='bbox 704 3744 854 3806; x_wconf 82' lang='lat' dir='ltr'><strong>existimet</strong></span> <span class='ocrx_word' id='word_1_428' title='bbox 876 3745 955 3805; x_wconf 88' lang='lat' dir='ltr'><strong>mala</strong></span> <span class='ocrx_word' id='word_1_429' title='bbox 972 3745 1050 3804; x_wconf 91' lang='lat' dir='ltr'><strong>illa</strong></span> <span class='ocrx_word' id='word_1_430' title='bbox 1040 3767 1073 3804; x_wconf 87' lang='grc' dir='ltr'><strong>ιιι</strong></span> <span class='ocrx_word' id='word_1_431' title='bbox 1083 3743 1218 3802; x_wconf 75' lang='lat' dir='ltr'><strong>Thracia</strong></span> <span class='ocrx_word' id='word_1_432' title='bbox 1235 3740 1322 3826; x_wconf 83' lang='lat' dir='ltr'><strong>(nam</strong></span> 
     </span>
     <span class='ocr_line' id='line_1_43' title="bbox 154 3825 1359 3916; baseline -0.003 -29"><span class='ocrx_word' id='word_1_433' title='bbox 154 3848 217 3908; x_wconf 91' lang='lat' dir='ltr'><strong>quo</strong></span> <span class='ocrx_word' id='word_1_434' title='bbox 239 3826 299 3886; x_wconf 89' lang='lat' dir='ltr'><strong>alio</strong></span> <span class='ocrx_word' id='word_1_435' title='bbox 324 3825 448 3886; x_wconf 87' lang='lat' dir='ltr'><strong>nomine</strong></span> <span class='ocrx_word' id='word_1_436' title='bbox 474 3827 605 3916; x_wconf 86' lang='lat' dir='ltr'><strong>appelles</strong></span> <span class='ocrx_word' id='word_1_437' title='bbox 620 3829 806 3910; x_wconf 90' lang='lat' dir='ltr'><strong>Drongilum</strong></span> <span class='ocrx_word' id='word_1_438' title='bbox 832 3842 863 3889; x_wconf 88' lang='lat' dir='ltr'><strong>et</strong></span> <span class='ocrx_word' id='word_1_439' title='bbox 881 3826 1016 3912; x_wconf 83' lang='lat' dir='ltr'><strong>Cabylen</strong></span> <span class='ocrx_word' id='word_1_440' title='bbox 1041 3843 1072 3888; x_wconf 89' lang='lat' dir='ltr'><strong>et</strong></span> <span class='ocrx_word' id='word_1_441' title='bbox 1095 3828 1265 3899; x_wconf 88' lang='lat' dir='ltr'><strong>Mastiram,</strong></span> <span class='ocrx_word' id='word_1_442' title='bbox 1291 3837 1359 3889; x_wconf 90' lang='lat' dir='ltr'><strong>et.</strong></span> 
     </span>
     <span class='ocr_line' id='line_1_44' title="bbox 49 3908 1322 4003; baseline -0.002 -31"><span class='ocrx_word' id='word_1_443' title='bbox 49 3978 52 3990; x_wconf 34' lang='grc'>1</span> <span class='ocrx_word' id='word_1_444' title='bbox 155 3931 284 3991; x_wconf 87' lang='lat' dir='ltr'><strong>eaquae</strong></span> <span class='ocrx_word' id='word_1_445' title='bbox 302 3910 383 3971; x_wconf 84' lang='lat' dir='ltr'><strong>nurlc</strong></span> <span class='ocrx_word' id='word_1_446' title='bbox 402 3925 553 4003; x_wconf 85' lang='lat' dir='ltr'><strong>expugnat</strong></span> <span class='ocrx_word' id='word_1_447' title='bbox 555 3911 688 3992; x_wconf 89' lang='lat' dir='ltr'><strong>sibique</strong></span> <span class='ocrx_word' id='word_1_448' title='bbox 707 3913 872 3996; x_wconf 86' lang='lat' dir='ltr'><strong>subiicit?)</strong></span> <span class='ocrx_word' id='word_1_449' title='bbox 896 3932 1020 3994; x_wconf 84' lang='lat' dir='ltr'><strong>cupere:</strong></span> <span class='ocrx_word' id='word_1_450' title='bbox 1055 3927 1151 3993; x_wconf 90' lang='lat' dir='ltr'><strong>utque</strong></span> <span class='ocrx_word' id='word_1_451' title='bbox 1169 3908 1233 3971; x_wconf 94' lang='lat' dir='ltr'><strong>illa</strong></span> <span class='ocrx_word' id='word_1_452' title='bbox 1240 3910 1322 3971; x_wconf 90' lang='lat' dir='ltr'><strong>obti-</strong></span> 
     </span>
     <span class='ocr_line' id='line_1_45' title="bbox 31 3986 1323 4079; baseline -0.001 -23"><span class='ocrx_word' id='word_1_453' title='bbox 31 4066 38 4079; x_wconf 27' lang='grc' dir='ltr'>ἱ</span> <span class='ocrx_word' id='word_1_454' title='bbox 120 4010 123 4015; x_wconf 70' lang='grc'><strong>“</strong></span> <span class='ocrx_word' id='word_1_455' title='bbox 153 4009 234 4071; x_wconf 83' lang='lat' dir='ltr'><strong>neat,</strong></span> <span class='ocrx_word' id='word_1_456' title='bbox 252 4009 284 4056; x_wconf 90' lang='lat' dir='ltr'><strong>et</strong></span> <span class='ocrx_word' id='word_1_457' title='bbox 300 3996 418 4056; x_wconf 89' lang='lat' dir='ltr'><strong>labores</strong></span> <span class='ocrx_word' id='word_1_458' title='bbox 437 4009 468 4055; x_wconf 89' lang='lat' dir='ltr'><strong>et</strong></span> <span class='ocrx_word' id='word_1_459' title='bbox 487 3986 600 4056; x_wconf 91' lang='lat' dir='ltr'><strong>hiemes</strong></span> <span class='ocrx_word' id='word_1_460' title='bbox 616 4011 646 4057; x_wconf 90' lang='lat' dir='ltr'><strong>et</strong></span> <span class='ocrx_word' id='word_1_461' title='bbox 662 4011 793 4057; x_wconf 87' lang='lat' dir='ltr'><strong>extrema</strong></span> <span class='ocrx_word' id='word_1_462' title='bbox 810 3997 943 4079; x_wconf 87' lang='lat' dir='ltr'><strong>pericula</strong></span> <span class='ocrx_word' id='word_1_463' title='bbox 958 3998 1122 4058; x_wconf 86' lang='lat' dir='ltr'><strong>sustinere:</strong></span> <span class='ocrx_word' id='word_1_464' title='bbox 1150 3995 1323 4064; x_wconf 82' lang='lat' dir='ltr'><strong>Athenien-</strong></span> 
     </span>
     <span class='ocr_line' id='line_1_46' title="bbox 153 4081 1323 4165; baseline -0.001 -24"><span class='ocrx_word' id='word_1_465' title='bbox 153 4081 233 4142; x_wconf 85' lang='lat' dir='ltr'><strong>sium</strong></span> <span class='ocrx_word' id='word_1_466' title='bbox 251 4101 322 4140; x_wconf 89' lang='lat' dir='ltr'><strong>vero</strong></span> <span class='ocrx_word' id='word_1_467' title='bbox 346 4093 452 4162; x_wconf 88' lang='lat' dir='ltr'><strong>portus</strong></span> <span class='ocrx_word' id='word_1_468' title='bbox 472 4093 502 4140; x_wconf 92' lang='lat' dir='ltr'><strong>et</strong></span> <span class='ocrx_word' id='word_1_469' title='bbox 527 4083 641 4143; x_wconf 84' lang='lat' dir='ltr'><strong>navalia</strong></span> <span class='ocrx_word' id='word_1_470' title='bbox 660 4094 691 4142; x_wconf 80' lang='lat' dir='ltr'><strong>et</strong></span> <span class='ocrx_word' id='word_1_471' title='bbox 706 4083 844 4142; x_wconf 87' lang='lat' dir='ltr'><strong>triremes</strong></span> <span class='ocrx_word' id='word_1_472' title='bbox 870 4096 900 4142; x_wconf 90' lang='lat' dir='ltr'><strong>et</strong></span> <span class='ocrx_word' id='word_1_473' title='bbox 915 4083 1042 4165; x_wconf 81' lang='lat' dir='ltr'><strong>argenti</strong></span> <span class='ocrx_word' id='word_1_474' title='bbox 1054 4082 1174 4143; x_wconf 88' lang='lat' dir='ltr'><strong>fodinas</strong></span> <span class='ocrx_word' id='word_1_475' title='bbox 1202 4094 1234 4141; x_wconf 87' lang='lat' dir='ltr'><strong>et</strong></span> <span class='ocrx_word' id='word_1_476' title='bbox 1253 4093 1323 4141; x_wconf 88' lang='lat' dir='ltr'><strong>tan-</strong></span> 
     </span>
     <span class='ocr_line' id='line_1_47' title="bbox 47 4167 1322 4248; baseline -0.004 -20"><span class='ocrx_word' id='word_1_477' title='bbox 47 4198 61 4215; x_wconf 68' lang='lat'>=</span> <span class='ocrx_word' id='word_1_478' title='bbox 153 4178 202 4228; x_wconf 89' lang='lat' dir='ltr'><strong>tos</strong></span> <span class='ocrx_word' id='word_1_479' title='bbox 220 4174 385 4246; x_wconf 83' lang='lat' dir='ltr'><strong>proventus</strong></span> <span class='ocrx_word' id='word_1_480' title='bbox 403 4186 467 4241; x_wconf 83' lang='lat' dir='ltr'><strong>non</strong></span> <span class='ocrx_word' id='word_1_481' title='bbox 485 4167 617 4245; x_wconf 88' lang='lat' dir='ltr'><strong>cupere?</strong></span> <span class='ocrx_word' id='word_1_482' title='bbox 635 4179 687 4226; x_wconf 87' lang='lat' dir='ltr'><strong>aut</strong></span> <span class='ocrx_word' id='word_1_483' title='bbox 703 4188 878 4248; x_wconf 83' lang='lat' dir='ltr'><strong>passurum,</strong></span> <span class='ocrx_word' id='word_1_484' title='bbox 889 4181 924 4228; x_wconf 90' lang='lat' dir='ltr'><strong>ut</strong></span> <span class='ocrx_word' id='word_1_485' title='bbox 941 4189 995 4228; x_wconf 86' lang='lat' dir='ltr'><strong>vos</strong></span> <span class='ocrx_word' id='word_1_486' title='bbox 1013 4168 1069 4227; x_wconf 92' lang='lat' dir='ltr'><strong>ista</strong></span> <span class='ocrx_word' id='word_1_487' title='bbox 1086 4167 1233 4246; x_wconf 82' lang='lat' dir='ltr'><strong>teneatis:</strong></span> <span class='ocrx_word' id='word_1_488' title='bbox 1251 4187 1322 4226; x_wconf 90' lang='lat' dir='ltr'><strong>cum</strong></span> 
     </span>
     <span class='ocr_line' id='line_1_48' title="bbox 35 4238 1321 4332; baseline 0 -23"><span class='ocrx_word' id='word_1_489' title='bbox 35 4238 40 4257; x_wconf 75' lang='grc'><em>’</em></span> <span class='ocrx_word' id='word_1_490' title='bbox 94 4298 96 4303; x_wconf 92' lang='grc'><em>.</em></span> <span class='ocrx_word' id='word_1_491' title='bbox 153 4264 281 4332; x_wconf 89' lang='lat' dir='ltr'><strong>propter</strong></span> <span class='ocrx_word' id='word_1_492' title='bbox 296 4249 436 4331; x_wconf 85' lang='lat' dir='ltr'><strong>panicum</strong></span> <span class='ocrx_word' id='word_1_493' title='bbox 455 4263 485 4311; x_wconf 88' lang='lat' dir='ltr'><strong>et</strong></span> <span class='ocrx_word' id='word_1_494' title='bbox 502 4248 670 4331; x_wconf 88' lang='lat' dir='ltr'><strong>siliginem,</strong></span> <span class='ocrx_word' id='word_1_495' title='bbox 688 4251 720 4311; x_wconf 89' lang='lat' dir='ltr'><strong>in</strong></span> <span class='ocrx_word' id='word_1_496' title='bbox 736 4252 871 4311; x_wconf 88' lang='lat' dir='ltr'><strong>Thraciis</strong></span> <span class='ocrx_word' id='word_1_497' title='bbox 890 4252 1037 4312; x_wconf 88' lang='lat' dir='ltr'><strong>cuniculis</strong></span> <span class='ocrx_word' id='word_1_498' title='bbox 1056 4253 1194 4325; x_wconf 86' lang='lat' dir='ltr'><strong>defossa,</strong></span> <span class='ocrx_word' id='word_1_499' title='bbox 1212 4251 1244 4309; x_wconf 92' lang='lat' dir='ltr'><strong>in</strong></span> <span class='ocrx_word' id='word_1_500' title='bbox 1255 4251 1321 4317; x_wconf 83' lang='lat' dir='ltr'><strong>Ba-</strong></span> 
     </span>
     <span class='ocr_line' id='line_1_49' title="bbox 43 4332 1321 4417; baseline 0.002 -23"><span class='ocrx_word' id='word_1_501' title='bbox 43 4410 46 4415; x_wconf 29' lang='lat'>·</span> <span class='ocrx_word' id='word_1_502' title='bbox 69 4393 74 4401; x_wconf 83' lang='grc'><strong><em>,</em></strong></span> <span class='ocrx_word' id='word_1_503' title='bbox 154 4335 258 4396; x_wconf 87' lang='lat' dir='ltr'><strong>rathro</strong></span> <span class='ocrx_word' id='word_1_504' title='bbox 276 4355 341 4394; x_wconf 92' lang='lat' dir='ltr'><strong>non</strong></span> <span class='ocrx_word' id='word_1_505' title='bbox 358 4334 478 4396; x_wconf 89' lang='lat' dir='ltr'><strong>dubitet</strong></span> <span class='ocrx_word' id='word_1_506' title='bbox 494 4332 676 4397; x_wconf 79' lang='lat' dir='ltr'><strong>hibernare?</strong></span> <span class='ocrx_word' id='word_1_507' title='bbox 699 4336 770 4397; x_wconf 87' lang='lat' dir='ltr'><strong>Non</strong></span> <span class='ocrx_word' id='word_1_508' title='bbox 788 4337 834 4398; x_wconf 85' lang='lat' dir='ltr'><strong>ita</strong></span> <span class='ocrx_word' id='word_1_509' title='bbox 847 4350 900 4398; x_wconf 86' lang='lat' dir='ltr'><strong>est</strong></span> <span class='ocrx_word' id='word_1_510' title='bbox 915 4337 989 4398; x_wconf 88' lang='lat' dir='ltr'><strong>-Sed</strong></span> <span class='ocrx_word' id='word_1_511' title='bbox 1005 4348 1036 4397; x_wconf 87' lang='lat' dir='ltr'><strong>et</strong></span> <span class='ocrx_word' id='word_1_512' title='bbox 1052 4336 1119 4413; x_wconf 76' lang='lat' dir='ltr'><strong>illa,</strong></span> <span class='ocrx_word' id='word_1_513' title='bbox 1135 4349 1182 4415; x_wconf 61' lang='lat' dir='ltr'><strong>¹ut</strong></span> <span class='ocrx_word' id='word_1_514' title='bbox 1198 4335 1244 4399; x_wconf 85' lang='lat' dir='ltr'><strong>his</strong></span> <span class='ocrx_word' id='word_1_515' title='bbox 1263 4355 1321 4417; x_wconf 88' lang='lat' dir='ltr'><strong>po-</strong></span> 
     </span>
    </p>
   </div>
   <div class='ocr_carea' id='block_1_4' title="bbox 0 0 1380 4754">
    <p class='ocr_par' dir='ltr' id='par_1_4' title="bbox 0 0 1380 4754">
     <span class='ocr_line' id='line_1_50' title="bbox 0 0 1380 4754; baseline 0 0"><span class='ocrx_word' id='word_1_516' title='bbox 0 0 1380 4754; x_wconf 95' lang='lat' dir='ltr'><strong> </strong></span> 
     </span>
    </p>
   </div>
  </div>
 </body>
</html>
