2746 4748
129 178 201 269 xaar
232 224 234 228 .
263 134 277 181 ³
365 139 373 147 ’
418 130 792 280 punosrunuls
829 177 1034 249 onamo·

138 337 226 402 vobis
241 333 288 396 sde
313 356 370 396 suo
393 336 511 418 largiri,
537 359 626 418 quam
652 359 705 397 vos
732 336 821 412 huius
844 352 919 416 opes
944 334 997 394 isti
1012 335 1167 425 tradere,
1193 348 1230 395 nt
1253 336 1313 416 ipsi,

123 424 238 508 'parvis
264 422 477 481 emolumentis
505 443 540 482 er
565 422 707 481 omnibus
734 421 902 502 perceptis,
939 419 1021 479 hunc
1049 434 1193 480 extrema
1219 419 1311 501 inopia

134 507 382 581 conflictantem,
415 507 507 570 istum
525 508 694 567 insolenter
711 527 743 565 se
762 518 918 587 gerentem
938 517 969 564 et
986 504 1018 564 in
1040 522 1074 585 ea
1084 549 1096 590 ,
1133 527 1215 587 quae
1234 509 1312 580 solet,

77 632 82 640 ι
138 593 376 677 profundentem
393 592 527 653 videatis.
562 595 624 650 lam
643 593 680 651 de
698 592 833 671 opi-bus,
846 591 1002 670 possidere
1022 590 1109 651 hunc
1131 597 1185 652 eas
1203 614 1220 649 a
1240 607 1312 673 patre

137 693 193 739 tuo
212 689 368 759 acceptas,
387 677 473 737 etde
493 698 547 751 eo,
566 677 650 756 quod
668 689 698 736 te
716 669 894 758 rogatu-ium
914 675 1056 750 dicebas,
1073 678 1166 736 unde
1185 697 1252 737 rem
1268 678 1312 738 ba-

138 765 226 824 beret
243 762 406 826 Phormio:
442 761 581 826 tibinoli
604 761 728 820 minime
748 761 884 820 omnium
903 761 1079 836 mortalium
1101 783 1141 822 ea
1162 785 1254 823 causa
1271 766 1313 823 ad-

12 888 16 895 1
67 854 79 878 ¹
119 848 277 929 ,ducenda
295 860 349 907 est.
380 839 489 925 Neque
507 847 588 906 enini
606 846 713 919 Pasio,
732 860 817 926 pater
833 859 922 918 tuus,
942 867 990 906 eas
1009 846 1059 906 vel
1077 847 1195 907 labore
1214 862 1314 930 partas,

137 934 227 996 vella
250 937 374 1012 parente
396 931 518 991 relictas
536 932 690 1012 possedit:
715 932 768 990 sed
788 953 856 1004 cum
874 931 938 991 suis
957 931 1112 1006 dominis,
1141 933 1314 994 Antistheni

37 1071 40 1077 ,
102 1046 105 1060 ·
122 1027 123 1030 ’
138 1031 171 1098 et
181 1017 403 1090 -Archestrato,
421 1017 619 1099 argentariam
637 1016 861 1090 factitantibus,
878 1016 1114 1090 industriamet
1133 1019 1314 1098 probitatem

137 1124 223 1164 suam
241 1101 417 1183 probasset,
434 1102 510 1160 fides
529 1102 557 1160 ei
576 1114 623 1161 est
639 1098 748 1161 habita.
784 1101 839 1160 Est
852 1113 956 1161 autem
975 1101 1006 1160 in
1026 1106 1175 1162 mercatu
1195 1119 1228 1164 et
1245 1106 1314 1165 inter

61 1243 69 1261 Ι
100 1244 103 1254 „
137 1187 278 1248 homines
302 1185 510 1267 pecuniarium
536 1199 694 1267 quaestum
718 1183 872 1260 facientes,
895 1187 1030 1247 eundem
1055 1186 1255 1250 industrium
1276 1191 1312 1267 ri-

138 1273 204 1334 deri
223 1271 400 1351 et'probum
416 1292 501 1345 esse,
524 1271 632 1354 ingens
652 1271 838 1331 miraculum.
872 1271 980 1350 Neque
997 1266 1101 1353 igitur
1121 1272 1172 1332 illi
1188 1274 1246 1338 ,has
1263 1275 1310 1335 vir-

12 1411 20 1423 ,
124 1359 219 1419 'tutes
238 1355 354 1415 domi-ni
372 1356 579 1429 tradiderunt,
608 1356 660 1416 sed
679 1356 862 1436 ipsebonus
879 1369 986 1416 natura
1002 1356 1081 1416 fuit:
1124 1380 1234 1439 neque
1251 1360 1309 1419 huic

135 1427 208 1504 tuus
226 1453 318 1521 pater.
344 1441 429 1499 Nam
448 1441 599 1520 siquidem
614 1441 646 1504 id
663 1461 758 1520 penes
776 1442 877 1522 ipsum
894 1441 1018 1503 fuisset:
1036 1430 1067 1500 t'e
1087 1444 1215 1523 potius,
1234 1467 1308 1525 quan

125 1528 235 1599 hunc,
264 1524 394 1605 probum
411 1525 612 1609 reddidisset¹
638 1525 671 1584 Si
688 1546 761 1585 vero
780 1525 840 1585 hoc
857 1526 974 1600 nescis,
987 1527 1102 1586 ⁴iidem
1124 1531 1306 1590 occasionem

137 1609 203 1672 esse'
220 1611 267 1670 rel
283 1609 439 1670 faciendae
458 1611 594 1669 omnium
612 1610 786 1670 maximam:
802 1611 902 1678 neseis
923 1611 1031 1671 omnia.
1062 1611 1139 1672 ¹Sed
1160 1614 1211 1682 his
1230 1615 1303 1675 onis-

78 1745 80 1749 ,
136 1697 195 1772 sis,
220 1696 253 1754 in
270 1694 380 1756 multis
405 1692 437 1754 et
460 1689 516 1765 tu'o
539 1695 634 1776 patri,
661 1698 698 1755 et'
714 1695 789 1769 tibi,
813 1695 920 1756 vestris
944 1695 1083 1775 denique
1112 1698 1214 1761 rebus
1235 1700 1297 1761 utili

135 1780 282 1843 Phormio
299 1780 365 1839 fuit
400 1779 460 1838 Sed
481 1794 567 1840 tuam
585 1779 786 1840 insatiabilem
800 1779 997 1860 cupiditatem
1017 1781 1089 1860 quis
1110 1797 1172 1844 aut
1190 1787 1298 1867 explere,

21 1920 24 1930 .
64 1914 70 1926 r
136 1879 188 1928 ant
205 1865 267 1926 tuis
279 1864 456 1926 satisfacere
475 1864 611 1924 moribus
629 1865 745 1945 possit?
781 1862 884 1943 Atque
902 1866 1298 1955 adeo-miror,'qut-fiaeut

135 1972 200 2018 non
216 1964 321 2011 tecum
336 1962 478 2030 reputes,
500 1969 570 2008 *esse
588 1948 804 2024 Archestrato,
830 1950 883 2028 qui
901 1961 986 2024 tuum
1006 1950 1084 2009 olim
1106 1969 1228 2032 patrem
1240 1976 1296 2036 pus
1337 1982 1339 1995 ι

92 2019 231 2107 fredit,
254 2033 351 2094 filium
374 2034 440 2106 hic,
465 2032 697 2106 Antimachum,
720 2034 780 2094 alia
803 2033 941 2109 fortuna,
967 2057 1057 2114 quam
1087 2038 1294 2124 eius-,dignitas

106 2168 108 2170 a
135 2116 328 2204 postulabat:
347 2118 400 2197 qui
418 2116 475 2176 tibi
493 2138 556 2177 non
575 2118 655 2199 diem
674 2116 763 2191 dicit,
779 2139 880 2200 neque
897 2115 1059 2201 iudignum
1077 2143 1157 2194 esse
1177 2126 1289 2194 clamitat,

51 2200 57 2209 ’
114 2217 167 2266 ἰε
192 2201 334 2292 multitia,¹
348 2202 446 2276 ferre,
472 2214 504 2260 et
526 2201 614 2261 aliam
638 2203 821 2277 redemisse,
841 2203 934 2271 aliam
956 2205 1082 2287 dedisse
1110 2210 1292 2279 meretricem,
1315 2268 1317 2274 A

94 2329 98 2335 ι
128 2288 231 2369 'eaque
249 2301 280 2349 te
298 2289 414 2361 facere,
449 2307 518 2345 cum
535 2305 661 2365 uxorem
681 2286 808 2362 habeas,
845 2302 876 2349 et
893 2303 956 2350 tres
971 2311 1095 2371 pueros
1112 2295 1292 2375 pedissequos

99 2425 107 2447 ,
134 2375 377 2449 circumducere,
403 2374 505 2454 itaque
524 2371 678 2432 luxuriose
696 2372 815 2447 vivere,
832 2387 868 2434 ut
886 2374 975 2437 etiam
994 2375 1083 2436 obv-ii
1106 2381 1225 2460 quique
1239 2400 1289 2440 scn-

43 2528 106 2628 '9⁸

133 2461 228 2523 tiant:
264 2483 296 2522 se
314 2483 387 2522 vero
405 2463 504 2542 ipsum
521 2478 630 2544 magna
649 2471 782 2540 egestate
798 2460 921 2539 premi,
949 2481 1008 2541 qua
1026 2482 1068 2522 ne
1088 2464 1290 2526 Phormionem

132 2548 256 2628 q‘uidem
274 2547 371 2629 premi
387 2546 480 2607 videt.
496 2542 623 2623 'Quodsi
643 2565 676 2605 ea
696 2543 733 2604 de
752 2564 840 2605 causa
857 2543 914 2604 tibi
932 2545 1022 2605 huius
1041 2568 1114 2609 rem
1134 2551 1292 2610 familiarem

132 2632 283 2705 vindicas,
308 2633 391 2712 quod
411 2651 444 2690 ea
462 2634 508 2692 tui
525 2632 618 2713 patris
645 2632 717 2691 olim
735 2628 843 2691 fuerit:
868 2629 950 2697 istud
968 2616 1055 2691 illum
1078 2635 1198 2718 magis,
1219 2655 1291 2715 qoam

29 2709 32 2719 ¹
131 2731 180 2791 te,
199 2716 347 2777 decuerit.
370 2717 446 2776 Nam
463 2730 535 2777 tuus
553 2729 639 2797 pater
655 2717 737 2776 illius
755 2717 828 2777 fuit:
846 2714 976 2798 proinde
995 2729 1027 2776 et
1044 2730 1084 2776 tu
1107 2734 1139 2779 et
1158 2721 1208 2780 hie
1222 2719 1289 2779 illius

91 2820 93 2824 ·
131 2802 224 2876 eritis,
241 2803 298 2862 ista
314 2802 440 2882 >quidem
456 2803 582 2862 ratione.
600 2803 647 2864 Tu
662 2823 737 2863 vero
756 2802 788 2861 iu
808 2822 872 2862 eam
889 2801 997 2862 incidis
1017 2805 1201 2879 amentiam,
1217 2818 1250 2866 ut
1264 2825 1289 2862 ea

37 2922 40 2929 ·
110 2885 253 2948 'dicendi
278 2887 488 2946 necessitatem
511 2887 575 2966 ipse
600 2886 689 2946 nobis
713 2887 869 2966 imponas,
896 2907 973 2967 quae
992 2889 1047 2967 qui
1067 2890 1226 2964 dicerent,
1242 2909 1289 2970 pro

47 3018 50 3023 .
131 2968 274 3029 hostibus
289 2961 423 3029 habendi
446 2983 547 3029 erant:
573 2991 630 3029 nec
653 2983 684 3029 te
708 2972 807 3050 ipsum
826 2972 970 3045 duntaxat
988 2977 1184 3036 contumelia
1202 2974 1288 3043 afficis,

130 3055 185 3113 sed
203 3066 234 3113 et
250 3066 390 3136 parentes
410 3054 598 3130 defunctos„
614 3066 645 3113 et
663 3055 776 3115 civitati
793 3055 935 3116 insultas:
964 3071 995 3116 et
1014 3077 1097 3138 quae
1118 3061 1227 3133 horum
1245 3060 1288 3117 bu-

127 3138 274 3215 mauitate
299 3139 454 3219 patrituo
479 3137 646 3198 liberaliter
668 3140 791 3199 tributa·
806 3155 895 3213 sunt,
918 3153 953 3200 et
975 3157 1087 3222 postea
1114 3142 1287 3212 Phormioni,

46 3232 52 3237 ”
131 3243 180 3296 ea,
199 3244 268 3282 cum
287 3224 421 3283 ornanda
439 3223 617 3283 et‘sollicite
634 3225 834 3284 custodienda
851 3225 968 3298 essent,
985 3241 1021 3286 ut
1037 3241 1075 3288 et
1094 3229 1162 3304 his,
1181 3231 1229 3311 qui
1243 3229 1286 3286 de-

37 3362 47 3377 ,
132 3309 260 3381 derunt,
279 3319 309 3367 et
326 3306 431 3381 vobis,
450 3308 502 3388 qui
520 3308 693 3388 accepistis,
712 3331 802 3390 quam
819 3310 1037 3375 honestissima·
1050 3313 1239 3386 uiderentur,
1253 3310 1280 3366 iu

129 3393 264 3452 medium
282 3393 417 3474 profers,
435 3393 584 3476 exagitas,
601 3406 718 3454 tanturn
737 3415 801 3454 nou
819 3408 953 3454 ostentas
972 3409 1003 3456 et
1022 3399 1203 3479 exprobrat,
1217 3413 1281 3474 qua-

129 3478 190 3539 lem
207 3492 238 3538 te
264 3477 420 3546 hominem
445 3480 574 3540 feceriut
590 3478 804 3539 Athenienses.
839 3483 882 3540 lta
906 3480 937 3538 in
960 3501 1026 3540 eam
1043 3482 1198 3544 insaniam
1212 3478 1284 3540 venis

128 3561 219 3647 (quid
237 3563 318 3622 euim
338 3564 434 3622 dicam
453 3561 585 3643 aliudi'),
602 3575 638 3622 ut
654 3563 858 3638 uons‘entias,
876 3585 933 3623 nos
952 3585 1050 3638 nunc,
1072 3569 1150 3627 dum
1167 3564 1285 3648 postula·

19 3653 22 3656 ⁴
82 3709 85 3714 ἴ
108 3669 212 3722 xmus,
237 3660 335 3707 utne
360 3647 459 3708 fraudi
482 3642 661 3708 Phormioni
685 3648 744 3720 sit,
768 3660 929 3728 postquam
953 3653 1165 3713 manumissus
1188 3660 1245 3724 est,
1266 3646 1286 3707 si

57 3739 63 3747 “
129 3729 251 3813 quando·
268 3731 361 3814 patris
380 3732 427 3791 tui
445 3732 513 3806 fuit,
529 3745 612 3791 tuam
630 3753 749 3792 eausam
766 3752 871 3814 agere:
887 3747 918 3793 te
932 3733 1017 3807 vero,
1034 3736 1115 3796 dum
1134 3758 1204 3796 eum
1220 3753 1285 3794 nuu-

56 3828 59 3836 '
128 3840 218 3898 quam
233 3816 356 3898 aequari
369 3830 470 3883 tecum
485 3817 819 3898 pateris,‚temetipsum
835 3824 1019 3899 oppugnare.
1039 3821 1204 3902 Quicquid
1218 3817 1285 3886 euin

71 3935 74 3953 ι
126 3899 204 3976 iuris
220 3904 251 3962 in
271 3904 352 3967 hunc
368 3901 426 3962 tibi
439 3901 599 3962 statueris:
633 3903 710 3962 illud
733 3903 832 3982 ipsum
858 3915 962 3963 eontra
980 3917 1011 3962 te
1029 3920 1157 3984 praesto
1176 3904 1213 3965 iis
1231 3902 1286 3972 erit,

129 3989 182 4069 qui
198 4003 314 4071 patrem
331 3993 419 4048 tuum
436 3979 526 4047 initio
544 3989 752 4067 possederunt
779 3988 871 4064 Quod
889 4001 925 4047 ut
942 3992 1191 4064 constet,'illum
1208 3989 1285 4049 etiam

128 4070 221 4150 fuisse
240 4074 448 4154 quorundam,
476 4093 510 4132 ac
529 4072 639 4133 deinde
657 4070 875 4132 manumissum
894 4068 1004 4135 eode'm
1022 4077 1140 4150 modo,
1168 4095 1230 4156 quo
1245 4071 1285 4131 hir

129 4155 268 4301 ³bl'l‘ffiffl,
293 4179 366 4240 cape
383 4158 458 4239 haec
484 4157 675 4234 testimonia,
702 4170 737 4219 ut
755 4169 915 4239 appareat,
941 4159 1109 4225 Pasiouem
1126 4160 1220 4222 fuisse
1235 4157 1281 4216 Ar-

128 4262 145 4302 c
169 4254 281 4308 esttatr.¹
1144 4264 1153 4275 s
