2722 4754
146 64 154 128 i

82 184 194 255 'es
286 194 293 201 ·
430 139 809 251 unnosruuurs
842 178 1067 283 orario

156 344 272 408 'struitis
296 363 351 404 uos
375 354 405 402 et
422 336 671 406 tumultuamini:
698 358 792 416 quum
810 355 875 400 noa
888 330 945 396 ita.
958 335 998 395 sit
1014 334 1173 416 agendum.
1193 392 1200 399 ,
1217 331 1328 411 Neque

158 433 238 493 enim
261 429 328 497 fieri
353 421 471 508 potest,
491 420 724 483 utmittendis
749 422 867 482 auxiliis
895 421 1055 502 quicquam
1080 432 1162 479 recte
1188 434 1328 497 unquam

157 515 350 578 conficiatur:
382 510 437 584 sed
456 509 674 589 comparandus
693 507 841 567 exereitus
861 519 924 577 est,
959 518 989 564 et
1006 503 1078 565 hnic
1096 507 1329 565 de'commeatu

156 597 417 681 prospiciendum,
450 607 481 653 et
497 593 611 673 publici
629 604 804 671 quaestores
823 590 1045 662 constituendi,
1075 603 1108 651 et
1127 611 1162 648 ea
1178 589 1260 649 ratio
1275 588 1334 647 sin-1

158 685 274 752 eunda,
300 701 377 761 qua,
400 700 488 758 quam
505 676 727 745 accuratissime
745 687 863 757 potest,
884 670 1016 754 pecunia
1034 675 1232 734 custodiatur.
1277 673 1330 733 Sic

156 763 308 851 agendam
327 777 390 837 est,
416 777 447 822 et
465 762 588 843 expensi
604 761 738 821 rationes
757 781 773 818 a
792 759 1003 838 quaestoribus
1022 761 1247 839 reposcendae:
1278 779 1332 816 re.

90 872 94 879 “
154 874 224 912 rum
238 857 400 932 gestarum,
414 869 429 907 a
444 849 534 908 duce:
552 857 652 925 neque
668 843 829 924 ‘navigandi
843 842 902 901 alio
918 857 971 903 aut
986 844 1101 924 aliquid
1115 844 1200 903 aliud
1215 843 1331 926 agendi

158 957 245 998 causa
262 934 324 994 ulla
342 933 414 994 duci
429 931 636 1010 relinquenda.
664 929 756 1004 Quod
775 927 801 986 si
819 927 863 986 sic
879 927 1010 988 feceritis
1031 943 1061 989 et
1076 929 1138 988 hor
1154 928 1332 1003 volueritis,

92 1036 96 1043 “
154 1037 261 1087 revera
281 1019 395 1078 *iustam
418 1033 536 1077 servare
559 1037 681 1096 pacem,
709 1021 739 1072 et
758 1014 884 1071 manere
903 1013 986 1081 domi
1008 1034 1126 1092 suoque
1145 1020 1337 1093 contentum.

158 1095 261 1166 uivere
271 1097 444 1183 Philippum
462 1101 594 1183 cogetis:
612 1112 664 1159 aut
681 1096 794 1157 bellum
816 1118 852 1156 ex
869 1118 967 1176 aequo
985 1100 1105 1180 geretis.
1121 1100 1162 1158 Et
1176 1098 1329 1174 fortassis,

111 1234 115 1243 ·
156 1189 378 1257 Athenienses,
395 1186 548 1256 fortassis,
565 1197 600 1244 ut
619 1204 672 1243 vos
690 1203 772 1245 nunc
790 1181 998 1242 sciscitamini:
1025 1183 1109 1258 Quid
1127 1183 1190 1265 agit
1208 1182 1325 1264 Philip-

88 1265 96 1271 ³
122 1311 123 1316 κ
157 1274 232 1356 pus?
257 1292 317 1352 qno
336 1270 557 1350 proficiscitur?
580 1268 623 1328 sic
642 1280 673 1326 et
689 1266 740 1330 ille
759 1266 907 1328 sollicitus
926 1269 999 1340 erit,
1018 1288 1079 1346 quo
1098 1283 1223 1329 nostrae
1239 1264 1323 1329 urbis

158 1353 262 1440 copiae
286 1376 320 1417 se
343 1354 545 1425 contulerint,
560 1374 632 1431 quo
653 1364 813 1431 erupturae
832 1351 928 1412 sinti.
941 1353 1035 1428 Quod
1059 1353 1084 1411 si
1110 1353 1158 1412 cui
1183 1353 1325 1414 videntur

157 1442 232 1502 haec
246 1441 400 1522 etmagni
417 1452 553 1520 sumptus
573 1450 604 1497 et
621 1436 736 1495 laboris
751 1436 884 1519 ingentis
902 1451 993 1516 atqpe
1012 1438 1221 1518 occupationis
1242 1457 1323 1497 esse:

157 1526 283 1586 omnino
301 1538 384 1587 recte
402 1514 551 1583 videntur.
578 1520 639 1581 Sed
656 1521 683 1581 si
699 1534 829 1600 reputet,
848 1543 924 1601 quae
941 1522 1125 1603 reipublicae
1144 1535 1218 1603 post·
1233 1542 1332 1614 even-t

156 1625 223 1672 tura
242 1611 319 1683 sint,
343 1608 403 1669 nisi
419 1608 494 1666 haec
510 1607 609 1665 facere
628 1605 773 1666 voluerit:
798 1607 933 1667 inveniet
951 1608 1110 1687 expedire,
1134 1621 1170 1667 ut
1188 1607 1323 1668 officium

91 1761 93 1764 .
157 1696 238 1764 ultro
256 1694 407 1753 faciamus.
423 1693 500 1752 Nam
520 1691 545 1750 si
563 1690 630 1770 quis
651 1691 778 1750 deorum
796 1700 926 1772 sponsor
943 1692 1090 1752 nobistsit
1108 1691 1224 1774 (neque
1244 1695 1322 1760 enim

157 1779 330 1838 mortalium
347 1776 404 1839 ulli
420 1790 502 1837 tanta
514 1778 559 1836 de
576 1770 611 1835 re'
627 1776 702 1840 fides
721 1775 826 1850 haberi
843 1774 975 1858 potest),
999 1798 1085 1850 eum,
1108 1776 1134 1836 si
1152 1799 1207 1836 vos
1227 1779 1322 1839 otium

98 1859 113 1887 ⁷*
157 1863 251 1946 agatis
270 1875 301 1922 et
317 1851 478 1944 negligatis
498 1861 614 1931 omnia,
632 1882 696 1919 non
713 1861 907 1925 tandemnos
926 1861 1008 1941 ipsos
1027 1861 1218 1923 invasurum:
1233 1875 1324 1944 turpe

62 1935 92 1993 ἶ
139 1931 258 2008 Ιιιιιιιειι
276 1946 369 2005 fuerit
386 1944 441 2028 (ita
457 1967 504 2006 me
520 1958 601 2005 amet
615 1945 730 2023 lupiter
748 1964 914 2024 omnesque
934 1944 990 2027 dii)
1010 1957 1040 2005 et
1057 1945 1219 2028 indignum
1236 1948 1324 2009 vobis

157 2045 189 2093 et
204 2031 382 2091 auctoritate
397 2030 524 2091 civitatis
540 2043 572 2090 et
584 2051 685 2090 rerum
700 2030 896 2090 amaioribus
911 2043 1063 2115 gestarum
1079 2031 1186 2112 gloria,
1199 2046 1327 2114 propter

77 2111 81 2119 ’
158 2124 290 2177 uestrum
316 2115 512 2175 otinm'alios
540 2116 673 2174 Graecos
697 2113 855 2175 universos
881 2115 1016 2175 obiicere
1039 2116 1187 2176 servituti.
1220 2117 1339 2197 Atque·

115 2248 119 2253 .
148 2206 280 2283 ‘egomet
292 2199 393 2259 *emori
406 2220 454 2258 me
470 2200 581 2271 malim,
600 2221 688 2277 quam
705 2199 795 2258 huius
812 2186 932 2261 consilii
946 2216 1011 2260 esse
1027 2214 1190 2265 auctorem.
1208 2205 1326 2262 Verum

157 2286 184 2346 si
208 2285 275 2364 quis
300 2283 375 2342 alius
399 2283 430 2344 id
454 2285 527 2344 dicit
548 2282 697 2362 vobisque
721 2285 896 2362 persuadet,
919 2299 1003 2344 esto:
1030 2307 1068 2347 ne
1087 2286 1242 2347 defendite
1260 2308 1327 2360 vos,

157 2370 284 2430 amittite
303 2368 411 2427 omnia.
425 2370 427 2373 ’
441 2368 499 2442 81ηΙ
514 2368 572 2426 hoc
590 2365 704 2429 nemini
722 2369 899 2434 consultum*
912 2370 1048 2442 uidetur,
1066 2371 1120 2429 sed
1139 2373 1327 2433 eontrarium

5 2489 14 2505 ε
107 2515 109 2519 Α
156 2452 475 2533 praescimusomnes,
493 2473 554 2531 quo
572 2451 712 2531 pluribus
729 2473 798 2511 eum
816 2454 914 2533 potiri
926 2454 1079 2527 sinamus,
1094 2475 1132 2514 eo
1151 2477 1210 2529 nos
1226 2459 1326 2521 acrio-

155 2537 328 2598 remillum
353 2549 383 2596 et
405 2536 609 2616 potentiorem
635 2536 754 2603 hostem
778 2537 950 2599 habituros:
978 2539 1056 2618 quid¹
1069 2540 1327 2623 tergiversamur?

157 2623 232 2701 quid
249 2621 418 2681 cessamus?
438 2622 569 2700 quando,
587 2620 801 2694 Athenienses,
820 2624 922 2684 officio
941 2624 1029 2707 fungi
1043 2627 1199 2707 volemus?
1216 2627 1326 2702 Quan-

99 2719 139 2774 89
159 2706 215 2778 do,
238 2723 286 2769 me
305 2704 445 2778 hercule,
463 2705 626 2764 necessitas
644 2704 743 2785 aliqua
761 2708 872 2768 fuerit?
891 2709 967 2769 *Sed
986 2720 1068 2788 quae
1081 2711 1325 2777 liberorumne:

157 2790 279 2849 minum·
296 2790 460 2869 necessitas
486 2789 546 2849 dici
569 2803 675 2868 queat,
700 2811 735 2849 ea
760 2792 832 2854 non
846 2794 940 2853 modo
957 2793 1022 2852 -iam
1045 2796 1145 2868 adest,
1171 2797 1225 2877 sed
1246 2797 1327 2857 olim

158 2875 247 2934 etiam
265 2873 439 2954 praeteriit?
472 2888 502 2933 at
520 2871 635 2937 seruilis
653 2874 760 2935 illane
779 2879 901 2957 quando
919 2877 1058 2960 ingruat,
1086 2882 1250 2963 optandum
1270 2895 1326 2942 est

158 2958 331 3033 Quidvero
355 2958 502 3019 interest?
538 2958 630 3033 Quod
644 2959 788 3040 ,ingenuo
816 2962 932 3022 homiui
950 2964 1076 3045 marima
1095 2979 1140 3027 est
1158 2966 1325 3026 necessitas

156 3062 258 3103 rerum
273 3055 426 3124 gestarum
446 3043 592 3116 dedecus,
609 3063 705 3124 eaque
723 3047 820 3106 maior
837 3045 918 3107 haud
936 3048 1005 3108 scio·
1017 3071 1056 3109 au
1073 3050 1135 3113 ulla
1153 3051 1208 3111 sit:
1234 3071 1325 3112 servo

155 3140 257 3193 autem
280 3127 385 3209 plagae
408 3139 440 3186 et
462 3128 597 3206 corporis
620 3129 787 3203 eruciatus,
815 3133 898 3211 quod
921 3132 1014 3208 absit,
1039 3148 1075 3195 ut
1097 3137 1165 3207 fiat,
1190 3148 1221 3196 et
1240 3136 1326 3197 dictu

153 3210 315 3291 indignum
341 3224 394 3272 ese
436 3210 483 3270 Ac
500 3212 577 3271 illud
595 3213 737 3291 quidem,
757 3214 977 3291 Athenienses,
1003 3220 1040 3279 ad
1064 3242 1098 3279 ea
1123 3241 1189 3280 esse
1211 3220 1324 3303 segnes

156 3306 188 3354 et
209 3295 329 3373 tardos,
360 3315 436 3374 quae
462 3296 640 3377 corporibus
667 3311 698 3358 et
720 3299 911 3362 facultatibus
935 3306 1112 3383 praestanda
1135 3305 1324 3386 reipublicae

139 3370 228 3439 ¹sunt
245 3378 282 3437 ab
300 3379 455 3439 omnibus:
478 3402 542 3441 non
559 3382 749 3460 probandum
768 3398 814 3445 est
831 3386 894 3445 ullo
913 3389 1006 3448 modo
1024 3388 1139 3471 (neque
1157 3390 1255 3450 verbis
1276 3403 1346 3449 est.

156 3460 265 3543 opus),
286 3468 717 3528 ‘verumtamen'excusationis
736 3469 851 3549 aliquid
869 3471 967 3533 habet
1010 3473 1070 3535 Sed
1088 3471 1145 3535 nec
1164 3496 1215 3548 ea,
1242 3495 1323 3553 quae

155 3547 306 3607 audienda
323 3556 395 3609 sunt
412 3570 549 3629 quaeque
568 3551 600 3612 in
619 3553 868 3614 deliberationem
887 3558 1015 3631 cadunt,
1041 3560 1146 3619 audire
1162 3559 1259 3621 velle:
1290 3559 1322 3618 id

154 3650 228 3691 vero
244 3645 379 3696 meretur
391 3654 512 3694 omnem
527 3636 803 3717 reprehensionem.
821 3645 884 3701 Vos
899 3654 1000 3702 autem
1016 3664 1073 3703 nec
1088 3645 1205 3716 audire,
1222 3644 1322 3725 prius-

154 3736 244 3794 quam
262 3737 311 3775 res
334 3717 415 3797 ipsae
440 3718 556 3793 adsint,
580 3735 616 3781 ut
633 3717 729 3782 nunc:
755 3746 812 3784 nee
836 3723 897 3785 ulla
922 3727 959 3786 de
976 3749 1010 3787 re
1029 3729 1197 3789 deliberare
1215 3728 1322 3789 soletis

153 3797 210 3880 per
227 3800 332 3860 otium.
349 3804 403 3862 sed
420 3802 492 3862 dum
510 3804 561 3864 ille
580 3800 735 3867 se'contra
753 3830 806 3870 vos
824 3809 957 3886 instruit,
975 3812 1057 3874 idem
1075 3832 1164 3895 agere
1183 3828 1214 3875 et
1231 3813 1322 3881 vicis-

91 3886 93 3891 “
154 3883 211 3943 sim
233 3884 344 3944 instrui
368 3889 507 3962 cessatis:
533 3890 607 3950 etsi
625 3888 826 3974 quis'aliquid
848 3895 907 3957 tale
927 3897 1052 3971 dixerit,
1080 3899 1196 3961 eiicitis.
1230 3898 1322 3958 Post-

102 4043 110 4055 Χ
153 3989 242 4046 quam
265 3983 365 4031 autem
389 3972 503 4051 perisse
520 3986 581 4034 aaut
599 3976 733 4057 obsideri
751 3979 864 4059 aliquid
881 3982 1088 4042 intellexistis:
1114 3997 1179 4044 tum
1198 3985 1324 4045 demum

152 4051 262 4117 auditis
281 4067 312 4116 et
328 4055 521 4132 instruimini
564 4059 684 4120 Fuisset
706 4077 807 4124 autem
832 4066 1117 4148 audienditempus
1143 4082 1174 4129 et
1197 4059 1322 4150 compar

152 4136 238 4196 randi
263 4158 329 4203 sese
353 4152 436 4216 tum,
460 4164 527 4201 cum
547 4163 601 4202 vos
618 4145 775 4233 npluistis:
799 4149 844 4208 rei
863 4163 962 4210 autem
981 4154 1132 4234 gerendae
1151 4156 1188 4214 'et
1212 4153 1323 4234 utendi

151 4228 302 4302 'apparatu
320 4245 419 4299 nunc,
445 4247 513 4291 cum
539 4227 657 4288 auditis
700 4233 804 4312 ltaque
823 4234 878 4293 his
904 4237 1039 4297 moribus
1064 4238 1122 4297 soli
1144 4238 1321 4300 mortalium

151 4305 287 4367 omnium
306 4321 426 4381 eontra,
446 4333 535 4390 quam
552 4311 603 4371 alii
622 4313 739 4389 solent,
756 4317 904 4379 factitatis.
929 4323 1004 4382 Nam
1023 4343 1129 4383 omnes
1148 4323 1200 4385 alii
1218 4323 1320 4384 homi-
