2722 4754
1027 46 1039 73 l

217 248 254 299 ,Ι
321 187 590 250 inversos
618 186 1040 273 ‚anss‘rocnarsn
1199 197 1261 255 aas

85 341 154 402 lum
165 343 204 401 ad
214 341 362 417 ‚Eionem,
380 363 458 424 quae
472 340 651 426 Amphipoli
667 344 766 405 vicina
785 358 841 420 est,
858 345 967 429 largito
986 357 1018 414 et
1034 343 1179 406 trecentis
1197 344 1260 416 suis

84 425 248 507 equitibus
267 429 405 489 Penestis
423 427 572 509 opitulato
590 450 654 489 non
672 431 888 505 decreverunt,
912 432 938 491 si
956 430 1024 511 quis
1042 451 1113 490 eum
1130 429 1259 491 occidis-

84 522 147 586 set,
166 511 278 573 abduci
296 513 382 575 illum
400 513 507 573 licere:
531 514 586 574 sed
603 514 723 575 civitate
738 515 901 597 donarunt,
919 517 1002 594 quod
1021 537 1090 575 eum
1108 515 1259 597 honorem

59 600 157 658 'esse
182 597 305 658 abunde
330 618 472 681 magnum
496 597 708 664 existimarent.
750 600 882 659 Rursum
905 600 1081 674 Perdiccae,
1106 599 1260 663 Barbarici

85 681 165 745 belli
181 682 372 765 temporibus
390 683 423 744 iu
441 684 619 744 Macedonia
636 684 803 767 regnanti,¹
827 684 880 764 qui
897 684 1045 745 Barbaros
1063 685 1192 746 Plataeis
1209 705 1259 746 re-

85 769 235 829 cedentes
254 767 420 842 ceciderat,
453 767 673 850 elieeeratqut,
696 783 732 829 ut
748 770 829 851 regis
847 770 1006 828 Persarum
1024 770 1122 830 clades
1140 771 1259 854 integra

83 865 187 926 esset,
204 874 269 913 non
288 853 506 928 decreverunt,
523 853 636 915 abduci
651 855 743 915 licere
762 876 849 928 eum,
865 855 890 914 si
909 853 977 934 quis
995 854 1187 928 Perdiccam,
1205 855 1260 936 qui

82 937 119 998 iu
142 951 274 1000 vestram
299 939 426 1021 gratiam
449 939 621 1002 inimicitias
638 940 720 1022 regis
737 938 897 1001 Persarum
914 951 1103 1019 susceperat,
1129 940 1259 1001 occidis»

83 1035 152 1084 set:
173 1024 228 1084 sed
246 1036 365 1084 tantum
384 1023 504 1084 civitate
522 1025 682 1085 donarunt.
724 1025 802 1085 Nam
819 1024 879 1086 illis
897 1023 1086 1109 temporibus
1103 1044 1257 1085 consensu
1279 1035 1342 1096 4237

82 1108 262 1168 mortalium
279 1109 415 1169 omnium
429 1122 531 1170 tantus
544 1109 645 1170 honos
662 1110 834 1191 putabatur,
850 1108 1046 1170 Atheniensis
1064 1108 1192 1183 civitatis
1208 1109 1257 1169 ius

82 1185 231 1275 adipisci,
255 1205 294 1254 ut
316 1215 372 1275 pro
397 1215 433 1254 eo
457 1196 676 1274 consequendo
698 1208 782 1257 tanta
807 1197 840 1256 in
863 1218 921 1256 nos
947 1194 1094 1255 beneficia
1117 1193 1257 1254 conferre
1303 1224 1306 1231 ¹

82 1279 209 1340 vellent.
248 1277 341 1338 Nunc
364 1278 447 1339 idem
470 1280 512 1349 ita
536 1280 759 1355 contemnitur,
786 1292 821 1340 ut
838 1280 897 1359 hoc
914 1280 1033 1339 honore
1052 1278 1152 1339 ornati
1169 1278 1258 1339 multi

84 1363 226 1448 pluribus
243 1382 304 1423 vos
316 1364 402 1424 malis
421 1364 594 1439 affecerint,
613 1387 703 1445 quam
721 1366 817 1446 aperti
835 1366 945 1425 hostes.
980 1364 1088 1444 Neque
1105 1384 1178 1423 vero
1197 1363 1258 1424 hoc
1329 1387 1330 1393 ¹

87 1451 188 1512 solum
210 1469 324 1509 munus
350 1462 473 1509 nostrae
497 1449 583 1519 urbis
601 1450 817 1511 ,abiectum'et
840 1450 900 1510 vile
925 1451 1036 1509 lactum
1060 1461 1120 1509 est:
1147 1449 1201 1509 sed
1225 1458 1258 1509 et

61 1546 64 1551 '
83 1547 209 1596 caetera
228 1534 330 1593 omnia
353 1548 482 1615 propter
504 1535 732 1595 exsecrabilium
758 1549 789 1596 et
806 1535 990 1596 nefariorum
1010 1548 1175 1607 oratorum,
1202 1532 1256 1613 qui

80 1620 158 1682 :alia
172 1631 289 1679 temere
307 1619 460 1694 scribunt,
485 1619 718 1701 improbitatem.
753 1622 894 1696 Quorum
912 1619 1033 1680 avaritia
1052 1633 1083 1680 et
1098 1619 1205 1678 sordes
1222 1618 1255 1678 iu

80 1717 149 1767 tam
164 1704 346 1764 immensum
365 1719 581 1779 excreverunt,
604 1718 640 1765 ut
657 1705 792 1766 bonores
811 1719 842 1766 et
858 1705 989 1787 praemia
1006 1704 1165 1776 vestratis,
1187 1716 1256 1763 tau-

82 1812 180 1872 quam
196 1789 237 1866 ii,
266 1790 327 1870 qui·
338 1790 470 1861 minutas
487 1812 537 1850 res
557 1804 588 1851 et
605 1813 695 1872 supra
712 1792 838 1852 modurn
856 1791 931 1852 viles
948 1789 1179 1861 auctionantur,
1210 1787 1255 1848 sic

83 1877 221 1951 vendant
236 1876 273 1936 de
291 1876 393 1957 pretio
412 1876 616 1950 detrahentes,
635 1890 665 1937 et
679 1877 783 1936 multis
803 1876 843 1935 ob
862 1877 966 1936 eadem
984 1875 1035 1934 illa
1054 1873 1162 1934 lucella
1179 1872 1254 1932 scri-

80 1961 248 2042 ptitantes,
264 1960 411 2041 quicquid
429 1962 555 2021 omnino
575 1961 756 2040 optaverint
778 1960 912 2020 Primum
931 1959 1029 2032 enim,
1047 1970 1116 2018 uta
1134 1970 1254 2037 postre-

80 2045 142 2106 mis
159 2045 322 2119 ordiamnr,
340 2045 576 2106 Ariobarzanem
591 2046 689 2120 illum,
706 2066 770 2106 non
788 2045 888 2125 ipsum
904 2057 1023 2104 tautum
1043 2056 1073 2121 et
1091 2043 1155 2102 eius
1173 2041 1254 2102 lilios

81 2151 214 2192 nurnero
232 2143 295 2191 tres
313 2131 454 2192 omnihus
475 2130 590 2214 dignati
607 2144 695 2203 sunt,
721 2150 920 2211 quaecunque
938 2128 1119 2189 voluerunt:
1150 2126 1204 2187 sed
1223 2138 1255 2186 et

82 2217 162 2277 duos
179 2215 367 2300 Abydenus,
400 2211 612 2276 infestissimos
630 2215 865 2282 Atheniensium
883 2215 1006 2288 hostes,
1038 2211 1177 2272 homiues
1194 2208 1253 2275 im-

79 2300 299 2383 probissimos,
325 2301 353 2359 ei
371 2301 588 2375 adiunxerunt,
605 2301 771 2377 Philiscum
788 2314 822 2362 et
837 2301 983 2383 Agavum.
1026 2298 1159 2370 Rursus,
1184 2316 1253 2356 cum

79 2385 266 2465 Timotheus
283 2383 386 2446 officio
404 2387 526 2447 iunctus
546 2407 616 2469 erga
634 2407 688 2447 vos
714 2400 744 2447 et
760 2398 827 2447 rem¹
844 2386 922 2445 bene
941 2382 1070 2466 gessisse
1087 2381 1253 2457 videretur,

78 2484 294 2553 praeterquam
319 2472 401 2550 quod
425 2472 455 2531 ei
477 2494 593 2532 summa
616 2471 904 2543 omnia-dederant,
928 2469 1104 2528 adiecerunt
1128 2464 1254 2526 aucmrii

78 2556 149 2617 vice
166 2557 255 2631 duos,
273 2555 493 2618 Phrasicridem
512 2571 543 2618 et
561 2556 794 2642 Polysthenem,
812 2555 952 2616 homines
971 2551 1086 2637 (neque
1105 2551 1187 2610 enim
1204 2550 1253 2609 in-
1267 2590 1282 2609 .

79 2640 177 2725 geum
193 2636 288 2723 sunt)
299 2643 435 2723 perditos
455 2656 487 2703 et
503 2642 615 2704 talibus
632 2642 819 2704 facinoribus
839 2653 973 2721 opertos,
991 2660 1007 2697 a
1022 2658 1153 2717 quorum
1168 2656 1253 2699 ccm-

80 2727 303 2787 memoratioue
321 2727 415 2788 homo
431 2729 572 2788 cordatus
591 2728 759 2788 abhorreat
800 2726 892 2786 Nunc
909 2736 1074 2805 postremo,
1091 2733 1253 2802 postquam

81 2807 315 2894 Cersobleptem
341 2811 388 2872 his
414 2813 529 2896 dignati
554 2826 643 2888 sunt,
668 2833 745 2893 quae
768 2811 842 2892 ipsis
867 2809 1074 2881 videbantur,
1090 2818 1121 2865 et
1145 2824 1180 2864 ea
1203 2824 1253 2865 res

76 2895 206 2959 murinis
230 2897 340 2957 studiis
365 2898 527 2981 agebatur,
554 2899 632 2959 duos
658 2899 686 2956 ei
710 2898 895 2979 adiungunt:
921 2893 1067 2965 alterurn,
1091 2890 1146 2969 qui
1169 2900 1253 2949 tanta

41 3030 46 3037 .
75 2982 265 3056 malefecit,
291 2997 403 3062 quanta
421 2983 594 3045 audivistis:
619 2973 771 3056 alterum,
792 3001 883 3062 quem
900 2998 1024 3060 prorsus
1041 2994 1133 3037 nemo
1152 2973 1270 3034 homi-¹

76 3089 154 3128 num
180 3067 283 3142 novit,
307 3068 446 3148 quisnam
470 3070 526 3142 sit,
551 3069 712 3129 Eudercen
737 3067 870 3129 nomine.
913 3067 1019 3144 ltaque
1045 3063 1117 3122 dum
1142 3060 1183 3120 ita
1207 3058 1253 3134 fit,

77 3173 159 3234 quae
182 3175 292 3236 magna
317 3153 391 3214 olim
415 3154 622 3227 habebantur,
649 3175 731 3213 nunc
748 3152 832 3236 parvi
850 3150 1063 3221 aestimantur,
1090 3158 1121 3207 et
1146 3165 1195 3205 res
1219 3143 1253 3203 in

77 3239 147 3299 dies
169 3251 297 3322 vagatur
320 3239 460 3323 longius,
487 3258 587 3319 neque
606 3238 665 3298 iam
683 3239 757 3299 haec
775 3235 938 3299 sufficiunt
973 3233 1067 3308 Quod
1092 3230 1153 3292 nisi
1176 3229 1271 3290 hacc'

32 3388 35 3393 ,
75 3323 200 3407 singula
220 3323 380 3403 cavebitis:
405 3325 476 3386 satis
495 3337 634 3406 apparet,
658 3324 741 3399 fore,
763 3322 939 3384 utiliorum
957 3318 1089 3403 pretium
1108 3315 1252 3398 etgratia
1281 3334 1288 3341 ’

77 3408 179 3469 omnis
200 3411 359 3470 exolescat
395 3410 488 3485 Quod
505 3431 579 3471 vero
597 3411 634 3470 ad
658 3423 771 3470 tantam
787 3407 1009 3488 turpitudinem
1026 3426 1076 3464 res
1093 3403 1251 3483 prolapsae

76 3505 170 3568 sunt,
192 3516 285 3554 nemo
304 3495 399 3578 magis
417 3496 451 3556 in
469 3495 622 3577 culpaest
639 3480 729 3574 quam
747 3514 801 3555 vos
819 3492 896 3573 ipsi,
914 3489 1136 3561 Athenienses,
1154 3487 1251 3547 sive·
1276 3523 1301 3573 -Χ

74 3580 275 3652 τίῐεε,ι1ἱδειὸ
301 3581 428 3642 dicenda
454 3594 507 3641 est
541 3580 617 3640 Nam
644 3580 857 3660 delinquentes
882 3576 991 3658 punire
1017 3574 1193 3645 destitistis,
1220 3583 1252 3631 et
1290 3648 1297 3659 ἢ

23 3723 26 3729 .
73 3664 227 3746 supplicia
245 3666 476 3727 etiam-civitate
495 3666 687 3748 emigrarunt
730 3665 827 3744 Atqui
845 3662 1054 3734 considerate,
1081 3680 1143 3739 quo
1160 3668 1250 3739 pacto

75 3751 177 3810 nostri
195 3751 327 3810 maiores
346 3771 398 3812 eos
420 3751 479 3811 ulti
503 3751 580 3824 sint,
605 3771 621 3810 a
646 3751 756 3830 quihus
780 3748 890 3809 iniuria
914 3744 1144 3807 alliciebantur?
1169 3743 1251 3802 Num

75 3836 189 3895 eodem
207 3837 320 3909 modo,
338 3857 400 3916 quo
418 3837 494 3897 vos?
518 3835 567 3895 llli
583 3836 839 3908 Themistoclem,
858 3826 964 3893 animis
983 3831 1141 3892 elatiorem
1159 3848 1251 3908 quam
1331 3898 1339 3907 ,

73 3919 111 3981 in
127 3919 225 3981 libera
244 3920 363 3981 civitate
382 3920 455 3981 ferri
473 3933 594 4002 posset,
625 3922 761 3981 Medicas
780 3918 963 4001 proditionis
982 3918 1156 3977 damnatum
1173 3911 1250 3975 urbe

75 4005 250 4068 eiecerunt:
269 4002 390 4080 Cimon,
408 4008 492 4088 quod
511 4005 636 4087 patriam
654 4005 839 4085 reipublicae
855 4004 984 4063 sormam
999 4003 1032 4062 in
1049 4022 1082 4061 se
1098 4013 1249 4075 transmo-

74 4105 180 4166 veret,
207 4091 306 4153 tribus
324 4105 444 4153 tantum
463 4090 584 4152 calculis
602 4112 732 4172 poenam
752 4090 855 4172 capitis
875 4087 1001 4170 elingit,
1030 4083 1256 4168 quinquaginta'

73 4177 199 4251 talentis
219 4178 380 4238 mulctatus
399 4191 452 4240 est
494 4178 563 4237 Hoc
580 4178 672 4237 modo
690 4175 859 4259 tractabant
876 4174 958 4233 viros
977 4173 1014 4232 de
1032 4192 1064 4232 se
1082 4184 1143 4231 tam
1162 4189 1249 4252 prae-
1272 4171 1334 4228 438

75 4261 156 4323 clare
176 4252 311 4325 meritos.
345 4264 435 4324 Haud
459 4261 582 4322 iniuria·
612 4263 676 4323 Nec
700 4262 781 4322 enim
800 4262 843 4322 eis
862 4257 1036 4320 vendebant
1053 4279 1137 4319 suam
1155 4256 1249 4316 liber-

76 4360 170 4409 tatem
190 4362 223 4410 et
239 4348 448 4434 magnitudine
465 4347 635 4415 animorum
654 4359 769 4432 partam
786 4346 929 4430 gloriam:
947 4343 1065 4421 sedet,
1083 4345 1156 4407 dum
1175 4338 1252 4403 boui
