2722 4754
309 153 881 299 'senhenormius-n¹
998 158 1009 182 ³
1152 176 1289 263 su*

262 394 266 408 ’
360 474 364 478 ι
466 395 883 459 arsramouss.'

144 529 230 590 Itane
250 549 330 600 eum,
349 526 402 607 qui
415 525 453 586 ab
471 525 561 586 initio
579 538 708 587 vestram
725 525 966 607 negotiationem
984 523 1182 600 conservavit
1199 536 1231 591 et

51 613 163 673 multis
189 613 222 673 in
248 612 340 672 rebus
364 610 461 671 istius
476 611 555 692 patri
579 631 612 671 se
638 610 745 671 utilem
771 610 928 689 praebuit,
953 624 984 672 et
1008 623 1056 675 tot
1079 611 1229 674 in‘istum

52 698 160 778 ipsum
178 685 326 758 beneticia
345 694 493 770 contulit,
511 708 588 776 quot
604 694 659 754 vos
677 694 851 770 audivistis:
878 715 971 770 eum,
987 696 1129 776 inquam,
1145 707 1229 756 tanta

56 783 171 843 mulcta
190 785 383 855 damnatum,
400 801 456 861 per
472 780 614 849 iniuriam
632 799 698 840 esse
716 791 804 860 putat
821 780 1103 852 exterminandum?
1120 781 1229 860 Neque

41 940 46 945 ⁵
61 869 145 937 enirn·
154 869 323 948 quicquam
341 865 423 926 aliud
441 867 540 925 fa‘cere
558 864 664 946 possis'.
677 865 770 924 :Nam
787 863 814 924 si
832 864 912 943 bona
929 863 1004 925 haec
1021 879 1109 928 acute
1126 865 1243 926 intue--
1260 908 1263 913 -

59 951 157 1027 beris,
183 952 340 1024 invenies,
359 970 490 1030 quorum
509 950 585 1010 sint:
603 951 663 1010 nisi
681 949 730 1023 hi,
749 950 833 1029 quod
850 948 945 1023 absit,
969 950 1090 1031 decepti
1106 949 1228 1011 suerint.

61 1037 153 1113 Vides
178 1036 415 1110 Archilochum,
442 1031 685 1095 Charidemi‘Fd'
711 1032 793 1095 Olim
819 1034 925 1095 hahuit
945 1055 1069 1118 agrum:
1098 1036 1229 1095 eundem

61 1143 142 1182 nuno
165 1123 254 1182 multi
278 1120 407 1194 habent,
432 1122 611 1201 possederat
635 1118 821 1193 enimcum,
846 1120 944 1179 multo
971 1119 1134 1180 obstrictus
1159 1140 1229 1180 aere

61 1207 175 1267 alieno:
193 1206 390 1280 Sosinomum
408 1206 497 1280 item,
515 1207 743 1280 Timodct'num,
762 1218 794 1266 et
811 1219 947 1266 caeteros
964 1203 1146 1283 mensarios:
1165 1204 1228 1286 qui,

61 1312 126 1352 eum
153 1291 400 1352 satisfaciendum
426 1301 506 1351 esset
525 1290 750 1363 creditoribus,
781 1288 870 1351 bonis
897 1290 1038 1351 omnihus
1064 1301 1228 1351 cesserunt

60 1376 102 1437 Tu
122 1398 198 1438 vero
218 1375 294 1435 nihil
314 1375 440 1435 omuino
459 1375 713 1440 considerandum
730 1386 835 1456 putas,
862 1388 898 1436 ut
915 1389 1002 1456 pater
1017 1389 1107 1448 tuus,
1132 1374 1180 1447 uir
1196 1387 1227 1438 te

56 1462 156 1522 multo
177 1475 208 1522 ct
225 1456 335 1539 melior
353 1466 384 1521 e't
401 1460 599 1540 prudentior,
634 1460 726 1520 rebus
745 1459 887 1521 omnibus
906 1461 1079 1521 consultum
1096 1456 1210 1541 putarit
1216 1481 1228 1539 p
1277 1504 1280 1509 ·

53 1543 108 1627 qui
129 1545 202 1630 (pro
218 1543 308 1606 derim
325 1557 416 1625 atque
433 1545 591 1605 hominum
606 1543 713 1628 fidem)
730 1557 815 1605 tanto
830 1553 864 1606 te
878 1544 1129 1626 praestantiorem
1145 1544 1232 1606 hunc
1281 1598 1286 1603 .

41 1651 130 1693 -esse-
143 1630 307 1703 iudicavit,
318 1630 521 1691 et'utiliorem
539 1644 605 1690 tum
622 1630 689 1704 tibi,
706 1642 772 1700 tum
790 1630 859 1704 sihi,
876 1643 941 1708 tum
959 1631 1091 1715 negotiis
1109 1630 1228 1706 vestris,
1259 1648 1263 1662 ·
1282 1703 1283 1706 Ἴ

43 1729 107 1790 ut,
136 1716 271 1797 quamvis
291 1728 325 1774 tu
344 1709 391 1775 tir
409 1735 507 1788 esses,
532 1714 629 1789 hunc,
654 1735 718 1774 non
736 1722 783 1788 te,
807 1715 939 1776 semissis
957 1728 1091 1776 tutorem
1109 1716 1228 1791 fecerit,
1255 1741 1294 1796 99

43 1796 248 1880 u'xoremque
267 1799 295 1859 ei
314 1800 521 1880 desponderit,
540 1811 571 1859 et
587 1800 740 1861 viventem
759 1821 828 1881 eum
846 1800 1018 1862 honorarit:
1036 1801 1113 1876 iure,
1130 1801 1239 1867 Athe-‚v

41 1887 190 1946 nienses.
232 1885 308 1944 Nam
326 1885 438 1964 reliqui
455 1884 614 1958 mensarii,
638 1884 717 1943 nihil
735 1885 772 1944 de
789 1883 943 1946 locatione
960 1886 1147 1967 pendentes,
1173 1887 1228 1947 sed

41 1969 116 2050 ipsi
135 1971 169 2029 in
187 1990 251 2029 rem
270 1989 353 2028 suam
373 1981 570 2048 quaerentes,
590 1982 698 2028 ornnes
713 1968 885 2048 perierunt:
904 1970 963 2030 hie
979 1990 1070 2045 vero,
1089 1973 1126 2031 de
1143 1972 1228 2031 loca·
1270 1960 1301 1984 ”

41 2055 144 2116 tione
169 2055 305 2135 pendens
330 2053 400 2113 bina
424 2054 535 2114 talenta
561 2065 592 2112 et
611 2053 820 2135 quadragenas
843 2048 954 2133 minas,
981 2054 1227 2116 mensamvobis

41 2138 257 2201 conservavit
293 2138 434 2212 Quorum
457 2134 751 2198 ille-beneficiorum
772 2157 891 2197 memor
914 2152 945 2198 et
965 2152 1068 2220 gratus
1092 2140 1167 2214 fuit,
1192 2152 1227 2200 tu

41 2223 174 2285 nullam
191 2224 348 2304 rationem⁸
359 2222 462 2297 habes,
480 2222 532 2282 sed
552 2233 657 2281 contra
673 2233 889 2282 testamentum
907 2234 938 2283 et
956 2223 1177 2285 exsecrationes
1193 2223 1227 2282 in
1256 2268 1258 2272 -

41 2310 205 2368 eodcma
230 2321 314 2388 patre
331 2308 489 2387 inscriptas
515 2306 662 2388 exagitas,
686 2305 861 2380 insectaris,
886 2306 1084 2368 calumniaris.
1127 2309 1156 2386 O
1181 2308 1229 2369 tir

42 2394 186 2475 optime,
206 2393 231 2453 si
249 2406 279 2453 te
298 2393 459 2453 tamenita
476 2391 627 2450 nominari
642 2389 687 2451 fas
705 2403 769 2465 est,
785 2409 849 2451 non
866 2391 1001 2465 desines,
1014 2412 1116 2473 neque
1133 2393 1226 2453 intel-

41 2479 152 2562 liges,
171 2477 339 2538 honitatem
358 2498 465 2558 magna
483 2475 612 2557 pecunia
630 2471 705 2535 'esse'
712 2475 884 2556 potiorem?
902 2476 991 2550 Tibi,
1008 2498 1079 2538 vera
1096 2476 1123 2538 si
1141 2477 1227 2552 dicis,

41 2576 105 2626 -tot
123 2576 265 2644 acceptae
283 2562 429 2643 pecuniae
446 2563 604 2643 perierunt
622 2581 738 2639 omnes,
755 2572 790 2620 ut
807 2560 867 2621 ais:
885 2572 915 2621 at
932 2561 959 2620 si
976 2563 1133 2623 modestus
1150 2562 1226 2622 fuis·

52 2667 125 2723 ses,
143 2661 300 2728 nunquam
319 2669 367 2707 eas
386 2647 612 2707 consumsisses.
646 2645 713 2727 Ego
731 2662 873 2720 vero,1·e
891 2645 929 2705 ab
948 2647 1037 2708 omni
1048 2661 1132 2728 parte
1150 2668 1227 2713 eon·
1275 2672 1278 2682 ¹

58 2731 207 2806 siderata,
238 2731 498 2805 mediusfidius,
529 2730 731 2813 nihilvideo,
761 2751 816 2790 cur
832 2727 949 2807 iudices
966 2750 984 2789 a
1001 2732 1227 2813 tepersuadqri

61 2818 121 2889 sibi
137 2817 254 2890 sinant,
271 2817 406 2877 uthnnc
423 2817 650 2876 condemnent.
662 2808 748 2889 Quid
764 2813 865 2874 enim?
881 2812 932 2873 An
951 2817 1034 2894 quod
1050 2811 1227 2877 recentibus
1258 2842 1264 2850 ’

59 2903 159 2964 adhuc
176 2902 296 2961 iniuriis
314 2899 520 2961 aecumst-At
538 2899 624 2960 annis
643 2912 674 2959 et
689 2898 878 2981 temporibus
896 2900 1074 2979 praeteritis?
1085 2898 1227 2961 crimina-

43 2987 109 3048 -risa
155 2987 203 3058 hp
222 2988 305 3066 quod
323 2985 483 3046 interiecto
500 2999 640 3067 tempore
662 2984 695 3043 in
708 2987 778 3044 ¹otio
794 2997 827 3044 te
845 2984 1044 3046 continuisti?
1065 2985 1139 3067 »Sed
1157 2985 1226 3067 quis

58 3071 197 3154 ignorat,
215 3093 304 3151 quam
322 3070 477 3151 inquietus
496 3083 528 3130 et
543 3069 737 3129 turbulentus
756 3070 906 3150 perpetuo
922 3066 1028 3144 fueris,
1045 3077 1109 3130 non
1127 3070 1227 3151 priva-

48 3158 99 3217 ·tis
113 3158 215 3216 modo·
225 3156 350 3216 erimina
365 3154 554 3215 intendendo
569 3154 618 3229 ¹his
633 3152 715 3214 haud
728 3153 862 3227 minora,
880 3155 933 3213 sed
949 3166 981 3214 et
994 3153 1117 3236 publice
1153 3175 1226 3216 uos-

61 3241 128 3311 dam
147 3240 358 3300 calumniando
384 3253 415 3299 et
431 3239 464 3298 in
481 3239 628 3298 iudicium
646 3238 842 3298 adducendo:
866 3238 985 3299 Nonne
995 3176 1226 3301 Timomadhum

60 3325 240 3386 accusabas?
266 3325 377 3384 Nonne
397 3320 584 3404 Callippum,
609 3344 697 3398 eum,
721 3322 774 3408 qpi
790 3329 874 3382 nune
891 3323 987 3383 estin
1006 3324 1132 3386 stettiat
1154 3325 1226 3408 Non

60 3409 374 3471 rursus-menonem?-
400 3409 479 3470 -Νοιι
496 3406 681 3469 Autoclcm?
714 3406 1022 3468 Non‘Timotheum?
1056 3409 1128 3469 Non
1150 3406 1226 3468 alios

61 3495 193 3555 nultos?
213 3494 382 3555 ’Enimvero
406 3512 482 3572 quae
506 3492 584 3552 ratio
606 3491 681 3567 fuit,
706 3505 742 3561 ut
758 3504 808 3565 tu,
833 3492 891 3572 qui,
902 3490 1111 3572 Apollodorus
1135 3513 1227 3566 esses,

60 3579 181 3660 publica
200 3578 310 3638 delicta
333 3577 479 3658 (quorum
490 3579 591 3657 ‘quota'
607 3577 711 3659 portio
728 3577 767 3637 ad
784 3590 815 3638 te
833 3572 994 3660 attinebat)
1016 3577 1123 3639 ulcisci
1139 3578 1224 3658 prius

60 3658 171 3738 telles,
195 3652 430 3742 qua'mfprivata‘s
448 3655 590 3736 iniurias,
612 3663 651 3723 de
669 3661 780 3744 quibus
798 3683 879 3723 nune
897 3662 1051 3743 quereris,
1073 3662 1226 3744 persequi,
1301 3737 1306 3743 1

60 3748 256 3829 praesertim,
274 3748 300 3806 si
317 3746 380 3809 tibi¹
391 3748 577 3808 credendum
595 3747 787 3828 sit,·tantas?
805 3747 889 3823 Quid
906 3747 1001 3848 igitur
1016 3747 1086 3826 illos
1099 3740 1226 3809 accusa·
1273 3756 1294 3786 ⁴*

61 3833 128 3908 bas,
141 3833 235 3893 ¹hune
255 3830 435 3893 omittebat?
468 3831 558 3914 Nulla
576 3832 720 3915 nimirum
736 3830 904 3892 tibi'liehat
920 3832 1045 3893 iniuria:
1070 3835 1125 3894 sed
1143 3851 1225 3893 nunc

59 3918 309 3999 calumniatorem
319 3916 397 3998 agis.
410 3917 575 3997 ¹Equidem·
587 3917 728 3991 arbitror,
746 3917 882 3977 omnium
900 3917 1027 3987 maxime
1045 3919 1082 3978 ad
1099 3938 1164 3977 rem
1181 3917 1226 3977 ia-

53 4015 143 4087 ·oere,
161 4015 198 4063 ut
210 4001 441 4085 harum-rernm
458 4013 554 4062 testes
570 4003 765 4063 adducantur.
792 4002 987 4075 Eum'enim,
1006 4003 1059 4082 qui
1076 4012 1226 4084 perpetuo

61 4087 276 4159 calumniatum·
288 4082 362 4167 quid
378 4087 573 4169 nuncfacere
591 4086 822 4147 existimandum
839 4099 885 4148 est
892 4087 908 4166 ,Ρ-
921 4085 1025 4168 Atque
1042 4080 1227 4155 illudetiam

61 4190 229 4255 egu·sane·,·
253 4169 473 4245 Adtenienses,
500 4171 657 4246 existimo,
681 4192 758 4252 quae
775 4172 886 4233 indicia
904 4185 975 4233 sunt
992 4182 1110 4233 morum
1130 4174 1228 4255 Phor-

60 4257 221 4318 mionis‘et
240 4255 371 4316 iustitiae
390 4256 455 4316 eius
474 4269 505 4317 et
522 4256 732 4333 humanitatis,
757 4279 790 4318 ea
808 4259 899 4319 etiam
918 4277 935 4317 e
951 4277 986 4316 re
1004 4277 1070 4319 esse
1086 4258 1227 4321 'ut-vobis

49 4344 257 4424 exponantur.
280 4341 357 4401 Nam
372 4341 425 4420 qui
440 4354 521 4402 esset
536 4342 568 4405 in
585 4364 690 4404 omnes
705 4343 838 4423 iniquus,
855 4342 1001 4421 fortassis,
1018 4357 1054 4405 ut
1070 4343 1227 4418 istbetiam

94 4478 145 4518 .,
344 4522 376 4537 1,
618 4477 621 4483 ,
832 4428 1027 4502 .ao*
