2722 4754
59 261 70 268 ,
106 187 200 248 aas·
252 250 257 255 ,
411 148 800 248 osn'osrnsnrs
816 135 1055 315 ιιιιιιο

69 377 70 381 =
96 335 250 427 „gitavih
267 340 304 402 ab
323 360 360 402 eo
378 341 599 420 impetrarunt?
616 342 733 434 Quos
723 352 780 402 rste
798 317 903 403 omnes
921 341 1026 424 capitis
1045 339 1221 403 damnavit
1210 361 1246 399 ιιι
1260 337 1336 399 his

134 428 271 501 iudiciis,
290 427 382 505 idque
400 424 575 506 priusquam
592 416 688 508 prim'a
705 427 853 510 suffragia
865 427 1037 489 ferrentur?
1054 427 1121 488 Et
1112 449 1144 486 ιιι
1164 446 1244 507 quos
1262 424 1313 486 sa·

73 530 79 543 “
136 514 269 575 seinator
285 511 344 570 iste
361 510 437 571 adeo
455 513 587 572 crudelis
606 526 637 574 et
654 512 779 574 acerbus
797 513 871 588 suit,
907 534 959 583 eos
977 533 1050 586 vos,
1085 513 1308 589 Athenienses,

134 595 189 680 qni
207 610 272 657 tum
290 595 400 655 sortito
417 597 534 657 iudices
553 598 660 671 eratis,
677 611 713 658 ut
730 619 861 677 aequum
878 598 960 674 fuit,
979 597 1196 671 conservastis,
1221 594 1310 677 quod

135 683 172 743 ab
192 683 251 742 isto
270 674 428 743 calumniis
447 683 687 779 exagitarentur,
710 696 742 742 et
751 681 946 764 absolvistis,
966 697 996 744 et
1013 685 1149 764 quintani
1169 680 1223 742 isti
1239 680 1310 740 suf-

133 758 299 869 fragiorum
317 779 433 849 partem
451 774 515 828 ιιοιι
533 767 666 830 dedistis.
701 767 791 829 Istius
809 781 909 828 auteur
927 768 1073 829 acerbitas
1092 781 1123 829 et
1139 765 1312 854 sanguina-

134 852 178 924 ria
197 873 282 912 mens
302 865 333 913 et
351 853 511 914 crudelitas
528 865 649 934 praesto
668 849 743 914 eral
740 866 781 913 et
787 876 831 927 ιιι
848 852 912 913 acie
927 850 1118 941 vepsabatur:
1142 875 1208 913 uon
1227 871 1310 933 pue-

113 938 227 1012 rulis,
257 960 326 1003 non
352 931 500 1007 matribus
523 959 664 1012 reorum,
695 950 822 1018 quarum
851 939 1013 1021 pleraeque
1042 958 1137 999 senes
1159 937 1318 997 mulieres

136 1036 231 1098 eraut,
249 1025 400 1085 adstantes
419 1031 487 1082 cur'n
505 1022 658 1098 videret,
648 1035 706 1084 rste
724 1023 909 1093 movebatur.
932 1023 1042 1084 Tibine
1061 1020 1311 1107 ignoscendum?

39 1161 48 1168 .
74 1132 76 1137 ·
124 1110 224 1178 -Unde
241 1122 293 1169 aut
308 1107 423 1188 aquo?
440 1111 505 1167 Aut
522 1121 646 1169 tuorum
664 1105 793 1170 liberium
809 1109 946 1169 miserem
937 1106 1067 1169 decet?
1086 1109 1214 1168 Minime
1231 1126 1311 1168 vero

134 1194 279 1293 gentium.
296 1194 347 1253 Tu
361 1188 616 1269 misericordiam,
633 1215 710 1274 quae
730 1198 800 1276 erga
818 1194 874 1254 hos
892 1194 997 1253 haberi
1016 1194 1110 1268 solet,
1128 1190 1311 1293 prodidisti,

134 1278 346 1360 Aristogiton,
365 1278 428 1339 imo
445 1278 568 1359 penitus
585 1280 742 1340 sustulisti.
769 1280 843 1338 Ne
834 1280 929 1379 igitur
944 1280 982 1339 ad
1001 1300 1069 1355 eos,
1089 1280 1166 1360 quo's
1184 1291 1221 1339 tu
1239 1279 1309 1360 ipse

135 1364 302 1426 ruderibus
303 1362 485 1465 implevisti
503 1378 534 1425 et
557 1365 722 1425 muricibus
745 1364 988 1438 circumdedisti,
1013 1372 1119 1464 portus
1139 1363 1309 1463 appellito.

136 1471 237 1531 neque
253 1448 343 1508 enim
365 1449 479 1509 iustum
498 1462 550 1509 est.
593 1447 727 1550 Quodsi
738 1451 896 1510 maledicta
913 1450 1059 1524 audietis,
1086 1468 1163 1530 quae
1181 1450 1217 1508 ἰιι
1235 1448 1307 1508 foro

52 1543 115 1600 505
136 1534 367 1603 obambulans
357 1557 390 1595 an
414 1555 479 1596 vos
492 1534 619 1617 ingerit.
649 1535 744 1616 magis
762 1535 851 1594 etiam
870 1555 940 1595 eum
959 1535 1100 1608 oderitis,
1128 1546 1160 1593 et
1183 1532 1309 1593 merito.

136 1619 189 1680 hit
212 1618 326 1705 enirn,-x
337 1619 449 1690 multos
469 1620 579 1679 debere
599 1621 731 1694 aerario,
755 1640 870 1700 eosque
890 1639 995 1680 omnes
1020 1620 1067 1679 sui
1091 1639 1157 1679 esse
1180 1606 1306 1678 similes.

135 1705 213 1789 Ego
220 1725 293 1766 vero
311 1692 423 1765 multos
443 1725 508 1764 esse
527 1705 715 1765 calamitosos
734 1704 883 1779 homines,
905 1705 961 1765 etsi
979 1705 1041 1764 duo
1060 1705 1206 1764 duntaxat
1223 1715 1302 1776 suut,

134 1791 241 1851 fateor.
285 1787 419 1851 Omnino
446 1791 526 1849 enim
552 1791 653 1876 plures
677 1803 750 1850 sunt
773 1811 862 1870 quam
888 1789 1063 1890 oportebat:
1092 1802 1123 1849 et
1148 1787 1301 1849 neminem

136 1875 237 1936 alium
247 1875 373 1935 decebat
390 1867 565 1937 obaeratum
585 1897 658 1935 esse.
682 1876 752 1935 Nou
770 1888 889 1948 tamen,
907 1875 948 1934 ita
966 1896 1014 1935 me
1034 1873 1076 1934 dii
1093 1873 1173 1934 bene
1192 1883 1304 1946 ament,

138 1982 190 2021 eos
217 1960 303 2020 istius
328 1981 394 2020 esse
415 1960 528 2020 similes
547 1959 690 2047 arbitror.
714 1980 813 2043 neque
833 1917 934 2020 multis
954 1972 1000 2020 est
1017 1980 1101 2040 opus.
1137 1959 1203 2035 lmo
1228 1978 1304 2018 con-

113 2112 117 2124 ,
135 2044 262 2106 trarium
280 2045 406 2105 omnino
426 2058 472 2106 est
489 2043 609 2118 verum,
621 2045 741 2125 idque
732 2059 773 2106 ιιι
790 2045 984 2128 intelligetis:
1008 2065 1109 2124 neque
1126 2064 1186 2123 rue,
1204 2042 1301 2104 Athe·

121 2131 276 2204 nienses,
294 2131 335 2190 ita
353 2131 439 2210 loqui
455 2130 630 2205 vobiscum,
640 2143 682 2191 ut
700 2153 752 2212 qur
744 2131 904 2191 debeatis
923 2131 1048 2205 aerario,
1066 2129 1228 2213 putabitis:
1245 2148 1300 2187 ne-

137 2234 197 2297 que
213 2216 293 2275 enim
302 2215 347 2276 ita
362 2229 407 2276 est
421 2214 513 2299 (absit
526 2214 609 2297 hoc),
620 2236 721 2296 neque
736 2237 795 2317 ego
808 2216 850 2276 ita
865 2235 930 2277 esse
944 2215 1097 2276 existimo:
1116 2215 1170 2275 scd
1183 2236 1211 2274 sr
1200 2213 1302 2272 sorte
1317 2266 1319 2271 .

32 2376 37 2385 .
138 2301 206 2380 quis
225 2313 276 2360 est
288 2299 389 2360 alicui
387 2315 520 2361 vestrum
534 2301 597 2360 sive
610 2302 733 2375 amicus,
752 2303 815 2363 sive
827 2299 1002 2362 familiaris
993 2313 1073 2361 mter
1087 2300 1168 2372 illos,
1187 2308 1301 2378 quanto

85 2456 89 2463 ,
138 2385 203 2446 eius
222 2385 347 2452 nomine
364 2386 456 2445 istum
475 2385 547 2445 odio
564 2385 708 2486 prosequi
728 2387 846 2460 debeat,
861 2386 948 2446 vobis
968 2387 1134 2469 ostendam.
1165 2383 1301 2444 Primum

40 2470 42 2475 ’
138 2473 194 2542 eo,
213 2472 295 2550 quod
314 2470 451 2530 homines
469 2491 601 2549 aequos,
619 2472 672 2570 qui
689 2473 842 2551 spondent
858 2492 915 2551 pro
933 2471 1016 2545 aliis,
1035 2494 1088 2551 qm
1079 2459 1301 2529 humanitatis

139 2555 239 2616 officia
256 2568 410 2636 praestant
427 2567 517 2636 atque
535 2556 576 2615 ita
593 2556 741 2636 privatum
760 2577 809 2617 aes
823 2557 955 2617 alienum
974 2555 1168 2626 contrahunt,
1187 2553 1301 2634 quique

138 2640 171 2699 iu
182 2641 398 2721 rempublicam
416 2641 493 2700 nihil
512 2641 717 2725 deliquerunt,
734 2642 787 2702 sed
804 2642 927 2702 fortuna
945 2662 1049 2722 parum
1065 2660 1213 2742 prospera
1231 2649 1303 2698 suut

137 2725 201 2802 usi,
228 2724 261 2785 in
279 2726 417 2801 eundem
411 2745 528 2787 secum
547 2727 686 2787 ordinem
705 2726 789 2787 ducit
810 2728 980 2807 eodemque
999 2726 1137 2787 convicio
1156 2723 1300 2785 involvit·

20 2841 23 2845 ·
80 2857 82 2861 -
137 2830 202 2871 ιιοιι
218 2823 302 2872 recte
320 2831 420 2892 neque
434 2811 668 2876 eonvenienter
698 2809 806 2893 Neque
825 2813 905 2872 enim
923 2812 1004 2872 idem
1020 2825 1079 2885 est,
1098 2810 1301 2891 Aristogiton,

136 2903 238 2976 neq'ue
256 2895 358 2956 multis
376 2896 475 2957 verbis
495 2909 540 2958 est
560 2918 644 2998 opus.
686 2897 712 2956 Γ
714 2920 749 2970 ιι,
779 2898 849 2978 quia
866 2910 927 2957 tres
946 2897 1043 2975 cives,
1068 2897 1193 2956 decreto
1212 2894 1301 2967 sacto,

137 2980 250 3042 indicta
277 3002 365 3042 cansa
392 2982 495 3042 occidi
520 2982 652 3054 iussisti,
685 2982 903 3043 condemnatus
931 3002 962 3042 es
987 2982 1165 3043 violatarum
1191 2979 1300 3061 legun.

76 3099 82 3113 ι
138 3065 238 3154 Quod
249 3067 363 3129 crimen
381 3089 450 3127 cum
468 3072 565 3127 morte
583 3067 741 3130 luendum
746 3066 864 3140 suisset,
881 3068 918 3127 lis
931 3066 1058 3147 pecunia
1071 3066 1140 3126 tibi
1147 3077 1194 3125 est
1212 3062 1301 3124 aesti-

91 3195 94 3198 »
137 3164 231 3210 mata:
248 3151 324 3213 alius
343 3151 554 3237 aliquis,cum
572 3173 629 3233 pro
646 3152 744 3213 amico
761 3151 976 3234 spoponderit,
1001 3150 1170 3211 damnum
1161 3168 1349 3251 inexspe-

137 3242 250 3297 ctatum
268 3238 348 3296 ferre
367 3254 438 3297 non
448 3251 565 3318 potest:
590 3258 653 3297 non
671 3238 751 3297 idem
768 3250 833 3310 est,
857 3259 927 3297 non.
969 3235 1088 3297 Deinde
1108 3217 1349 3297 communem*

56 3392 58 3396 ,
101 3327 103 3334 '
135 3319 370 3402 humanitatem,
395 3345 484 3404 quam
501 3344 556 3384 vos
574 3335 680 3383 natura
706 3322 823 3383 habetis
840 3322 922 3381 alii
913 3341 945 3381 ιιι
963 3322 1057 3394 alios,
1082 3322 1173 3382 istum
1191 3300 1295 3379 tollere

83 3443 92 3449 .
110 3470 118 3484 .
135 3416 167 3467 et
184 3408 322 3488 perdere,
336 3421 501 3488 quantum
503 3409 535 3468 in
553 3408 625 3488 ipso
638 3420 699 3480 est,
718 3407 789 3467 hinc
807 3407 1002 3488 perspicietis.
1037 3410 1113 3481 Vos,
1129 3403 1298 3466 Athenien-

63 3496 67 3511 *
135 3511 195 3567 ses,
209 3505 320 3555 natura
335 3493 435 3566 insita,
453 3494 537 3594 quod
553 3493 629 3568 dixi,
642 3491 714 3552 alii
705 3514 738 3551 ιιι
750 3493 824 3552 alios
838 3492 1024 3552 humanitate
1042 3504 1175 3565 utentes,
1192 3508 1300 3570 quem-

119 3578 299 3639 *admodum
317 3579 440 3662 cognati
456 3579 489 3638 in
506 3579 614 3638 iisdem
637 3576 762 3637 aedibus
788 3576 991 3651 habitant,
966 3576 1058 3638 sicin
1077 3578 1154 3636 urbe
1179 3572 1336 3657 publice

86 3734 90 3742 Ι
136 3661 286 3723 habitatis.
313 3664 507 3739 Quomodo
497 3665 593 3746 igitur
608 3661 673 3722 illi?
691 3662 752 3721 Ubi
769 3675 856 3744 pater
874 3674 944 3735 est,
947 3674 977 3722 ei
995 3661 1051 3721 lilii
1068 3661 1174 3734 adulti,
1193 3660 1300 3719 fortas-

136 3748 177 3809 sis
191 3761 228 3808 et
245 3746 355 3809 borum
378 3749 484 3823 ldreri,
510 3748 553 3808 ibi
579 3762 702 3807 necesse
720 3760 768 3807 est
789 3747 897 3807 multas
917 3759 948 3807 et
966 3728 1048 3807 nulla
1065 3755 1099 3806 re
1118 3745 1233 3806 similes
1253 3764 1301 3803 ex-

135 3832 242 3894 sistere
258 3834 438 3896 voluntates.
472 3833 582 3913 Neque·
600 3833 681 3893 enim
700 3834 804 3893 eadem
823 3844 869 3893 est
885 3831 1106 3892 adolescentiae
1126 3820 1173 3911 vel
1194 3828 1301 3902 oratio,

48 3966 52 3972 .
135 3904 184 3979 vel
207 3919 303 3993 actio,
329 3940 406 3999 quae
432 3918 612 3979 senectutis.
641 3919 695 3978 sed
720 3930 821 3978 tamen
847 3929 879 3976 et
901 3917 1128 3989 adolescentes,
1154 3901 1342 3996 quicquid

35 4038 41 4048 -
134 4017 244 4086 agunt,
256 4025 283 4065 ss
273 4005 450 4065 moderati
466 4017 548 4076 suut,
566 4003 624 4063 id
615 4016 656 4064 ιιι
674 4003 798 4076 iaciunt,
816 4001 941 4062 inarime
959 4015 995 4064 ut
1010 4023 1135 4083 prorsus
1154 4002 1232 4061 clam
1249 3999 1352 4057 ha-·.

56 4121 58 4129 ι
90 4085 93 4090 ’
135 4087 209 4149 bere
226 4090 386 4165 studeant,
410 4088 458 4150 sin
476 4089 595 4193 nunus,
618 4108 712 4194 prae
708 4108 741 4149 se
766 4087 870 4149 ferunt
885 4084 985 4149 tamen
1013 4086 1133 4147 celandi
1150 4086 1338 4151 studium:¹

81 4194 83 4203 *
137 4174 169 4235 et
184 4178 259 4234 natu
274 4175 405 4247 maiores
425 4175 574 4249 vicissim,
601 4198 627 4236 ιι
618 4174 728 4257 sorte
748 4172 880 4233 viderint
897 4173 949 4232 aut
966 4186 1118 4247 sumtum,
1144 4185 1198 4233 aut
1214 4181 1298 4252 pota-

135 4260 263 4341 tionem,
279 4262 332 4320 aut
349 4255 568 4322 obleetatioues
585 4258 814 4359 immoderatas,
826 4280 860 4319 ea
874 4258 915 4319 ita
927 4258 1041 4334 vident,
1058 4270 1172 4319 utnon
1187 4255 1300 4320 vidisse

135 4345 302 4437 videantur
319 4347 365 4407 Ita
377 4346 433 4465 ιιι,
438 4357 476 4406 ιιι
489 4345 594 4407 omnia
606 4333 690 4418 hant,
704 4338 793 4450 quae·
804 4344 926 4428 ingenia
942 4343 1056 4419 serunt,
1074 4356 1106 4405 et
1116 4355 1203 4408 recte
1213 4341 1299 4405 fiant.
