2722 4754
419 221 938 323 rnnnnnneeuunv.²
1033 180 1036 186 ’
1182 177 1252 292 eal

80 371 259 460 splendidam,
276 372 322 434 de·
339 374 399 454 q'ua
418 376 501 436 omni
519 391 656 458 tempore
675 378 818 440 maximae
835 381 927 457 urbes
945 382 1033 444 insen
1043 402 1075 443 se
1093 397 1219 454 conten-

81 466 180 530 derunt,
201 469 368 538 postquam
388 475 419 520 et
435 463 666 534 Lacedaemonii
684 465 797 522 cladem
815 480 1013 547 acceperunt,
1036 481 1067 528 et
1083 469 1221 529 Thebani
1277 536 1280 541 ,

80 541 203 610 Phocensi
220 541 305 603 betto
325 547 466 627 occupati
484 553 570 620 siant,
598 560 628 606 et
646 568 699 607 vos
718 548 888 630 negligitis,
916 553 1062 612 desertam
1081 555 1220 633 suscepit.

82 629 185 696 leoinde
200 626 337 687 formido
356 631 393 689 ad
405 632 496 704 alios,
515 631 679 711 multitudo
698 632 853 692 sociorum
869 648 900 694 et
917 622 1093 717 magnitudo
1109 651 1219 719 poten,

42 780 46 784 ,
70 720 127 799 λιἰιε
139 714 169 772 ad
186 726 256 771 eum
276 713 414 788 devenit:
431 717 585 795 tantisque
604 728 635 775 et
652 716 762 776 talibus
779 717 871 778 rebus
887 718 997 778 Graeci
1015 722 1072 782 iam
1091 723 1218 784 circnm-

89 800 144 867 aenti
164 811 234 858 sunt
256 798 411 873 universi,
439 814 474 860 ut
498 795 602 872 etiam,
635 802 709 879 quid
736 803 854 862 consuli
880 803 1004 876 debeat,
1033 827 1096 865 non
1123 808 1162 867 sit
1187 812 1218 870 in
1279 796 1284 844 s

86 897 204 972 promptu.
239 883 432 964 Quamquam
450 899 560 958 autem,
577 885 792 959 Athenienses,
810 887 886 946 baec
899 909 959 962 res,
977 900 1012 947 ut
1030 890 1219 970 egoiudico,

83 968 197 1034 inanibus
221 980 293 1026 sunt
315 968 543 1029 formidolosae:
568 971 645 1029 nulli
670 983 770 1030 tamen
789 960 931 1030 'omnium
956 972 987 1031 in
1010 974 1124 1033 maiore
1148 982 1219 1037 sunit

82 1053 209 1140 periculo,
235 1074 325 1131 quam
344 1075 412 1116 vos:
442 1076 506 1114 non
524 1074 561 1113 eo
579 1069 714 1128 tantum,
742 1056 928 1135 quod-nobis
947 1057 1104 1142 Philippus
1122 1061 1218 1140 potis-

66 1143 169 1203 ·sinnnm
190 1137 364 1212 insidiatur,
391 1142 444 1199 sed
470 1140 510 1197 ob
534 1140 609 1198 illud
637 1141 742 1213 etiam,
769 1143 853 1220 quod
877 1141 1013 1201 omnium
1037 1143 1107 1202 estis
1133 1144 1218 1224 igna-

83 1224 181 1286 vissimi
221 1223 314 1295 Quod
342 1224 385 1297 si,
416 1245 516 1286 rerum
545 1225 696 1284 vernalium
726 1219 843 1304 copiam
874 1240 904 1286 et
928 1246 1066 1304 annonae
1092 1227 1223 1288 insono

82 1312 223 1385 ubertatem
241 1306 414 1408 intuentps,
449 1308 485 1367 iis
505 1308 623 1383 deliniti
642 1310 733 1381 estis,
768 1323 911 1389 tanquam
930 1323 1120 1370 extraomne
1136 1313 1219 1394 peri-

86 1397 166 1458 cnlum
180 1393 216 1452 sit
230 1392 434 1472 respublica:-
451 1414 552 1472 neque
571 1395 820 1466 convenienter,
836 1415 937 1474 neque
955 1409 1039 1457 recte
1056 1417 1120 1454 rem
1138 1397 1218 1456 iudi·
1251 1426 1254 1430 ·

84 1481 150 1552 catis,
183 1477 291 1536 Forum
319 1478 399 1536 enim
427 1491 457 1537 et
483 1478 640 1538 celebritas
662 1479 710 1539 vel
734 1479 811 1538 male
836 1480 883 1539 vel
907 1480 986 1539 bene
1012 1480 1158 1540 instructa
1183 1481 1219 1540 ex

29 1603 31 1606 .
82 1566 121 1624 bis
134 1562 218 1634 rebus
243 1561 395 1621 aestimari
419 1576 516 1641 queat,
558 1563 638 1622 Urbs
664 1577 780 1635 autem,
807 1585 896 1642 quam
920 1578 1068 1646 perpetuo
1094 1565 1218 1626 Graecis
1253 1588 1256 1594 ·
1304 1612 1306 1617 .

80 1643 203 1730 imperare
219 1647 295 1706 velle
314 1669 348 1706 ac
366 1648 414 1706 vel
432 1646 534 1706 solam·
551 1649 772 1708 adversaturam
796 1661 826 1707 et
844 1649 991 1708 libertatis
1011 1649 1146 1709 omnium
1165 1651 1218 1709 de·
1290 1641 1297 1649 ”

79 1734 225 1794 sensionem
250 1744 457 1812 suscepturam
482 1753 621 1806 censeas,
647 1742 729 1804 non,
759 1733 800 1792 ita
825 1753 873 1813 me
897 1735 1104 1806 Deus-amet,
1130 1755 1146 1793 e
1169 1755 1218 1794 re·
1259 1751 1263 1755 ’

78 1841 134 1880 rnrn
149 1816 290 1878 venalium
309 1816 396 1897 copia
415 1830 445 1876 et
461 1811 576 1876 vilitate
595 1818 778 1877 aestimanda
799 1830 861 1878 est:
879 1819 932 1877 sed
950 1817 1025 1876 illud
1044 1817 1218 1890 videndum,
1259 1862 1262 1871 .

78 1927 110 1965 an
125 1903 262 1963 sociorum
281 1901 495 1961 benevolentia
511 1902 587 1960 freta
605 1902 665 1961 sit?
693 1925 730 1961 an
748 1902 837 1960 armis
855 1902 951 1962 valeat
959 1902 976 1976 i„
1000 1900 1074 1960 haec
1091 1902 1129 1960 in.
1141 1901 1218 1962 urbe

79 1987 271 2050 consideranda
289 2000 368 2046 sunt.
412 1987 498 2060 Quae
516 1987 593 2045 male
612 2007 643 2045 se
662 1987 741 2067 apud
760 2007 831 2059 vos,
851 2001 881 2047 et
898 2007 961 2045 non
979 1983 1059 2044 belle
1076 1987 1218 2046 universa
1248 2061 1252 2068 p

78 2073 186 2134 babent:
209 2070 300 2150 idque
321 2092 355 2130 ea
372 2071 490 2131 ratione
508 2071 695 2153 intelligetis,
712 2071 737 2129 si
757 2070 938 2153 cogitabitis,
958 2070 1079 2150 quando
1098 2083 1219 2151 pertur-

78 2157 227 2218 batissimus
244 2156 337 2215 suerit
356 2156 501 2215 Graeciae
520 2158 637 2216 status?
673 2156 792 2223 nullum
809 2169 890 2215 certe
908 2169 1027 2237 tempus
1046 2155 1106 2214 boc
1122 2155 1217 2214 fuisse

81 2240 272 2325 perturbatius,
292 2241 451 2320 quisquam
470 2241 556 2300 dicet
599 2241 691 2300 Omni
710 2241 790 2300 enim
809 2240 958 2322 superiori
976 2251 1074 2298 aetate
1093 2239 1124 2298 in
1144 2241 1221 2302 duas

80 2329 122 2387 lus
135 2325 270 2385 sactiones
290 2325 380 2401 divisi
396 2324 520 2389 luerunt
539 2326 663 2399 Graeci,
689 2325 944 2385 Lacedaemonios
962 2338 993 2384 et
1010 2345 1080 2385 vos:
1108 2324 1223 2384 caeteri--

79 2424 160 2472 antem
177 2409 282 2470 Graeci
299 2410 408 2490 partim
427 2410 526 2483 nobis,
542 2412 652 2491 partim
670 2411 729 2470 illis
748 2411 938 2472 obediebant
961 2411 1040 2493 Regi
1057 2429 1129 2471 vero
1143 2411 1218 2468 Per-

68 2517 159 2557 ·sarnrn
175 2517 227 2576 per
243 2515 275 2554 se
295 2496 417 2574 quidem
437 2509 532 2575 aeque
551 2498 629 2576 apud
649 2515 756 2557 omnes
775 2497 857 2557 nulla
876 2508 939 2558 erat
956 2494 1047 2556 iidcsz
1064 2496 1117 2554 sed
1135 2491 1220 2554 bello

80 2581 149 2642 victis
164 2580 218 2639 sibi
233 2579 435 2662 adiungendis
452 2582 600 2664 tantisper
616 2577 907 2656 iidem'inveniebat,
925 2583 998 2642 dum
1016 2581 1124 2640 horum
1143 2598 1218 2660 opes

77 2665 162 2725 alteris
177 2670 338 2745 aequasset
373 2667 456 2757 ‘Popt
473 2667 526 2740 iis,
555 2689 632 2748 quos
650 2682 856 2741 conservarat,
887 2688 950 2726 non
968 2666 1068 2725 minus
1088 2678 1152 2726 erat
1169 2665 1217 2723 in·
1236 2683 1290 2737 93-

80 2750 164 2823 risus,
180 2772 262 2830 quam
279 2751 432 2812 veteribus
451 2752 588 2812 inimicis.
618 2753 707 2812 Nunc
724 2754 796 2811 vc'ro
816 2755 882 2811 Rex
899 2753 1057 2810 Persarum
1076 2748 1217 2808 omnibus

35 2864 40 2873 ·
77 2833 186 2901 Graecis
211 2849 253 2896 est
278 2836 472 2896 coniunctus:
508 2837 667 2896 nobiscum
696 2850 796 2896 autem
822 2835 947 2894 minime
974 2835 1127 2907 omnium,
1159 2831 1219 2891 nisi
1298 2850 1301 2856 ·

74 2941 143 3003 nunc
159 2940 192 2979 ex
209 2935 297 3001 parte
312 2922 538 2980 correxerimus.
573 2922 691 2981 Deinde
710 2915 875 3002 patrocinia
893 2919 986 2980 multa
1004 2932 1092 2991 sunt,
1111 2929 1142 2975 et
1158 2937 1217 2976 un-

74 3005 171 3075 delibet
187 3005 396 3086 conciliantur:
439 3006 496 3066 etsi
517 3019 617 3066 autem
635 3006 836 3086 principatum
856 3025 962 3064 omnes
980 3003 1047 3062 sibi·
1055 3002 1218 3074 vindicant,
1243 3065 1251 3071 ,

72 3090 226 3150 desciscunt
247 3104 350 3157 tamen
369 3092 490 3170 quidam
517 3104 546 3150 et
561 3091 706 3151 invident
732 3104 762 3150 et
787 3091 930 3150 diffidunt
952 3089 1033 3149 inter
1048 3108 1105 3161 se,
1131 3104 1217 3145 secus

46 3170 145 3253 'quana
163 3174 338 3257 oportebat:
366 3176 536 3255 divulsiquc
561 3188 632 3236 sunt
649 3176 778 3258 singuli,
795 3172 1089 3256 Argivi,sl'bebani‚
1108 3167 1217 3229 Corin-
1244 3183 1270 3216 ⁸-
1297 3200 1306 3206 ·

68 3260 130 3333 tbii,
145 3260 392 3335 Lacedaemonii,
411 3261 560 3334 Arcades,
578 3281 643 3318 nos.
663 3261 717 3319 sed
734 3274 851 3332 tamen,
870 3280 937 3318 cum
956 3258 989 3324 in.
1005 3269 1053 3318 tot
1069 3268 1168 3336 partes
1188 3266 1219 3312 ct

65 3356 107 3404 tot
116 3345 304 3425 'principatus
322 3362 371 3405 res
390 3347 578 3407 Graecorum
597 3344 657 3403 sint
674 3345 856 3425 diremptae,
872 3343 917 3417 -psi
936 3363 1040 3402 verum
1058 3340 1153 3400 libe-re
1171 3339 1217 3398 di-

69 3431 182 3503 cendum
203 3443 265 3503 est,
292 3433 371 3510 apud
396 3433 505 3492 horum
530 3429 683 3507 neminem
707 3430 803 3488 curias
828 3441 858 3487 et
881 3426 1031 3508 praetoria
1050 3424 1145 3508 magis
1164 3425 1227 3483 de·⁴

67 3527 135 3573 serta
150 3512 252 3574 rideas
271 3535 287 3573 a
308 3515 494 3576 Graecorum
513 3513 662 3595 negotiis,
681 3535 770 3593 quam
788 3512 948 3591 nostratia:
973 3510 1091 3571 merito.
1116 3527 1217 3587 neque

64 3599 136 3657 eninr
153 3600 215 3659 sive
235 3613 331 3672 amet,
356 3602 422 3662 sive'
437 3600 586 3671 confidat,
604 3598 666 3657 sive
684 3594 817 3672 metuat,
833 3597 991 3678 quisquam
1009 3617 1063 3656 vos
1081 3593 1217 3675 appellat.
1249 3600 1259 3612 “
1284 3607 1285 3611 ’

63 3678 151 3743 Causa
171 3705 246 3744 vero
273 3684 379 3744 harum
400 3706 502 3745 rerum
521 3697 572 3743 est
595 3704 756 3755 non-una,
780 3681 983 3769 Athenienses
1000 3679 1083 3764 (nam
1102 3671 1218 3757 alioqui

60 3767 139 3828 facile
156 3768 375 3852 mutaremus),
409 3772 464 3830 sed
481 3769 575 3829 multa
594 3781 625 3828 et
640 3767 720 3844 varia
739 3768 896 3827 commissa
914 3766 950 3825 ab
970 3765 1054 3825 omni
1071 3784 1150 3823 aevo
1164 3762 1217 3820 de·
1298 3789 1302 3792 ’

59 3849 124 3912 licta
141 3866 229 3922 sunt:
249 3876 379 3933 quorum
397 3854 523 3936 singulis
543 3852 661 3912 omissis
679 3874 791 3924 unum,
808 3873 875 3931 quo
890 3850 989 3910 or‘nnia
1007 3849 1153 3918 tendunt,
1171 3846 1218 3906 di-

59 3958 139 3998 carna
157 3953 297 4019 precatus
321 3938 458 4011 anobis,
477 3939 503 3998 si
520 3958 589 3998 vera
607 3936 703 3996 libere
721 3937 843 4008 dixero,
860 3956 899 3995 ne
917 3935 991 3994 mihi
1009 3931 1217 3992 succenseatis.
1238 3968 1241 3974 ·

58 4022 265 4103 Quaecunque
283 4022 406 4091 fuerunt
422 4023 468 4082 rei
486 4023 637 4106 gerendae
655 4023 850 4093 occasiones,
880 4044 896 4080 a
919 4016 1125 4101 proditoribus
1143 4037 1217 4076 ven-⁴

58 4107 135 4167 ditae
153 4122 233 4168 sunt.
259 4108 424 4188 atqueotii
447 4130 518 4168 sane
541 4127 596 4167 vos
621 4120 652 4167 et
675 4106 900 4189 tranquillitatis
923 4102 1083 4185 participes
1101 4096 1236 4164 fuistis:x
1301 4163 1303 4168 ,

58 4191 166 4270 quibus
186 4193 320 4263 deliniti,
344 4194 415 4251 dum
433 4193 484 4266 iis,
509 4192 633 4276 quivos
651 4192 791 4271 laedunt,
816 4211 879 4250 non
897 4188 1027 4273 graviter
1044 4187 1217 4275 irascimini,
1280 4192 1292 4224 -’

58 4276 107 4336 alii
124 4277 260 4338 honores
278 4277 472 4337 abstulerunt
521 4277 568 4336 Ac
586 4297 663 4357 quae
682 4279 718 4336 ad
737 4283 853 4337 caetera
872 4274 993 4355 quidem
1011 4275 1157 4345 attinent,
1180 4293 1216 4353 ea

58 4381 119 4422 non
144 4376 191 4424 est
215 4362 371 4442 exquirere
395 4383 476 4424 nunc
500 4382 611 4443 operae
631 4361 780 4444 pretium:
807 4359 861 4418 sed
885 4358 1061 4446 nbi-aliqua
1084 4355 1217 4438 Philippi
1253 4367 1312 4425 ,a
