2722 4754
345 168 903 309 exorrucxnoeomrrs.
1065 274 1070 283 ,
1152 233 1206 288 aa
1293 200 1295 206 ’

58 388 159 437 temer
178 372 351 432 oratoribus
370 372 475 433 audire
492 372 598 446 velim,
634 374 688 452 qui
708 395 739 433 se
759 389 789 435 et
805 376 1059 441 Lacedaemonios
1078 394 1108 442 et
1124 383 1206 443 The'-

61 462 142 523 bauos
165 456 265 517 odisse
292 458 449 531 dictitant,
472 470 574 521 utrum
600 458 734 537 utrique
748 459 833 533 illos,
863 482 939 541 quos
954 486 1038 524 -sane
1065 450 1215 542 oderunt,

64 555 170 630 propter
182 563 235 602 vos
255 556 286 604 et
302 542 465 603 utilitatem
482 555 610 602 vestram
629 544 766 617 oderint,
784 566 821 603 an
841 565 912 605 vero
929 547 1100 632 ingratiam
1108 554 1205 613 Lace.

69 627 275 703 dsemoniorum
288 627 463 701 Thebanos,
482 639 512 687 et
526 626 740 688 Thebanorum
759 644 846 689 ‘causa
859 631 1113 698 Lacedaemonios
1130 639 1208 699 atri-

73 715 133 801 qse?
156 713 248 787 Quod
265 713 292 782 si
309 725 435 794 propter
451 712 520 772 illos
539 712 684 775 dixerint:
708 714 841 789 neutris,
859 727 967 796 utpote
992 721 1133 795 furiosis,
1151 723 1209 783 ob-

77 798 274 881 mperandum
293 811 346 857 est
389 798 442 856 Sin
461 810 559 856 vestra
577 819 663 857 causa
682 798 801 861 dicturi.
809 811 895 859 sunt:
929 821 982 860 cur
998 805 1093 880 ultra,
1119 818 1209 887 quarn

81 896 159 957 :test
174 896 354 963 tempusque
372 882 502 962 patitur,
528 883 638 969 alteros
658 884 829 944 extollunt?
863 884 996 948 Possunt
1014 890 1112 963 euim,
1137 913 1208 970 pos-

79 983 129 1036 unt
140 967 274 1028 Thebani
292 968 430 1048 deprimi,
449 967 566 1026 etiamsi
579 962 886 1028 Lacedaemoniorum
905 990 978 1051 opes
997 980 1059 1032 non
1078 995 1209 1055 augean-

78 1072 127 1129 ιιι,
151 1044 320 1113 εἰόηιιιίηο
338 1052 470 1112 facilius:
494 1072 556 1131 quo
574 1048 674 1112 autem
692 1067 799 1133 pacto,
828 1055 860 1114 id
879 1075 936 1136 ego
954 1056 1045 1117 vobis'
1058 1060 1210 1119 declarare

79 1139 191 1204 conabor.
232 1137 374 1197 Universi
398 1138 457 1197 hoc
482 1137 607 1209 scimus,
635 1158 756 1214 omnes,
782 1138 898 1198 etiamsi
924 1126 1212 1217 iustitiam'curent,
1253 1174 1258 1185 1

80 1225 227 1288 erubescere
246 1234 347 1282 tamen
366 1223 402 1282 ad
420 1235 555 1303 tempus,
582 1242 630 1293 ea,
656 1244 733 1303 quae
757 1222 835 1283 iusta
858 1237 943 1298 sunt,
968 1247 1032 1286 non
1050 1249 1154 1315 agere:
1181 1241 1212 1287 et
1282 1270 1287 1281 ι

80 1308 224 1373 homiuibus
248 1307 368 1367 iniuriis
393 1308 488 1388 palam
507 1308 671 1381 adversari,
697 1308 889 1388 praesertim,
915 1310 941 1369 si
967 1313 1019 1391 qui
1043 1313 1212 1373 laeduntur.

84 1400 169 1458 llacre
183 1391 351 1452 labefactari
370 1393 470 1452 omnio
481 1392 722 1474 conveniemus,
743 1404 773 1452 et
787 1392 846 1452 hoc
864 1394 1047 1476 principium
1065 1419 1130 1459 esse
1148 1414 1211 1458 ma-

83 1485 160 1542 loram
177 1477 327 1551 omnium,
352 1478 435 1556 quod
460 1477 599 1537 homines
616 1477 727 1537 nolunt
745 1498 779 1537 ea
803 1478 983 1559 simpliciter¹
1004 1503 1109 1563 agere,
1135 1503 1212 1563 quae

82 1568 143 1627 iusta
162 1575 232 1624 sunt
274 1564 318 1620 Ut
342 1583 381 1622 ne
406 1562 500 1644 igitur
523 1561 582 1621 hoc
608 1562 766 1643 impediat,
792 1585 854 1643 quo
880 1565 979 1625 minus
997 1567 1212 1628 Thebanorum
1258 1604 1264 1611 ·

81 1671 140 1732 opes
153 1648 331 1709 minuantur:
350 1660 381 1707 et
394 1647 540 1727 Thespias
560 1660 591 1706 et
608 1647 742 1707 Plataeas
761 1659 792 1706 et
809 1647 1036 1711 Orchomenum
1055 1653 1213 1712 instaurari

81 1747 197 1816 oportere
222 1733 371 1805 dicamus,
398 1725 511 1811 eosque
538 1731 730 1806 adiuvemus,
757 1728 794 1792 ef
812 1734 903 1808 alios,
929 1749 964 1795 ut
989 1737 1070 1796 idem
1091 1738 1214 1811 ‘lociana

81 1822 218 1880 hortemur.
260 1818 315 1876 Est
340 1816 421 1876 enim
441 1830 471 1876 et
488 1817 651 1877 honestum
671 1823 865 1896 et'aequum,
899 1841 937 1878 ne
964 1834 1096 1881 vetustas
1122 1823 1213 1881 urbes

81 1925 178 1966 eversas
194 1901 437 1981 essepatiamur‚
450 1901 675 1983 Megalopolim
701 1914 800 1961 autem
824 1914 855 1961 et
872 1905 1040 1963 Messenam
1057 1907 1215 1966 iniuriosis

81 1987 332 2049 non-obiiciamusi
346 2007 446 2064 neque
464 1998 619 2065 praetextu
633 1987 659 2045 T
661 1985 864 2065 hespi'ensium
885 2000 915 2047 et
928 1988 1149 2049 Plataeensium
1168 1991 1215 2050 in-

82 2074 192 2155 columes
207 2071 306 2143 orbes,
324 2092 461 2150 quaeque
480 2069 662 2142 habitantur,
681 2071 815 2143 exscindi
832 2072 972 2133 sinamus.
1003 2075 1124 2151 Quodsi
1141 2074 1216 2134 haec

82 2157 243 2241 promulgata
259 2155 388 2215 suerint:
418 2155 508 2214 nomo
528 2150 601 2230 erit',
632 2148 706 2234 (juin
723 2152 884 2217 Thebanos
903 2158 977 2217 velit
994 2156 1109 2219 alienos
1127 2181 1215 2242 agros

40 2251 57 2299 .“
84 2243 182 2305 tandem
197 2240 338 2317 amittere.
373 2241 427 2299 Sin
445 2240 561 2298 minus:
580 2239 710 2320 primum
728 2241 817 2300 nohis
835 2242 1090 2316 adversabuntur,
1108 2266 1146 2304 ne
1165 2242 1216 2304 illa

84 2326 173 2388 conici
187 2325 299 2406 possint
316 2324 386 2406 (nec
405 2324 531 2398 iniuria,
543 2345 635 2404 quum
652 2325 874 2401 existimabunt,
892 2327 1011 2386 illarum
1028 2327 1149 2389 urbium
1168 2328 1215 2388 in-

84 2411 272 2474 staurationem
290 2410 441 2492 excidium
457 2409 515 2469 sibi
533 2406 715 2489 allaturam):
741 2411 851 2470 deinde
869 2411 967 2471 nostri
985 2406 1110 2472 conatus
1127 2426 1217 2472 erunt

84 2497 156 2558 irriti
188 2496 258 2555 Nam
277 2495 345 2575 quis
362 2495 484 2554 tandem
510 2494 567 2554 erit
591 2494 704 2568 exitus,
732 2493 757 2553 si
779 2494 870 2555 urbes
895 2490 1063 2557 incolumes
1083 2497 1218 2573 exscindi

85 2584 205 2655 sinemus,
221 2580 332 2640 excisas
347 2578 507 2640 instaurari
522 2577 761 2660 postulabimus?
778 2581 893 2641 Dicunt
908 2602 1011 2662 porro,
1029 2581 1083 2661 qui
1098 2582 1218 2661 aequis·
1274 2594 1279 2599 “

86 2669 150 2728 sima
163 2667 249 2727 dicere
273 2666 431 2737 videntur,
459 2677 599 2744 oportere
617 2662 749 2723 Arcades
776 2678 889 2725 erectas
907 2688 977 2725 cum
994 2665 1218 2727 Thebanis-co-

87 2748 316 2825 lunnas-tollere,
341 2750 369 2809 'si
393 2750 486 2809 modo
510 2748 600 2807 nohis
625 2760 799 2815 constanter
819 2749 979 2815 sociiesse
998 2749 1142 2809 debeant:
1168 2749 1221 2809 alii

86 2836 218 2897 columnas
234 2835 272 2896 eis
292 2856 358 2896 esse
376 2846 504 2917 negant,
522 2834 576 2892 sed
592 2832 754 2895 utilitatem
773 2853 855 2906 esse,
873 2854 952 2913 quae
968 2833 1128 2896 amicitiam
1145 2855 1221 2895 con-

88 2921 170 2992 ciliet,
185 2933 210 2981 et
225 2941 276 2981 eos
294 2920 399 2981 haberi
418 2939 474 3000 pro
492 2918 599 2992 sociis,
616 2938 633 2977 a
652 2916 761 2996 quibus
779 2917 966 2981 adiuventur.
1000 2919 1068 3000 Ego
1085 2939 1176 2994 vero,
1195 2919 1221 2978 si

88 3005 193 3065 maxine
207 3006 277 3067 tales
295 3019 378 3080 sunt,
394 3004 436 3063 ita
454 3001 571 3067 sentior
588 3002 809 3063 Postulaudurn
827 3025 893 3065 esse
911 3004 995 3076 dico,
1013 3003 1118 3077 simul,
1135 3016 1171 3063 ut
1188 3003 1222 3063 hi

88 3103 179 3153 statuas
193 3091 306 3163 tollant,
324 3089 424 3163 simul,
441 3100 477 3149 ut
493 3087 723 3147 Lacedaemonii
740 3109 845 3169 pacem
861 3101 959 3171 agant.
975 3088 1044 3149 Utri
1061 3100 1162 3151 autem
1180 3088 1222 3149 ita

87 3175 167 3244 heere
187 3177 351 3236 noluerint:
377 3187 443 3244 tum
461 3173 577 3233 scilicet
600 3193 653 3232 eos
663 3173 902 3249 adsciscendos,
929 3175 981 3255 qui
999 3173 1220 3251 dicto'luerint
1245 3172 1306 3232 134

88 3259 225 3329 audientes.
251 3260 320 3330 Sive
340 3260 420 3321 euim
437 3278 509 3339 pace
525 3257 681 3318 conciliata
695 3258 926 3340 hlegalopnlitae
945 3258 1043 3319 adhuc
1059 3257 1223 3319 Thebano-

63 3404 69 3410 ,
88 3366 144 3402 rum
157 3346 282 3405 societati
301 3344 517 3416 adhaerebunt,
540 3342 680 3402 omnibus
699 3343 840 3403 nimirum
858 3343 1051 3424 perspicuum
1070 3343 1136 3416 crit,
1155 3365 1222 3404 ava-

90 3428 168 3488 ritiam
183 3443 211 3490 et
226 3431 431 3489 emolumenta
441 3424 669 3501 Thebanorum,
687 3447 750 3486 non
769 3429 950 3507 aequitatem
969 3418 1022 3487 bos
1040 3429 1141 3507 sequi:
1160 3429 1238 3488 sive-

92 3512 294 3596 Megalopolitae
313 3514 413 3574 socios
432 3533 487 3572 nos
514 3513 578 3571 sine
597 3513 703 3572 fraude
722 3511 849 3586 sacient,
875 3525 905 3573 et
922 3513 1152 3572 Lacedaemonii
1169 3535 1222 3594 pa·
1270 3541 1273 3547 Δ

89 3618 143 3661 cem
155 3588 268 3659 'turbare
284 3611 385 3659 tamen
405 3597 606 3681 conabuntur,
625 3597 720 3658 celare
740 3598 879 3678 prolecto
897 3597 1050 3658 neminem
1067 3610 1224 3680 poterunt,

87 3703 114 3742 se
127 3704 180 3743 non
196 3686 233 3744 de
251 3684 310 3744 hoc
327 3683 481 3755 laborare,
505 3694 540 3741 ut
557 3675 705 3762 Thespiae
722 3684 946 3756 instaurentur,
965 3683 1027 3743 sed
1035 3697 1087 3756 ut,
1104 3683 1225 3743 Theba-

86 3767 124 3826 nis
139 3766 189 3829 boc
201 3769 289 3834 ‚bello
307 3766 567 3839 conflictantibus,
593 3767 715 3827 interim
732 3768 789 3849 ipsi
806 3769 1053 3849 Peloponnesum
1077 3767 1227 3850 subigant,

85 3853 207 3914 Demiror
219 3867 320 3915 autern
333 3854 491 3932 quosdam,
509 3851 562 3930 qui
577 3851 801 3914 formidandum
815 3866 953 3927 censent,
972 3852 997 3912 si
1010 3853 1226 3919 Thebanorum

82 3936 147 4005 socii
158 3935 462 4001 lacedaemoniorum
481 3935 583 3995 hostes
600 3937 674 3997 sint:
692 3939 755 4012 sed,
773 3937 799 3997 si
811 3937 1040 3998 Lacedaemonii
1057 3937 1126 3997 illos
1144 3937 1230 4017 ipsos

84 4025 239 4098 evenerint,
257 4023 610 4085 id.t0rmidandumnon
629 4036 759 4083 censent
776 4024 952 4104 praesertim
970 4045 1038 4083 cum
1055 4036 1175 4103 tempus
1192 4042 1241 4081 re·
1258 4077 1261 4085 ,

81 4097 136 4189 ips‘a
149 4131 203 4170 nos
221 4109 376 4180 docuerit,
400 4107 561 4169 Thebanos
580 4128 699 4188 semper
716 4108 761 4168 his
780 4109 869 4169 sociis
887 4109 933 4168 uti
956 4119 1060 4168 contra
1076 4108 1226 4167 Lacedae-

33 4217 36 4223 ·
80 4195 200 4255 nonius:
224 4192 479 4258 Lacedaemonios
496 4204 616 4266 autem,
642 4194 713 4252 dum
732 4195 855 4253 eosdem
872 4192 1022 4266 habuere,
1048 4204 1227 4254 contrarios

33 4324 35 4329 .
79 4278 130 4339 illis
147 4280 237 4341 luisse
254 4300 336 4346 usos.
353 4278 484 4339 Proinde
501 4277 576 4337 illud
593 4276 682 4337 ctiam
700 4278 1037 4362 cogitandumcenseoa
1054 4278 1080 4338 si
1094 4298 1149 4339 vos
1163 4278 1227 4336 Me·
1268 4270 1278 4289 “

76 4365 245 4449 ga'lopolitas
259 4384 345 4425 nou,
360 4362 559 4445 receperitis,
579 4361 614 4425 iis
642 4363 818 4446 expugnatis
836 4373 868 4422 et
891 4360 1070 4486 profligaris·
1081 4361 1230 4424 Lacedae-

979 4457 997 4522 ¹l
1031 4512 1034 4519 .

514 4612 542 4653 ,Ι
