2722 4754
276 227 339 300 nn
374 203 685 300 nuooronuu
708 193 1020 321 urrunnun.
1147 196 1235 296 ”aa

69 395 170 479 miram
187 392 264 453 mihi
280 395 419 466 videtur,
445 382 547 453 officio
565 393 653 476 fungi
670 391 755 454 vobis
774 393 910 453 omnium
929 391 1235 462 esseedisficillimum.
1313 383 1320 389 .

72 486 140 544 liam
153 479 280 541 caeteris
299 477 474 540 hominihus
492 479 642 538 universis
660 501 755 563 unum
776 491 928 539 certamen
947 491 993 538 est
1006 501 1074 540 cum
1093 479 1235 541 hostibus
1276 486 1281 491 “
1328 543 1331 546 ⁴

76 565 244 633 manifestis:
271 582 350 646 quos
374 564 429 624 ubi
451 563 596 639 vicerint,
623 563 699 622 nihil
719 563 761 622 eis
774 563 899 638 obstat,
926 584 988 644 quo
1008 564 1108 639 minus
1127 587 1233 626 secure

81 650 261 740 putishonis
279 649 426 709 fruantur.
468 648 566 707 Vobis
584 661 702 723 autem,
727 647 946 728 Athenienses,
973 650 1051 710 dno:
1077 672 1145 712 cum
1164 651 1235 724 hoc,
1276 714 1284 727 x

88 738 152 825 quod
173 748 203 796 et
226 735 369 795 caeteris:
395 747 460 794 tum
485 754 558 793 vero
585 735 702 794 accedit
725 733 870 808 alterum,
897 734 957 793 hoc
975 733 1109 815 priuse't
1127 736 1251 810 maius,·
1337 763 1341 768 ·

94 824 154 911 quud
172 821 208 881 in
221 819 493 901 deliberationibus
512 817 654 879 vincendi
679 816 711 878 e't
728 818 760 877 hi
779 832 866 893 sunt,
893 820 1154 901 quireipuhlicae
1180 824 1232 882 ad-

96 908 178 980 versari
194 905 362 967 commodis
380 906 460 985 apud
477 925 531 964 vos
562 906 777 971 decreverunt,
806 901 883 964 Cum
902 905 995 986 igitur
1019 928 1075 987 per
1093 907 1167 967 istos
1186 907 1233 967 ni·
1255 930 1258 934 ·

94 998 125 1059 lil
143 994 246 1072 absque
270 1010 381 1073 magno
400 990 502 1049 labore
522 991 631 1049 confici
649 991 706 1050 rite
725 991 837 1070 possit:
862 991 913 1065 fit,
940 982 1022 1071 quod
1041 993 1151 1052 mirum
1170 1014 1233 1053 non

94 1070 141 1157 est,
159 1091 191 1140 nt
206 1075 309 1137 multis
327 1076 359 1134 in
377 1075 469 1135 rebus
488 1075 593 1135 erretis
614 1089 644 1136 et
661 1072 856 1136 frustremini
899 1074 1002 1156 Atque
1024 1090 1060 1136 ut
1078 1078 1233 1138 multise-
1260 1078 1319 1135 128

94 1188 149 1230 eure
166 1164 214 1224 has
235 1161 268 1220 in
292 1160 448 1242 republica
466 1172 565 1242 partes
584 1161 764 1242 suscipiant,
790 1161 823 1221 in
849 1182 936 1220 causa
959 1163 1087 1223 sortasse
1111 1165 1235 1245 potissi·
1330 1198 1333 1211 κ

94 1259 252 1320 nutarunt,
281 1267 358 1326 quae
378 1269 394 1306 a
412 1246 636 1326 praebitorihus
655 1246 718 1306 suis¹
736 1246 905 1327 accipiunt,
933 1249 1152 1309 emolumenta:
1181 1251 1234 1310 sed
1301 1280 1305 1285 ·

94 1352 236 1401 tenentos
254 1332 347 1391 etiam
364 1331 616 1412 reprehendendi.
659 1332 795 1392 Docebat
818 1332 899 1391 euim
923 1354 994 1407 vos,
1019 1334 1235 1408 Athenienses,

41 1484 49 1501 ,
98 1424 201 1485 eundem
222 1417 333 1477 habere
359 1418 492 1477 animum
520 1417 557 1476 de
585 1417 692 1479 ordine
717 1417 916 1498 reipublicae,
945 1432 1040 1499 quem¹
1062 1419 1099 1479 de
1126 1418 1235 1489 ordine
1268 1439 1273 1442 ·
1328 1468 1331 1473 .

96 1505 192 1570 militari
206 1500 329 1573 habetis.
348 1505 376 1562 ls
394 1503 489 1586 igitur
507 1503 573 1582 quis
593 1497 741 1564 esti'Vos
759 1504 1108 1589 desertoremuassignati
1125 1527 1141 1585 a
1157 1506 1234 1569 duce
1327 1558 1331 1563 .

41 1592 43 1599 ’
98 1590 187 1662 ordinis
201 1588 367 1672 ignominia
387 1587 553 1647 notandum
573 1589 702 1650 censetis
722 1602 753 1658 et
771 1611 786 1648 a
804 1589 958 1669 republica
977 1593 1147 1670 arcendum.
1171 1594 1234 1652 De-

97 1693 133 1742 cet
145 1659 241 1759 igitdr,
262 1694 316 1734 eos
335 1675 440 1746 etiam,
464 1673 517 1753 qui
536 1675 674 1735 ordinem
692 1675 724 1733 in
742 1674 898 1756 republica
915 1676 1060 1736 traditum
1078 1700 1094 1738 a
1112 1672 1236 1751 maiori-J

97 1766 138 1824 bns
152 1763 341 1822 deseruerunt
358 1759 461 1838 itaque
479 1780 511 1819 se
529 1773 657 1844 gerunt,
675 1773 711 1821 ut
727 1761 882 1842 potentiae
900 1768 1066 1842 paucorum
1084 1765 1237 1837 studeant,

41 1878 45 1925 p
97 1851 189 1910 bonore
205 1845 348 1906 dicendae
367 1845 447 1925 apud
464 1866 518 1905 vos
537 1845 706 1906 sententiae
724 1846 842 1927 privari.
884 1847 975 1907 Nunc
993 1847 1112 1923 socios,
1132 1850 1235 1930 quise
1258 1842 1261 1847 ’

41 1936 43 1991 Ξ
96 1933 225 1997 nobiscnm
243 1932 367 1992 eosdem
387 1943 418 1989 et
436 1931 548 1991 amicos
568 1945 599 1991 et
616 1931 718 1991 hostes
737 1931 895 1991 habituros
914 1932 1069 2008 iurarunt,
1100 1934 1235 1994 benero-
1308 1984 1315 1991 .

41 2012 43 2043 ⁵
96 2018 250 2081 lentissimos
268 2016 460 2078 existimatis:
496 2017 822 2099 magistratusautem,
841 2032 929 2097 'quos
948 2017 1088 2078 hostibus
1107 2020 1235 2081 civitatis

94 2105 205 2166 addictos
223 2122 287 2163 esse
307 2101 428 2182 liquido·
444 2104 552 2176 nostis,
571 2123 624 2187 eos
641 2110 703 2183 pro'
717 2102 899 2163 fidelissimis
919 2102 1044 2163 habetis.
1072 2104 1133 2165 Sed
1152 2093 1257 2186 quodx

41 2204 43 2251 i
96 2191 134 2252 rel
146 2182 174 2249 in
186 2188 242 2248 illis
260 2201 435 2260 accusetur,
462 2187 510 2248 vel
528 2188 560 2247 in
579 2188 704 2248 caeteris
721 2187 809 2248 vobis
827 2187 1084 2269 reprehendatur,
1111 2190 1236 2250 difficile

41 2276 44 2299 ¹
95 2287 192 2357 repertu
207 2292 270 2349 non
289 2286 343 2333 est
386 2272 507 2355 Quibus
532 2269 633 2334 autem
657 2273 846 2333 orationihus
865 2284 917 2334 aut
935 2275 1045 2353 quibus
1064 2276 1236 2336 actionibus

41 2374 61 2383 ’“
95 2384 138 2434 ea,
151 2381 216 2440 quae
233 2379 324 2440 prave
341 2358 536 2440 nunc‘fiunt,
555 2359 763 2442 corrigantur,
781 2359 812 2417 id
832 2359 952 2419 demum
970 2372 1094 2440 repertu
1114 2374 1160 2422 est
1177 2360 1236 2420 dis-

41 2488 44 2495 -
94 2447 165 2507 licile.
180 2445 221 2505 Ac
238 2444 275 2517 'de
294 2443 533 2523 omnibusfvelle
551 2444 662 2521 dicere,
682 2453 746 2503 non
764 2456 809 2503 est
827 2443 917 2504 huius
935 2444 1064 2505 fortasse
1081 2446 1237 2527 temporis.
1262 2518 1268 2522 -

41 2526 47 2569 s
93 2531 145 2592 Sed
159 2531 181 2591 si
195 2551 242 2603 ea,
260 2549 338 2609 qnae
356 2529 548 2602 instituistis,
569 2530 638 2590 utili
657 2529 795 2610 quapiam
813 2530 933 2591 actione
951 2531 1130 2590 confirmare
1148 2543 1237 2612 pote-

92 2616 161 2689 ritis:
183 2628 291 2677 caetera
316 2614 411 2674 etiam
429 2614 547 2697 singula
566 2615 598 2675 se
614 2615 742 2675 sortasse
761 2614 870 2675 melius
891 2615 1030 2676 habitura
1048 2618 1125 2676 sunt
1168 2617 1237 2699 Ego

92 2702 175 2785 igitur
189 2721 300 2773 censeo,
317 2699 404 2760 vobis
423 2698 530 2760 harum
547 2723 649 2760 rerum
668 2721 770 2760 euram
787 2719 896 2782 magno
917 2713 947 2760 et
965 2703 1118 2760 constanti
1135 2702 1237 2760 animo

46 2796 54 2809 ⁴
90 2786 306 2867 suscipiendam,
341 2786 522 2864 easdemque
548 2806 604 2865 pro
632 2784 816 2866 reipublicae
844 2784 991 2866 dignitate
1017 2786 1238 2847 conficiendas:

91 2872 198 2932 vel‘lrac
213 2872 246 2931 de
263 2872 359 2943 cau‘sa,
379 2871 462 2950 quod
481 2870 609 2930 maiores
628 2883 745 2930 vestros
765 2881 795 2928 et
814 2866 1088 2950 eorumpraectar‘a
1102 2870 1237 2930 facinora

92 2956 237 3038 praedicari
259 2963 349 3036 atque
368 2950 539 3037 triumphos
567 2954 736 3016 enumerari
753 2977 830 3014 cum
849 2955 1004 3036 voluptate
1028 2954 1149 3015 auditis.
1178 2958 1237 3015 lta-

93 3060 146 3121 que
161 3040 335 3124 cogitabitis,
362 3041 551 3101 monimenta
567 3041 619 3100 illa
638 3042 773 3102 dedicata
792 3060 857 3099 esse
875 3061 891 3100 a
910 3039 1093 3113 maioribus,
1121 3061 1184 3098 nnn
1202 3053 1237 3099 ut

94 3147 125 3186 ea
139 3126 290 3200 miremini,
308 3140 478 3209 spectantes
497 3120 661 3201 duntaxatt
688 3127 741 3187 sed
758 3136 795 3185 ut
813 3145 937 3202 eorum,
955 3126 1008 3209 qui
1027 3145 1061 3186 ea
1079 3145 1236 3186 eonsecra-

93 3223 171 3292 runt,
184 3211 304 3273 uirtutes
322 3211 491 3279 imitemini.
1214 3220 1218 3225 '

122 3576 364 3666 oanrro
418 3581 545 3656 nno
599 3518 1206 3657 unonuoronrrrs.

984 3786 995 3802 Χ
1006 3748 1027 3780 l
1085 3744 1087 3750 Ι

352 3931 549 3996 LIBANlI
591 3928 962 3994 ARGUMENTUM.

83 4039 331 4143 lacedaemonii,
355 4054 504 4149 qunm¹ad
522 4068 666 4141 Leuctra,
683 4066 830 4128 Boeotiae
850 4068 1012 4149 oppidum,
1036 4064 1107 4128 victi
1125 4088 1141 4128 a
1159 4068 1240 4130 The-

84 4154 176 4230 banis,
192 4154 319 4237 propter
334 4153 487 4215 Arcadum
505 4152 724 4228 delectionem,
743 4153 796 4234 qui
814 4175 845 4213 se
864 4154 902 4213 ad
920 4150 1082 4213 Thebanos
1100 4155 1240 4215 contule-

49 4278 55 4297 .
82 4253 154 4314 rant,
176 4240 208 4301 in
231 4263 344 4325 magno
368 4239 504 4321 periculo
530 4250 645 4299 essent:
671 4238 908 4299 Atheniensium
933 4236 1045 4296 auxilio
1071 4239 1241 4300 conservati

82 4338 154 4387 sunt
194 4327 290 4401 Post,
322 4326 359 4387 iis
377 4324 599 4386 discriminibus
626 4323 808 4405 propulsatis
833 4335 1070 4403 recuperataque
1094 4336 1238 4405 exparte
1265 4325 1327 4385 129

79 4411 198 4493 pristina
217 4412 370 4494 potentia,
393 4409 610 4494 Megalopolim
627 4408 774 4483 Arcadiae
792 4407 900 4469 urbem
916 4407 1108 4482 invaserunt,
1133 4418 1240 4490 postn—
1299 4422 1326 4447 s
