2722 4754
147 207 220 271 cc,
290 264 297 277 Ι
443 150 786 261 oeuosrnuur‘s
822 143 1010 258 enarro

147 352 252 418 omnes
269 355 396 419 veniunt
413 354 443 414 in
463 344 578 435 partem
596 374 715 414 eorum:
734 367 765 416 et
780 367 863 431 recte
880 351 1002 412 iaciunt
1021 349 1084 425 Qui
1101 351 1137 410 fit
1153 347 1262 432 igitur,
1280 348 1316 406 iat

147 443 178 502 id
197 442 261 517 aliis
279 441 330 501 alii
346 434 635 520 exprobremus,se't
651 460 707 519 per
724 461 788 500 eam
806 438 958 519 speciem,
978 434 1317 525 facerequa'edecent,

146 525 340 599 recusemus?
358 524 431 583 «nisi
443 523 527 583 vlo'rte
545 524 689 584 auxilium
706 522 888 606 pauperibus
907 543 925 581 a·
940 521 1060 600 ¹fortuna
1079 519 1218 597 oblatum
1235 517 1316 576 invi-

92 617 129 673 91
150 613 271 671 demus:
306 629 382 686 quos
407 628 464 667 nee
488 608 554 688 ipse
578 609 787 689 reprehendo,
818 627 874 666 nec
899 625 1008 667 censeo
1034 603 1316 685 reprehendendos.

147 697 255 773 Neque
275 692 405 752 enimin
429 691 551 773 privatis
574 692 694 753 familiis
718 694 940 767 adolescentem
965 710 1034 771 erga
1053 687 1188 748 seniores
1208 688 1251 746 ita
1271 686 1314 746 al-

126 806 128 810 *
147 783 260 841 feetrrm
279 777 343 836 es'se
361 778 469 849 rideo,
495 775 604 855 neque
619 779 695 838 adeo
719 777 880 838 vecordem
904 787 956 834 aut
973 776 1109 854 ineptum
1130 792 1314 853 quemquam

55 856 59 868 ’
121 889 128 894 ’
148 857 303 934 omnium,
319 861 441 935 ut,tnisi
459 880 564 920 omnes
584 882 624 925 ea
636 876 735 945 agant,
753 880 828 941 quae
845 861 910 940 ipsc
930 859 1008 941 agit,
1027 879 1059 916 se
1079 879 1201 938 quoque
1221 866 1316 938 neget

148 960 285 1009 acturum
311 965 376 1006 esse
403 945 570 1024 quicquam.
614 947 749 1007 Is-enim
773 960 838 1006 tum
862 944 980 1028 legibus
1005 944 1099 1015 malae
1113 941 1314 1025 ‘tractationis

120 1054 128 1059 ·
148 1033 311 1095 teneretur.
339 1033 455 1103 Decerc
472 1031 555 1089 enim
567 1037 702 1103 “censeo',
716 1032 922 1108 constitutam*
934 1029 970 1088 ab
989 1042 1117 1107 utraque
1136 1028 1266 1108 stipem,
1284 1039 1320 1086 et

29 1168 40 1179 ,
149 1128 337 1181 anaturaet
354 1115 473 1196 alege,
496 1109 574 1173 iuste
592 1116 728 1174 reddi'et
744 1116 826 1175 ultro
844 1114 945 1195 pendi.
976 1112 1081 1172 ‘Sicut
1094 1113 1188 1194 igitur
1204 1111 1312 1192 unius·
1343 1165 1344 1169 ,

44 1212 60 1244 ’·
97 1202 104 1216 ’
128 1203 295 1281 (cuiusque
311 1211 449 1269 nostrum
465 1211 572 1280 parens
592 1213 638 1259 est
655 1176 777 1279 aliquis:
796 1201 838 1259 sic
855 1199 1013 1259 universae
1025 1197 1158 1270 civitatis
1175 1217 1312 1257 commu-

148 1308 203 1348 nes
221 1298 362 1366 parentes
381 1284 460 1343 cives
478 1284 612 1343 universi
636 1298 708 1344 sunt
726 1284 932 1356 existimandi:
967 1296 1057 1361 atque
1075 1282 1151 1340 adeo
1170 1304 1235 1341 non
1254 1280 1311 1340 eri-

39 1424 44 1434 .
66 1424 69 1429 ‚
149 1370 293 1454 piendum
312 1369 355 1427 eis
374 1368 534 1447 quicquam
554 1382 616 1443 est,
635 1370 717 1448 quod
735 1369 904 1452 respublica
923 1366 1065 1449 largitur,
1087 1379 1139 1440 ut,
1158 1368 1183 1427 si
1202 1367 1310 1426 horum

122 1476 126 1480 ·
148 1456 227 1517 nibil
250 1454 354 1526 fieret,
379 1453 421 1511 eis
446 1453 568 1512 aliunde
584 1453 831 1535 prospiciendum
856 1467 952 1527 esset,
975 1472 1014 1512 ne
1040 1473 1098 1531 qua
1122 1470 1155 1510 re
1180 1455 1311 1534 egerent

81 1606 84 1621 ,
150 1540 244 1616 Quod
262 1538 288 1597 si
305 1537 472 1617 locupletes
491 1536 522 1596 in
536 1537 762 1615 ¹bacsententia
780 1535 856 1598 sint:
892 1554 944 1597 eos
961 1558 1026 1599 non
1044 1537 1136 1595 modo
1155 1558 1251 1616 aequa
1269 1537 1310 1596 la-

96 1648 102 1660 ·
151 1639 253 1686 cturos
270 1622 356 1705 puto,
374 1623 427 1682 sed
445 1622 532 1682 utilia
549 1620 679 1702 quoque.
697 1624 772 1681 Nam
789 1624 880 1682 rebus
898 1621 1074 1682 necessariis
1092 1621 1213 1700 publice
1232 1622 1310 1681 frau-

151 1713 221 1770 dare
239 1709 372 1787 aliquos,
396 1706 431 1765 id]
446 1707 565 1766 efficere
584 1720 647 1781 est,
670 1712 706 1768 ut
722 1707 906 1788 reipublicae
924 1708 1011 1766 multi
1029 1706 1106 1765 male
1124 1707 1227 1766 velint
1261 1709 1310 1767 ln-

148 1794 260 1874 opibus
278 1805 378 1850 eutem
397 1792 557 1865 suaserim,
584 1805 641 1866 ut,
675 1813 750 1871 quae
768 1813 816 1851 res
834 1791 1037 1872 locupletibus
1056 1791 1142 1850 oneri
1156 1805 1208 1851 cst
1226 1803 1255 1851 et
1273 1792 1309 1850 de

148 1900 210 1958 ψη
234 1877 314 1936 baed
337 1875 447 1937 iniuria
471 1867 656 1956 queruntur,
678 1874 968 1961 eamsremovere'nt.
1011 1876 1192 1958 Progrediar
1211 1889 1311 1935 autem

151 1963 259 2034 eodem
277 1961 388 2034 modo,
416 1981 476 2040 quo
496 1961 629 2034 dudum,
659 1975 690 2022 et
707 1982 763 2042 pro
783 1962 908 2026 diuitum
927 1961 1105 2020 defensione
1125 1980 1193 2020 vera
1211 1960 1312 2019 dicere
1352 2009 1353 2015 ,

149 2067 213 2106 non
226 2045 386 2105 dubitabo.
422 2044 506 2104 ‘Mihi
530 2045 611 2104 enim
634 2067 724 2106 nemo
748 2046 789 2105 ita
807 2047 988 2117 inhumanus
1006 2059 1059 2105 aut
1077 2045 1192 2106 crudeli
1210 2045 1312 2104 animo

139 2152 222 2194 esse.
235 2129 371 2203 videtur,
387 2130 500 2188 nedum
516 2126 760 2204 Atheniensium,
778 2133 832 2192 sed
850 2151 906 2189 nec
924 2143 1127 2203 caeterorum,
1145 2143 1180 2189 ut
1198 2151 1312 2210 paupe·

148 2236 197 2274 res
222 2227 252 2273 et
276 2234 377 2287 rerum
401 2214 636 2275 necessariarum
660 2211 773 2297 egenos
798 2232 903 2296 capere
928 2215 985 2275 ista
1011 2210 1079 2292 cu‘m
1096 2214 1196 2286 videt,
1223 2235 1313 2297 aegre

22 2340 31 2351 κ
146 2301 233 2358 serat.
276 2297 409 2358 Sed-ubi
427 2298 581 2359 colliditur
598 2299 668 2359 res?
693 2301 724 2360 in
745 2321 805 2380 quo
825 2311 871 2360 est
889 2298 1072 2370 difficultas?
1102 2321 1170 2358 cum
1188 2299 1314 2372 institu-x

80 2381 81 2384 ¹
129 2405 132 2410 ·
148 2397 215 2444 tum
232 2381 308 2441 illud
326 2403 342 2440 a
360 2382 482 2463 publiqo
502 2384 705 2463 atl‘pr‘ivatum
723 2385 885 2445 transferre
903 2385 1008 2444 vident
1025 2386 1183 2463 quosdam,
1202 2397 1232 2444 et
1249 2389 1315 2444 ma:

29 2457 33 2466 ¹
76 2459 79 2466 ⁴
103 2464 107 2469 ⁴
150 2486 327 2550 gnumesse
346 2466 446 2526 statim
464 2470 544 2548 apud
561 2489 615 2527 vos
634 2469 699 2527 eius
717 2469 884 2530 sententiae
903 2481 1076 2541 auctorem,
1095 2465 1140 2528 ‘et
1157 2467 1256 2550 (quod
1275 2471 1326 2543 ad,

100 2627 104 2631 ῃ
130 2551 341 2613 ‘securitatem
357 2551 479 2630 quidem
495 2551 617 2635 attinet)
634 2553 850 2626 immortalem,
868 2567 958 2633 atque
976 2553 1057 2613 aliud
1075 2573 1141 2612 esse
1158 2554 1314 2614 occultum

65 2646 78 2658 ⁴
98 2640 100 2644 ⁸
138 2629 361 2718 ‘suffragiuma
379 2637 538 2697 manifesto
556 2638 678 2717 plausu:
703 2639 776 2698 baec
794 2638 1009 2710 diffidentiam,
1035 2638 1109 2698 haec
1126 2639 1312 2698 iracundiam
1335 2692 1341 2699 .

57 2747 63 2789 ζ
149 2733 281 2780 movent
322 2722 377 2780 Est
395 2721 493 2793 enim,
518 2719 740 2796 Athenienses,
768 2744 804 2782 ex
826 2744 924 2803 aequo
949 2736 979 2782 et
1003 2723 1086 2783 bono
1106 2723 1231 2782 colenda
1248 2724 1314 2799 rei-

148 2804 287 2885 publicae
312 2798 456 2864 s'ocietas:
489 2805 530 2864 ita
555 2805 601 2864 uti
625 2806 848 2867 divites⁷vitam
870 2809 1068 2887 fortunasque
1094 2829 1161 2867 suas
1186 2808 1219 2867 in
1240 2816 1336 2873 tuto'

57 2900 61 2907 ‘
90 2887 94 2895 ’
147 2883 312 2948 cbllocatas
324 2908 397 2967 >esse
415 2901 538 2968 putent,
557 2891 656 2970 deque
674 2891 710 2950 iis
729 2913 793 2951 non
811 2888 1030 2952 sollicitenturi
1046 2892 1079 2966 iq
1091 2893 1243 2974 periculis
1256 2904 1313 2952 au-

32 2974 36 2978 ’
96 2978 111 3018 ‘-
143 2985 227 3047 tem,
254 2985 290 3036 ut
306 2993 361 3052 pro
379 2973 496 3052 patriae,
512 2974 607 3033 salute
626 2990 707 3055 opes‘
718 2997 790 3044 suas⁴
801 2977 1013 3037 incommune
1033 2979 1206 3037 conferant:
1238 2979 1314 3038 reli-

149 3052 220 3137 qui,
252 3069 288 3116 ut
306 3057 476 3117 communia
492 3079 548 3138 pro
567 3060 777 3120 communibus
796 3061 942 3134 habeant,
977 3063 1075 3141 iisque
1093 3084 1148 3149 pro
1167 3063 1315 3144 portione

105 3141 110 3153 ⁸
148 3141 304 3212 fruantur,
336 3141 451 3222 privata
467 3162 540 3215 uero
558 3164 614 3223 pro
632 3145 762 3226 propriis
780 3146 990 3226 possessoris(
1015 3147 1065 3206 sic
1084 3160 1114 3217 et
1131 3170 1220 3228 parva
1237 3144 1315 3209 urbs

148 3225 324 3307 magna'lit,
344 3238 383 3284 -et
406 3247 513 3308 magna
538 3241 739 3293 conservatur.
782 3231 867 3304 Quae
893 3232 986 3314 igitur
1009 3232 1046 3290 ab
1069 3232 1207 3312 utrisque
1225 3251 1315 3314 prae-

92 3359 100 3372 Ι
123 3365 126 3368 ,
149 3311 254 3388 standa
267 3309 531 3385 essev'ideantur,
556 3312 711 3383 baccusere
729 3326 807 3374 sunt
834 3317 921 3390 ‘Quo
941 3329 1041 3378 autem
1060 3331 1149 3398 pacto
1167 3319 1226 3379 rite
1244 3319 1314 3378 fieri
1348 3353 1351 3356 >

45 3427 52 3433 *
117 3437 119 3443 ,
149 3386 281 3473 queant,
301 3394 476 3454 'distinctius
496 3409 548 3455 -est
564 3397 789 3478 explicandum.
825 3399 912 3459 Sunt*
927 3401 1037 3461 borum
1058 3403 1263 3484 negotiorum.
1281 3415 1316 3463 et

146 3477 386 3562 perturbationis
403 3479 516 3538 multae
534 3480 593 3539 iam
611 3482 684 3541 olim
704 3484 848 3543 collectae
867 3480 986 3545 causae:
1006 3508 1089 3565 quas,
1108 3488 1135 3546 si
1148 3478 1239 3547 ‘vobis
1258 3507 1315 3548 au-

91 3577 132 3633 92
150 3558 221 3622 dire'
235 3563 320 3640 cordi
338 3575 400 3637 eet,
423 3564 559 3623 narrabo.
602 3565 705 3627 Emoti
729 3556 820 3649 estis,
843 3568 1067 3645 Athenienses,
1092 3577 1128 3631 ex
1147 3593 1183 3632 eo
1202 3573 1313 3640 lunda

127 3652 128 3655 ’
148 3658 268 3721 mento,
288 3649 319 3706 in
339 3668 399 3727 quo
415 3670 472 3708 *vos
490 3649 619 3721 maiores
636 3652 728 3712 vestri
746 3655 947 3714 collocarunt:
966 3677 1000 3715 ac
1017 3664 1156 3736 praeesse
1176 3652 1315 3732 Graecis,

88 3760 92 3808 χ
149 3743 180 3792 et'
202 3732 376 3815 legionibus
395 3732 565 3794 instructis
581 3755 686 3796 omnes
705 3733 968 3800 alfe'c‘tosiniuriis
986 3741 1142 3816 adiuvare,
1168 3763 1314 3824 superpa-

74 3831 85 3874 ἱ
113 3857 115 3867 ·
148 3816 234 3877 canei
250 3831 283 3876 et
300 3817 397 3882 inanis
416 3829 481 3878 esse
500 3830 656 3899 sumptus,
680 3827 857 3902 persuasum
876 3825 962 3884 vobis
980 3826 1017 3885 ab
1035 3827 1072 3885 iis
1091 3840 1154 3899 est,
1181 3828 1322 3907 quoi-um¹
1342 3879 1344 3883 .

91 3909 101 3929 ³
146 3901 222 3961 istae
238 3914 310 3965 sunt
327 3903 359 3961 in
376 3902 533 3984 republica
548 3905 698 3968 actiones:
717 3907 814 3967 otium
832 3923 932 3970 autem
949 3931 1038 3992 agere
1055 3923 1086 3971 et
1099 3931 1249 3990 nusquam
1266 3913 1314 3972 of-

129 3985 218 4068 ]fieio
236 3984 411 4069 lungi,'wsed
429 3988 604 4069 singulatim
617 3991 723 4050 >omnia
738 3993 887 4072 prolicere
907 4007 937 4053 et
954 3995 1071 4069 sinere,
1089 4010 1124 4055 ut
1141 3997 1193 4055 alii
1212 4018 1246 4057 ea
1265 3997 1314 4056 in·
1345 4059 1353 4066 ,

146 4069 325 4150 tercipiant,
352 4071 557 4133 admirabilem
576 4073 751 4135 felicitatem
771 4091 802 4137 et
816 4101 880 4138 rem
896 4079 984 4138 nullo
1003 4101 1071 4140 cum
1089 4081 1227 4161 periculo
1248 4102 1314 4141 esse
1333 4123 1344 4128 ›-

145 4155 339 4216 coniunctam
356 4157 477 4236 putatis.
518 4159 607 4232 Quae
626 4154 697 4219 dum
717 4162 812 4234 liunt,
840 4164 915 4238 alius
935 4166 1093 4246 occupavit
1112 4187 1181 4225 eum
1200 4167 1315 4240 locum,

143 4261 236 4320 quem
255 4247 310 4304 vo‘s
327 4254 433 4302 tenere
451 4241 626 4322 oportebat:
652 4244 678 4303 is
695 4245 767 4306 felix
783 4261 817 4308 et
833 4270 960 4330 magnus
979 4263 1012 4309 et
1029 4251 1195 4311 multorum
1215 4251 1313 4312 domi-

143 4334 203 4387 ‘nut
229 4325 344 4411 erasitt
364 4324 457 4406 idque
475 4327 591 4387 merito.
635 4329 710 4390 Rem
734 4331 815 4392 enim
837 4352 978 4416 magnam
1003 4347 1034 4398 et
1056 4336 1257 4399 honorificam
1271 4328 1314 4397 ¹et
