2722 4754
14 152 36 265 s
133 134 256 256 taes
341 268 344 274 ,
414 132 1120 273 nnnos'rnnntsonamos
1253 144 1257 151 ’

30 375 33 380 ·
78 396 84 412 ,
133 349 293 432 postulatis
318 359 350 409 et
374 354 494 424 paratus
518 363 585 425 sum
611 339 884 401 lacereinducias:
909 337 936 399 si
956 358 1019 410 eos,
1045 337 1098 416 qui
1124 332 1215 395 vobis
1244 348 1312 386 non

133 447 215 494 recte
234 429 414 516 consulunt,
426 426 617 507 repudiatos,
628 448 681 499 ea,
698 449 756 508 qua
774 425 860 507 digni
877 431 967 497 stant,
988 420 1157 504 ignominia
1177 414 1312 476 mulcta-

66 518 69 523 *
116 518 214 585 bitis.
257 515 371 576 Valete.
418 519 427 534 ‘
512 530 524 566 .’
1234 509 1244 530 ⁴

107 720 112 731 .
166 707 169 712 -
414 666 631 710 Responsa
665 664 775 709 narn
810 661 1029 707 annuente
1070 624 1101 727 j,

119 765 121 768 Α
222 740 286 829 Rei
317 742 532 829 Macedonum·
550 730 723 849 Philippus*
740 749 866 825 Senatui
896 764 1074 846 populoque
1101 741 1313 822 Thebanos,

138 845 377 935 Accepilit'eras
402 866 533 927 vestras,
567 853 677 932 quibus
703 851 897 912 concordiam
928 864 959 910 et
985 870 1089 929 pacem
1112 865 1238 905 mecum
1266 841 1313 900 fa-

138 952 216 1000 ctam
238 939 407 999 renovatis:
435 939 490 998 sed
515 951 617 997 tamen
642 937 751 1010 audio,
774 935 978 1003 Athenienses
1004 934 1088 994 omni
1106 930 1213 1001 studio
1233 947 1311 988 con-

136 1024 281 1101 tendere,
315 1022 512 1104 utxipsornm
537 1023 666 1084 decretis
691 1021 908 1104 suffragemini.
951 1022 994 1078 Ut
1019 1018 1118 1101 igitur,
1138 1015 1226 1096 prius
1254 1032 1311 1072 vos

96 1131 98 1139 ¹
138 1109 330 1181 accusabam,
354 1108 438 1188 quod
462 1129 564 1189 spem,
588 1129 678 1187 quarn
696 1107 741 1166 illi
759 1105 1055 1179 iaciebant„essetis
1082 1097 1253 1183 amplexari
1280 1109 1312 1163 et

81 1206 84 1211 '
117 1215 245 1265 ,eorum
263 1192 439 1256 institutum
456 1193 607 1254 secuturi:
637 1194 678 1253 ita
697 1215 794 1265 nunc,
819 1204 1019 1273 posteaquam
1036 1187 1191 1258 intellexi,
1217 1183 1310 1243 malle

23 1319 28 1327 ·
82 1338 86 1352 ,
111 1324 114 1348 .
137 1299 191 1342 vos
210 1300 314 1359 pacem
338 1277 498 1364 nobiscqm
522 1278 631 1340 saetam
649 1278 744 1351 tueri,
764 1299 853 1357 quam
872 1276 1000 1336 aliorum
1024 1273 1112 1352 sequi
1129 1269 1311 1357 sententias,

53 1377 63 1398 ¹
139 1382 206 1426 sum
226 1364 403 1438 delectatus,
423 1377 458 1441 ,et
474 1385 528 1424 vos
548 1385 617 1445 cum
635 1353 738 1423 inultis
757 1362 931 1422 nominibus
950 1361 1054 1433 laudo,
1070 1372 1136 1417 tum
1155 1377 1193 1416 eo
1212 1353 1310 1436 potis-

17 1514 21 1521 ,
104 1511 105 1523 ,
139 1449 263 1523 simum,
290 1451 374 1529 quod
399 1463 430 1509 et
454 1437 567 1528 tutiora
586 1448 711 1510 consilia
729 1447 887 1508 sectamini
910 1459 941 1506 et
964 1443 1212 1505 benevolentiam
1239 1461 1309 1523 erga

32 1571 37 1586 ι
76 1569 100 1586 ,-
139 1556 195 1595 nos
213 1526 371 1609 re'tinetisss‘
402 1535 495 1610 Quod
513 1555 580 1595 non·
593 1557 699 1616 parum
716 1533 802 1593 vobis
821 1524 1148 1592 momenti'allaturum
1166 1538 1261 1608 puto,
1282 1524 1308 1585 si
1340 1526 1343 1533 ’

139 1619 172 1681 in
190 1619 249 1680 isto
267 1616 407 1702 instituto
425 1619 664 1700 perseverabitis.
704 1619 822 1678 valete.
1026 1614 1074 1694 ,Χ
1130 1658 1135 1664 -

82 1757 85 1761 ,
175 1770 186 1795 ⁸
225 1708 270 1764 lta
287 1704 445 1765 concitatis
463 1705 594 1765 interae
611 1703 740 1764 urbibus
757 1703 915 1784 Philippus
933 1700 1063 1767 istorum
1082 1721 1193 1782 opera,
1213 1696 1307 1759 ethis

141 1785 269 1851 decretis
288 1784 384 1853 elatus
403 1802 435 1849 et
452 1789 722 1870 responsionibus,
758 1788 929 1849 adventavit
947 1811 1017 1847 cum
1034 1786 1169 1848 exercitu
1189 1796 1225 1844 et
1238 1781 1313 1855 Eia-A

60 1877 121 1934 toa
142 1886 223 1934 team
241 1873 416 1954 occupavit,
434 1885 588 1954 tanquam,
607 1874 725 1935 etiamsi
743 1873 817 1953 quid
834 1873 1009 1947 accidisset,
1027 1894 1090 1944 non
1109 1873 1168 1931 iam
1188 1867 1308 1949 conspi-
1330 1898 1333 1903 ·

65 2026 67 2048 Ι
140 1959 250 2021 ratur-is
268 1958 354 2019 vobis
374 1968 406 2018 et
421 1958 583 2020 Thebanis.
617 1963 733 2019 Verum
752 1959 805 2038 qui
821 1959 976 2029 tumultus·
988 1958 1020 2017 in
1038 1958 1114 2018 urbe
1133 1972 1200 2018 tum
1218 1953 1317 2018 suerit

142 2045 304 2119 excitatus,
332 2042 429 2123 nostis
448 2064 568 2105 omnes:
603 2045 705 2125 paucis
723 2057 824 2104 tamen
842 2044 945 2104 audite
964 2043 1090 2126 cognitu
1108 2042 1237 2102 maxime
1255 2060 1309 2100 ne·
1335 2036 1342 2048 ’

142 2130 277 2192 cessaria.
320 2132 454 2210 Vespera
472 2141 549 2189 erat:
575 2130 659 2191 venit
673 2136 777 2190 autem
796 2129 917 2209 quidam
935 2129 973 2188 ad
992 2129 1149 2202 consules,
1175 2127 1309 2186 Elateain

55 2251 86 2276 η
143 2236 209 2293 esse
227 2227 403 2293 occupatam
426 2212 577 2275 nuntians.
618 2215 694 2275 Post
711 2215 785 2274 haec
802 2215 854 2274 alii
877 2234 1007 2274 acoena
1025 2227 1184 2297 surgentes
1205 2224 1236 2270 et
1254 2209 1311 2269 cir-

79 2349 83 2352 »
132 2299 391 2379 ‘cumsoraneose
409 2299 550 2360 tabernis
562 2299 754 2382 expellebant
771 2313 802 2360 et
819 2311 914 2360 crates
930 2299 1146 2383 incendebant:
1184 2296 1236 2357 alii
1254 2295 1311 2354 du·
1327 2328 1355 2359 μ

44 2439 46 2443 .
143 2407 192 2447 ces
218 2383 410 2455 arcessebant
437 2398 468 2444 et
491 2376 658 2447 tubicinem
683 2384 847 2445 vocabant:
877 2385 1014 2446 tumultu
1040 2385 1173 2464 denique
1199 2380 1324 2441 refertax

144 2482 212 2545 enat⁸
229 2469 311 2531 urbs.
354 2469 504 2530 Postridie
529 2471 627 2552 primo
649 2470 784 2530 diluculo
810 2470 951 2530 consules
975 2483 1114 2530 senatum
1139 2469 1171 2528 in
1197 2466 1313 2527 curiam

143 2555 308 2630 vocabant,
327 2576 380 2643 vos
408 2568 509 2615 antem
533 2556 566 2617 in
592 2555 902 2616 concionem'ibatis:
928 2577 962 2616 ac
986 2556 1163 2637 priusquam
1188 2563 1314 2613 senatus

56 2718 59 2725 Δ
142 2641 271 2701 referret
288 2663 322 2700 ac
340 2640 535 2714 decerneret,
552 2641 712 2703 universus
730 2641 861 2722 populns
880 2640 939 2700 iam
958 2642 1154 2701 consederat:
1170 2650 1259 2720 post,
1277 2641 1315 2694 n't

144 2727 299 2809 ingressus
318 2724 377 2784 luit
394 2739 535 2800 senatus,
562 2739 594 2787 et
611 2726 824 2800 consuleres,
850 2746 928 2806 qnae
946 2726 1005 2787 sibi
1023 2725 1163 2786 nuntiata
1177 2724 1313 2793 fuerant,

109 2829 112 2833 ⁴
143 2823 370 2893 proposuerunt
388 2823 419 2870 et
435 2810 577 2872 nuntium
593 2811 821 2892 produxerunt,
843 2812 931 2893 isque
947 2833 1013 2871 rem
1031 2810 1180 2884 narravit,¹
1203 2827 1314 2890 praeco

144 2896 285 2978 rogabat:
314 2894 393 2970 Quis
410 2896 720 2977 concionemphabere
737 2897 850 2958 vellet?
877 2897 976 2958 Nemo
994 2896 1143 2978 prodibat
1186 2891 1314 2974 Saepius

144 2993 272 3063 rogante
297 2985 477 3061 praecone,
490 2981 589 3042 nihilo
614 2983 709 3065 magis
733 2976 878 3065 surgebat
900 2983 1076 3064 quisquam,
1102 2977 1316 3063 praesentibus

146 3066 288 3126 omnibus
308 3064 452 3141 ducibus,
488 3066 630 3131 omnibus
655 3067 843 3142 oratoribus,
878 3081 910 3129 et
933 3066 1089 3128 communi
1106 3067 1220 3148 patriae
1238 3083 1317 3124 voce

145 3151 322 3238 requirente
346 3151 495 3231 aliquem,
522 3152 576 3233 qui
602 3154 639 3213 de
660 3153 745 3213 urbis
770 3152 981 3216 incolumitate
1001 3154 1170 3214 dissereret
1214 3150 1320 3225 Quam
1344 3150 1352 3207 .’

148 3236 229 3296 enim
246 3257 356 3316 praeco
374 3257 543 3312 vocem-,ex
568 3237 710 3298 instituto
735 3238 838 3321 legum
863 3240 940 3313 edit,
967 3239 1041 3301 haec
1059 3239 1125 3299 iure
1145 3232 1318 3314 communis

145 3333 196 3393 est,
209 3321 311 3381 totius
323 3323 436 3402 patriae
454 3343 516 3395 von¹
538 3322 741 3384 existimanda.
784 3324 905 3399 Quodsi
930 3325 1117 3407 surgendum
1143 3323 1252 3383 fuisset
1269 3319 1320 3391 iis,
1345 3321 1351 3331 '

64 3467 68 3472 ,
147 3405 200 3489 qui
224 3404 443 3486 rempublicam
466 3409 577 3469 salvam
598 3409 795 3489 noluissentz,
812 3406 917 3470 omnes
942 3431 996 3470 vos
1022 3410 1196 3489 caeterique
1218 3405 1321 3465 Athe-

78 3518 85 3537 *
146 3492 266 3552 nienses
285 3492 550 3555 consurrexissetis
570 3506 601 3555 et
618 3495 655 3554 ad
672 3506 850 3577 suggestum
866 3495 1066 3573 accessissetis
1086 3494 1209 3578 (omnes
1226 3491 1323 3562 enim,

146 3577 216 3638 satis
232 3577 306 3651 scie,
324 3578 508 3640 incolumem
525 3573 589 3655 e'sfse
604 3601 670 3661 eam
684 3579 892 3663 .roluissetis):
910 3582 957 3640 sin
974 3580 1141 3654 ditissimis,
1158 3576 1323 3640 trecentis:

147 3661 194 3722 sin
213 3662 323 3743 quibus
342 3677 472 3745 utraque
490 3665 564 3742 hae-c
583 3664 801 3747 suppetebant,
838 3679 874 3726 ut
892 3679 923 3726 et
939 3666 1124 3747 reipublicae
1144 3663 1324 3726 consultum

148 3761 295 3828 cuperent
319 3760 351 3810 et
375 3750 483 3812 divites
509 3763 626 3824 essent,
651 3750 705 3825 iis,
734 3752 787 3831 qui
804 3764 909 3832 postea
928 3774 1035 3834 magna
1054 3751 1155 3835 largiti
1173 3754 1264 3811 sunt:
1290 3740 1340 3806 id‘

148 3834 232 3914 quod
249 3847 375 3915 propter
393 3849 424 3897 et
442 3836 686 3897 benevolentiam
706 3850 738 3897 et
756 3837 873 3898 divitias
891 3838 1037 3898 lecerunt
1049 3864 1055 3873 =
1067 3837 1128 3898 Sed
1146 3837 1223 3896 illud
1242 3848 1324 3894 tem-

108 3982 118 3996 ,
146 3940 203 4000 pus
222 3919 366 4001 nimirum
393 3934 424 3982 et
447 3921 498 3982 illa
517 3922 581 3982 dies
599 3942 663 3982 non
681 3922 775 3982 modo
794 3923 873 3983 bene
891 3923 1065 4004 cupientem
1083 3935 1115 3984 et
1132 3921 1325 4002 locupletem

147 4003 245 4065 vinam
263 4005 451 4084 postulabat:
486 4008 541 4068 sed
565 4006 646 4082 etin
663 4006 756 4068 rebus
771 4008 833 4068 illis
852 4007 891 4068 ab
908 4009 997 4069 initio
1016 4020 1168 4070 versatum
1188 4020 1220 4068 et
1236 4017 1324 4071 recte

147 4088 335 4165 meditatum,
354 4093 522 4175 quagratia
536 4092 693 4174 Philippus
709 4093 759 4161 illa
777 4087 881 4177 ageret
896 4106 927 4154 et
944 4095 1018 4174 quid
1032 4094 1091 4154 sibi
1105 4095 1206 4155 vellet
1223 4093 1324 4169 ,Quas

150 4193 198 4234 res
225 4174 293 4253 quis
302 4174 462 4259 ignorabat
486 4191 517 4240 et
540 4176 604 4238 nob
622 4179 718 4239 multo
744 4192 812 4240 ante
831 4180 1048 4263 p‘ervestigarat
1072 4170 1229 4252 accurate,
1258 4176 1323 4238 sive

151 4257 330 4323 benevolus?
343 4261 408 4345 sive
430 4263 516 4324 dives
537 4275 638 4336 esset,
652 4263 767 4322 nihilo·
788 4263 883 4346 magis
908 4264 1038 4327 sciturus
1066 4278 1145 4339 erat,
1174 4264 1251 4345 quid
1269 4276 1325 4323 aut

54 4432 58 4439 Ι
151 4345 301 4430 agendum
316 4359 379 4410 ant
401 4350 590 4412 suadendum
609 4347 695 4409 vobis
714 4361 802 4410 esset.
846 4351 872 4411 ls
891 4349 987 4434 igitur
1005 4373 1042 4412 eo
1060 4352 1110 4412 die
1133 4372 1192 4434 ego
1219 4349 1324 4412 exstiti
