2722 4754
335 148 840 274 ou-ci'is‘smus.
907 170 915 266 ’ζ
1001 188 1004 202 ’
1188 203 1228 257 89
1291 266 1294 271 ,

56 361 118 419 lore
143 355 281 417 arbitror.
315 356 393 448 9¹¹9
420 355 501 414 enim
527 354 592 434 ipse
615 366 721 434 postea
739 373 771 412 sc
788 350 978 420 convertet?
1013 356 1047 412 ln
1065 352 1228 437 Phrygiam
1316 432 1318 434 v

59 442 213 527 proiectus·
226 438 365 510 serviet?
398 461 498 520 neque
518 439 599 499 enim
618 439 674 498 alia
693 439 731 497 de
748 460 782 498 re
801 437 915 498 bellum
934 452 980 499 est
998 460 1067 498 cum
1084 439 1229 510 Barbare,

61 551 154 613 quam
163 529 200 588 de
218 546 310 608 agro,
331 524 369 585 de
387 525 463 599 vita,
482 525 519 584 de
531 524 700 598 institutis,
719 523 757 583 de
766 516 937 599 libertate,
951 526 995 584 de¹
1006 526 1117 586 talibus
1136 522 1228 584 rebus
1307 551 1336 573 x·

64 613 204 678 omnibus.
241 611 320 686 Quis
339 610 435 694 igitur
452 611 494 670 ita
513 622 558 670 est
574 610 695 683 infelix,
720 622 756 669 ut
769 607 986 689 semetipsum,
1005 624 1162 691 parentes,
1182 628 1228 668 se·
1285 629 1288 633 ·
1308 625 1317 643 t

70 700 189 788 pulchra,
207 697 337 778 patriani
355 695 438 778 parvi
456 693 559 773 lucelli
576 695 671 778 gratia
688 693 763 754 velit
779 693 939 754 amittere?
963 694 1113 775 Equidem
1133 693 1229 755 nemi-
1317 755 1330 767 ,

76 809 134 852 nem
148 805 210 844 esse
240 782 389 842 existimo.
425 784 490 840 lmo
514 778 634 839 necilli
665 780 802 860 expedit,
830 779 984 862 peregrini
1009 781 1113 840 militis
1133 801 1229 862 ,opera
1263 848 1268 860 Ι
1298 782 1304 791 ”

82 870 202 937 Graeciae
220 867 322 948 potiri.
358 867 422 942 Qui
441 867 521 926 enim
540 887 596 925 nos
615 865 808 948 subegerint,
831 864 889 925 iam
908 864 1025 945 pridem
1043 865 1097 925 illo
1115 867 1231 926 suerint

80 954 304 1044 praestantiores:
328 952 436 1033 Neque
453 972 527 1012 vero
545 951 620 1024 vult,
638 951 727 1010 nobis
748 950 863 1025 excisis,
881 952 946 1031 ipse
966 950 998 1009 in
1017 942 1229 1011 aliorum'esse
1301 995 1307 1007 ,

79 1034 227 1128 potestates
242 1039 297 1098 sed
317 1034 474 1112 omnibuis,
488 1036 607 1096 'sifieri
625 1036 738 1116 possit,
764 1035 812 1095 s'in
830 1037 859 1096 id
886 1036 953 1095 fieri
978 1057 1042 1095 non
1060 1034 1174 1117 possit,
1200 1046 1231 1094 at

80 1129 158 1192 servis
174 1137 251 1186 certe
269 1120 333 1182 suis
351 1123 507 1203 imperare.
543 1122 664 1197 Quodsi
683 1122 749 1202 quis
768 1121 930 1183 Thebanos
944 1144 1017 1199 pum
1036 1122 1090 1181 illo
1105 1142 1136 1181 se
1156 1142 1230 1181 con·
1316 1186 1323 1204 Ι

80 1218 215 1277 iuncturos
232 1221 336 1290 putat:
355 1209 485 1269 difficilis
506 1207 629 1288 quidem
648 1220 694 1267 est
711 1208 790 1287 apud
802 1228 856 1267 vos
873 1229 907 1267 ea
924 1208 1006 1268 dere
1027 1206 1131 1272 oratio.
1142 1207 1238 1269 Nam
1254 1209 1314 1264 120

82 1322 142 1362 cum
158 1319 202 1358 eos
218 1294 361 1354 oderitis:
390 1315 490 1375 neque
508 1315 613 1353 verum
632 1292 779 1369 libenter,
798 1314 899 1373 neque
918 1292 992 1352 boni
1012 1294 1172 1374 quicquam
1192 1288 1229 1351 de

84 1387 128 1448 eis'
136 1380 251 1446 audietis.
269 1382 488 1440 Verumtamen
507 1401 559 1440 eos
575 1380 672 1453 decet,
692 1377 745 1458 qui
757 1378 872 1461 magnis
889 1378 925 1437 de
940 1379 1031 1438 rebus
1050 1379 1242 1461 deliberant„
1318 1390 1323 1399 ’

86 1472 180 1532 nullam
194 1466 296 1526 utilem
315 1465 533 1547 cogitationem
551 1465 791 1546 praetermittere
809 1463 871 1523 ulla
890 1464 928 1524 dc
947 1486 1041 1525 causa.
1070 1465 1137 1547 Ego
1155 1483 1228 1523 vero
1258 1520 1261 1525 ,
1298 1472 1313 1481 ’“

87 1555 218 1625 existimo,
241 1563 360 1611 tantum
388 1552 510 1625 abesse,
535 1563 570 1611 ut
588 1549 726 1609 Thebani
747 1571 883 1629 unquam
910 1551 1051 1631 cumjillo
1071 1549 1229 1610 Graeciam

86 1637 196 1702 invasuri
211 1637 279 1710 sint,
296 1650 332 1696 ut
349 1658 457 1719 magna
474 1636 612 1716 pecunia,
631 1636 657 1694 si
675 1635 791 1709 liceret,
809 1636 999 1696 redemturos
1018 1648 1123 1716 putem
1142 1657 1238 1716 occa-⁸

87 1728 198 1797 sionem,
221 1744 277 1803 qua
294 1734 396 1782 vetera
415 1722 447 1780 in
467 1723 600 1781 Graecos
625 1720 734 1780 delicta
752 1720 917 1780 abolerent
954 1720 1073 1796 Quodsi
1092 1721 1159 1801 quis
1179 1742 1229 1780 ex-

87 1812 187 1881 istimat,
202 1807 361 1867 Thebanos
379 1828 476 1886 usque
493 1809 569 1881 adeo
588 1819 695 1866 natura
710 1828 784 1866 esse*
794 1800 947 1889 infelices:
966 1796 1041 1866 illud
1059 1808 1166 1887 utique
1181 1806 1228 1892 in-

89 1895 207 1978 telligetis
224 1914 345 1966 omnes,·
356 1893 382 1952 si
394 1892 532 1970 Thebani
545 1915 613 1952 cum
632 1891 821 1965 illofac‘iant,
841 1913 905 1950 esse
918 1913 1052 1967 necesse,
1069 1905 1105 1952 ut
1123 1913 1229 1951 eorum
1261 1940 1275 1960 μ

88 1983 171 2041 hostes
187 1977 263 2038 s'tent
280 2000 296 2037 a
315 1977 448 2037 Graecis.
470 1979 537 2060 Ego
557 1978 650 2060 igitur
669 1977 818 2050 existimo,
836 1977 919 2036 hunc
938 1978 1075 2038 ordinem
1094 1977 1229 2057 aequita-

87 2067 117 2127 tis
137 2078 163 2124 et
186 2085 249 2137 eos,
274 2063 415 2142 quicum
439 2063 498 2122 hoe
518 2063 625 2122 ordine
644 2084 676 2122 se
702 2062 906 2144 coniungent,
931 2074 995 2122 tum
1019 2062 1228 2143 proditoribus

88 2165 138 2213 tum
151 2148 278 2209 Barbaris
296 2149 363 2209 fore
381 2148 530 2208 universis
550 2149 728 2228 superiores.
747 2149 848 2222 Quare
868 2169 968 2228 neque
987 2148 1148 2208 immodice
1165 2148 1229 2206 sor·
1269 2154 1271 2158 ‘

89 2234 250 2308 midandum,
275 2255 375 2313 neque
404 2234 654 2309 committendum
681 2237 753 2292 esse
765 2247 893 2309 censeo,
920 2247 956 2292 ut
972 2234 1090 2314 priores
1116 2234 1229 2293 bellum

73 2321 232 2380 inseramus.
243 2317 294 2378 Ac
306 2341 345 2378 ne
365 2332 553 2383 caeterorum
573 2319 694 2399 quidem
709 2319 896 2400 Graecorum
915 2319 970 2377 ulli
988 2321 1096 2379 merito
1116 2319 1229 2379 bellum

89 2407 137 2485 boc
149 2404 294 2465 formidini
312 2425 377 2463 esse
396 2404 493 2464 video.
527 2405 603 2464 Nam
622 2405 689 2484 quis
709 2425 815 2464 eorum
833 2405 968 2486 ignorat,
987 2427 1034 2478 se,
1054 2404 1230 2470 dumillrun

89 2511 253 2567 communem
271 2490 391 2550 bostem
404 2490 555 2558 'ducentes
574 2491 655 2549 inter
671 2511 703 2549 se
723 2503 960 2563 consenserunt,
985 2492 1101 2574 magnis
1119 2489 1230 2570 opibus
1271 2532 1274 2537 .

88 2575 219 2636 floruisse:
244 2589 405 2656 postquam
423 2588 540 2649 autem,
566 2577 631 2635 eius
649 2575 778 2636 amicitia
796 2576 884 2650 freti,
910 2577 946 2635 de
964 2576 1086 2657 privatis
1105 2588 1230 2635 contro-

88 2662 175 2723 versiis
191 2661 266 2721 inter
279 2682 311 2720 se
330 2652 571 2734 contenderunt,
590 2673 637 2721 tot
654 2655 730 2721 mala
749 2683 813 2721 esse
830 2683 1000 2741 perpessos,
1019 2674 1105 2743 quot,
1123 2662 1148 2721 si
1163 2661 1231 2741 quis

89 2767 136 2806 eos
152 2747 284 2806 devovere
300 2746 403 2820 vellet,
421 2747 471 2807 vix
487 2747 673 2826 reperisset?
692 2748 793 2830 Quem
812 2747 907 2828 igitur
922 2747 1045 2806 fortuna
1065 2759 1095 2805 et
1113 2747 1156 2806 dii
1173 2748 1230 2805 im-

77 2832 212 2890 ·mortales
228 2845 283 2892 tam
311 2831 453 2892 amicum·
468 2831 625 2905 inutilem,
653 2853 742 2911 quam
766 2823 887 2891 hosteni
914 2853 979 2891 esse
1008 2831 1232 2891 conducibilem

88 2916 227 2991 declarant,
245 2938 312 2976 eum
327 2923 384 2995 hos
402 2917 620 2977 formidamus?
637 2916 851 2997 Nequaquam:
869 2918 922 2976 sed
937 2937 976 2977 ne
990 2917 1132 2986 faciamus
1151 2917 1232 2977 iniu-
1262 2965 1269 2983 ,

87 3001 149 3061 riam
165 3014 258 3062 nostra
277 2996 369 3062 causa
383 3016 414 3063 et
431 3016 557 3083 propter
575 3015 777 3071 caeterorum,
792 3001 980 3062 Graecorum
996 3004 1106 3063 'turbas
1127 3015 1156 3062 et
1175 3003 1232 3060 dil-
1301 3076 1306 3082 ι

87 3087 226 3147 fidentiam.
257 3087 336 3148 Nam
353 3089 379 3148 si
397 3089 607 3162 concorditer,
625 3087 836 3148 adiuvantibus
855 3089 1013 3162 omnibus,
1030 3088 1129 3148 solum
1147 3087 1233 3147 illum

53 3218 56 3223 .
88 3173 206 3257 invadere
224 3172 343 3234 liceret:
363 3196 401 3234 ne
420 3173 561 3239 iniuriam
580 3173 702 3253 quidem
721 3173 765 3232 illi
784 3197 799 3233 a
818 3173 907 3234 nobis
925 3175 991 3234 fieri
1009 3168 1155 3254 putarem.
1173 3172 1233 3231 Sed

88 3280 146 3316 cum
160 3280 187 3318 se
202 3280 249 3319 res
267 3259 356 3319 aliter
378 3260 501 3320 habeat:
530 3260 696 3318 cavendum
720 3279 845 3333 censeo,
874 3280 912 3318 ne
930 3280 1031 3319 ansam
1057 3259 1125 3342 regi
1147 3280 1234 3340 prae-

88 3341 205 3417 beamus,
221 3357 256 3403 ut
273 3344 347 3403 iuris
367 3357 555 3406 caeterorum
575 3344 762 3404 Graecorum
779 3342 893 3406 arbiter
912 3366 976 3406 esse
995 3347 1122 3405 studeat.
1156 3342 1236 3420 Qui,

90 3428 236 3488 esseutibus
255 3430 337 3489 enim
354 3431 440 3491 vobis
460 3441 617 3510 suspectus
637 3442 732 3503 esset,
759 3429 785 3490 si
804 3429 876 3509 quid
895 3431 953 3490 tale
979 3431 1152 3513 moliretui,
1188 3430 1235 3489 sin

90 3511 185 3590 priores
209 3514 326 3574 bellurn
350 3516 523 3588 moveritis,
549 3514 630 3574 haud
656 3514 766 3574 iniuria
792 3514 945 3575 videbitur
972 3529 1098 3597 propter
1121 3528 1235 3575 vestras

88 3597 236 3659 inimicitias
260 3600 388 3659 aliorum
414 3613 555 3681 expetere
579 3599 747 3658 amicitiam.
783 3599 829 3679 Ne
855 3600 949 3682 igitur
972 3623 1097 3684 arguere
1126 3601 1237 3672 velitis,

87 3703 161 3761 quam
177 3698 334 3766 corruptus
353 3686 393 3744 sit
412 3685 556 3745 Graeciae
575 3697 685 3759 status,
703 3686 906 3745 convocandis
926 3686 978 3766 qis,
998 3709 1065 3746 curu
1085 3708 1147 3745 non
1166 3707 1235 3766 per-

86 3767 248 3843 suadebitis,
269 3783 300 3830 et
318 3772 453 3853 gerendo
473 3770 572 3842 bello,
602 3770 751 3830 cum'hon
769 3771 924 3851 poteritis:
951 3771 1005 3831 sed
1023 3770 1119 3852 quieti
1138 3782 1235 3831 estote

84 3863 113 3911 et
127 3851 311 3941 imperterriti
335 3869 367 3916 et
384 3856 531 3915 instructi.
575 3854 769 3935 Et'nunciari
788 3857 825 3916 de
844 3856 930 3917 vobis
948 3858 1013 3941 regi
1031 3857 1147 3929 velitis,
1172 3876 1236 3915 non

83 3938 190 4016 quidem
208 3954 289 4001 certe
308 3955 444 4002 aestuare
462 3952 515 4001 aut
540 3934 746 4000 metuere'aut
771 3943 948 4003 tumultuari
968 3965 1072 4003 omues
1093 3942 1237 4014 Graecos,

82 4035 110 4081 rt
124 4022 336 4086 Athenienses:
355 4028 445 4108 longe
465 4038 546 4086 certe
565 4026 653 4086 aliter
670 4048 701 4086 se
720 4049 784 4087 rem
796 4027 931 4104 habere,
958 4042 1048 4108 atquc
1065 4028 1159 4101 adeo,
1177 4026 1237 4086 nisi

80 4109 149 4187 apud
166 4110 299 4171 Graecos
317 4133 413 4192 aeque
437 4113 526 4192 tu'rpe
553 4111 717 4171 haberetur
740 4113 861 4173 mentiri
880 4126 910 4173 et
927 4114 1077 4194 peierare,
1105 4124 1141 4172 ut
1157 4112 1237 4194 apud

79 4193 154 4253 illum
170 4196 371 4276 praeclarum,
391 4197 566 4278 iampridem
584 4219 638 4257 vos
657 4198 688 4256 in
707 4197 792 4260 illum
810 4197 904 4259 luisse
922 4200 1068 4280 impetum
1086 4198 1233 4260 facturos:
1262 4202 1320 4258 121

79 4281 197 4341 nuncid
214 4302 270 4342 vos
289 4301 478 4364 nequaquam
506 4283 638 4346 facturos
665 4294 815 4364 vestrapte
841 4305 944 4360 causa,
972 4285 1027 4345 sed
1045 4306 1149 4344 omnes
1168 4304 1237 4365 pre-

78 4364 132 4424 cari
149 4367 230 4445 deos,
249 4380 289 4428 ut
301 4369 404 4430 eadem
420 4369 486 4453 ipse-
502 4369 632 4432 amentia
651 4369 840 4454 corripiatur,
860 4391 919 4450 qua
934 4370 1005 4431 olim
1022 4362 1150 4431 maiores
1164 4370 1236 4430 eius.
1306 4430 1315 4445 s
