2722 4754
315 146 318 150 ’
276 115 545 283 coitum
579 121 1110 265 promiscuorum...
1180 162 1251 234 666
1278 122 1291 213 ἑ

84 347 157 386 cum
175 323 243 405 ipse
258 344 315 404 per
330 312 374 398 66,
389 294 456 383 tum
468 321 519 383 isti
532 342 605 381 cnm
620 342 665 383 eo.
683 320 759 409 Nam
777 321 884 403 colum
890 314 954 378 'atii
970 320 1086 378 merces
1100 314 1254 402 6611666-
1325 336 1327 340 “

48 450 50 454 -
84 422 140 491 666
160 409 336 470 mittebant:
362 408 413 501 alii
430 407 473 467 ad
492 399 732 497 negotiationem
756 388 997 505 adnavigabanta
1015 388 1066 464 alii
1083 404 1132 465 hic
1150 424 1255 464 mane-

85 496 171 569 6666,
189 496 290 554 6116666
310 487 425 570 merces
444 491 625 573 distracturi
627 491 784 553 Deinde
778 513 833 571 666
848 491 1015 551 constituto
1034 490 1132 571 pretio
1151 490 1255 553 literas

41 590 53 659 J
85 579 287 640 mittebant”
266 602 299 651 ιι,
318 601 373 677 qur
362 578 437 636 hie
457 591 550 651 erant,
562 566 612 651 66,
627 600 656 638 6ι
648 577 748 658 apud
764 597 821 636 nos
841 598 941 634 carum
960 589 1041 636 esset
1058 566 1259 675 frumentum,

84 664 147 736 huc
164 665 329 736 veherent,
348 663 396 722 sin
414 662 503 722 vilius
524 676 604 723 esset
620 660 750 735 facturn,
774 662 809 721 ad
829 660 920 719 alium
939 674 1103 722 mercatum
1122 661 1255 742 appelle-

61 763 164 825 rent.
199 750 287 808 Unde
306 768 444 808 annonae
462 748 592 827 pretium
612 768 797 827 nonparum
816 758 938 805 auctum
958 759 1003 805 est
1020 746 1167 826 pertales
1186 742 1321 807 lite-'1
1308 788 1312 798 ·

85 857 134 894 ras
155 842 185 894 et
202 818 320 894 mutuis
340 847 454 913 operas.
490 829 594 892 Cum'
585 834 680 917 igitur
696 832 768 891 hinc
793 832 950 898 mitterent
967 851 1090 903 navem,
1115 832 1186 891 satis
1206 852 1255 892 ca·

85 942 155 981 rum
173 919 359 978 frumentum
383 917 588 1011 reliquerunt:
614 912 810 999 quamobrem
830 917 920 977 etiam
937 917 969 975 in
988 916 1216 1014 syngrapham
1198 938 1255 976 un·
1295 946 1296 953 ¹

86 1004 219 1065 scrihere
246 1024 310 1063 non
332 1014 529 1076 recusarunt,
563 1024 595 1063 66
620 1002 755 1074 Athenas
783 1001 994 1087 navigaturos,
1026 1012 1056 1073 et
1081 1001 1112 1058 in
1137 1001 1256 1060 nullum

88 1089 180 1148 alium
200 1102 373 1149 mercatum.
408 1088 498 1161 Post,
525 1109 593 1147 cum
612 1087 785 1156 Sicilienses
804 1107 907 1146 naves
913 1068 1117 1166 appulissent,
1145 1085 1256 1146 66166-
1295 1120 1303 1164 ¹,
1327 1163 1328 1167 Ἰ

87 1174 183 1237 menti
201 1173 296 1273 pretia
315 1170 464 1272 paulatiin
476 1168 705 1247 minuerentur,
734 1184 765 1232 et
782 1171 865 1250 navis
882 1172 1012 1231 istorum
1024 1170 1062 1228 in
1079 1165 1256 1257 hegyptum
1321 1168 1324 1181 ¹

86 1259 311 1358 pervenisset:-
305 1258 419 1318 statim
437 1257 494 1317 iste
521 1258 671 1355 quendam
690 1258 834 1318 Rhodum
859 1257 954 1317 mittit
975 1257 1013 1315 ad
1030 1238 1256 1327 Parlneniseutn

88 1341 225 1417 socium,
251 1343 303 1424 qui
322 1343 351 1402 ei
376 1344 519 1402 nostratis
544 1349 683 1402 annonae
707 1343 857 1402 rationem
881 1330 1058 1421 explicaret.
1085 1342 1156 1399 satis
1174 1340 1255 1405 enim
1286 1365 1302 1391 a

87 1429 218 1502 sciebat,
246 1449 352 1487 navem
371 1428 541 1487 necessario
560 1420 662 1486 Rhodi
684 1427 884 1507 appulsuram
920 1426 961 1485 Ut
979 1426 1098 1522 finiam,
1123 1424 1258 1522 acceptis
1286 1452 1290 1458 .

63 1513 141 1579 ,ab
150 1514 210 1573 isto
235 1514 443 1572 Parmeniscus
469 1512 576 1571 literis
594 1525 625 1571 et
645 1524 727 1572 stato
743 1511 802 1571 hic
827 1510 971 1570 frumenti
987 1509 1096 1597 pretio·
1120 1509 1259 1611 cqgnito,

61 1597 271 1657 -frumentum
290 1597 393 1656 Rhodi
412 1610 572 1656 exonerat
582 1596 689 1696 ibique
713 1596 867 1669 distrahit,
892 1588 1029 1676 neglecta
1050 1608 1080 1654 et
1098 1590 1258 1674 scripturn,
1328 1603 1338 1614 ’

86 1683 224 1754 ludices,
251 1695 282 1740 66
288 1681 437 1753 mulctis,
464 1702 537 1759 quas
556 1680 614 1779 ipsi
632 1682 664 1738 in
676 1701 714 1744 66
740 1693 920 1752 statuerant,
946 1702 972 1738 sr
964 1679 1063 1757 quid
1082 1678 1257 1750 violassent,
1325 1688 1347 1744 ,’

87 1767 263 1866 neglectis
255 1779 327 1824 rtem
347 1765 465 1847 legibus
484 1766 607 1838 vestris,
632 1786 708 1844 quae
727 1765 835 1825 iubent
852 1765 1051 1824 navicularios
1071 1777 1101 1824 et
1120 1777 1256 1824 vectores

87 1852 120 1908 in
141 1872 209 1909 eum
228 1850 379 1932 appellere
398 1853 580 1924 mercatum,
598 1851 636 1909 de
655 1872 716 1932 quo
735 1865 816 1910 mter
832 1872 915 1930 ipsos
933 1849 1120 1931 convenerit,
1137 1872 1184 1908 sm
1203 1840 1257 1908 611-
1280 1859 1341 1917 319

85 1947 135 1993 ter
146 1936 284 2008 lecerunt,
302 1935 436 1994 maximis
451 1934 548 1994 teneri
559 1936 681 2014 poenis.
699 1937 773 2009 Nos,
789 1958 857 1995 cum
876 1936 1005 2015 primurn
1024 1935 1055 1993 id
1073 1935 1185 1994 sactum
1204 1957 1258 1994 au-

87 2020 252 2118 divimus,
261 2041 293 2078 ea
311 2039 345 2078 re
363 2019 522 2099 perculsi'
513 2031 604 2078 ustum
622 2025 754 2079 totarum
773 2019 950 2079 insidiarum
968 2018 1165 2079 architectum
1184 2041 1259 2079 con·

86 2106 237 2203 venimus,
256 2103 466 2185 indignantes,
483 2117 518 2162 ut
535 2125 589 2202 par
607 2118 662 2181 est,
681 2118 711 2164 et
728 2117 964 2189 conquerentes,
982 2125 1048 2176 uos,
1067 2126 1139 2163 cum
1153 2105 1186 2163 in
1202 2125 1257 2184 pa-

59 2190 70 2201 '
86 2175 190 2257 ctiohe
214 2188 314 2262 verbis
341 2189 451 2268 apertis
479 2188 715 2268 pepigissemus,
738 2210 778 2247 ne
803 2189 886 2248 navis
912 2210 1041 2266 usquam
1061 2188 1181 2261 alio,
1167 2211 1257 2266 quam

85 2272 240 2376 Athenas,
259 2258 440 2370 appelleret,
460 2293 553 2350 eaque
573 2274 749 2331 conditione
775 2273 933 2372 pecuniam
953 2271 1201 2355 credidissemus,
1219 2273 1257 2335 ab

86 2379 125 2417 eo
144 2352 175 2417 iri
194 2357 400 2437 suspicionem
417 2356 530 2418 adduct
519 2358 663 2439 tosmpud
684 2379 753 2433 666,
777 2358 905 2436 quinos
924 2356 1076 2441 criminari
1095 2358 1208 2417 vellent
1227 2370 1289 2422 66

87 2445 206 2517 dicere,
232 2464 288 2502 nos
308 2462 431 2521 quoque
449 2441 542 2501 fuisse
561 2442 660 2501 socios
678 2443 824 2502 frumenti
841 2443 991 2502 Rhodum
1003 2443 1099 2515 vecti,
1118 2443 1264 2524 graviter
1309 2496 1314 2505 .

87 2529 237 2599 ferentes,
264 2529 346 2606 quod
365 2547 472 2586 navem
490 2526 523 2584 in
541 2540 679 2596 nostrum
693 2539 880 2613 66666666,
907 2541 943 2587 ut
959 2528 1039 2607 pacti
1057 2540 1174 2600 essent,
1193 2549 1256 2586 666
1338 2560 1342 2567 ,

85 2613 304 2693 perduxissent
341 2608 418 2670 Cutu
436 2623 537 2670 autem
556 2613 593 2670 de
618 2605 788 2696 syngrapha
813 2614 898 2672 etde
917 2613 997 2672 iure*
1009 2610 1240 2712 disputando
1210 2634 1258 2679 nr-

86 2698 144 2756 hil
150 2699 392 2778 ’666666666666
415 2696 532 2756 saltem
558 2710 698 2757 mutuum
724 2711 755 2759 et
782 2719 888 2758 usuras
914 2698 951 2756 66
978 2697 1067 2758 initio
1093 2697 1257 2797 promissas
1336 2772 1338 2777 Α

86 2783 174 2842 reddi
193 2783 282 2842 nobis
301 2780 527 2863 postulavimus.
563 2783 622 2841 Iste
640 2795 741 2842 autem
760 2783 801 2842 ita
819 2784 988 2843 insolenter
1006 2780 1166 2850 nobiscnm
1186 2783 1265 2863 egit,

86 2882 123 2928 ut
140 2890 246 2927 usuras
265 2867 297 2925 ιιι
315 2866 485 2948 syngrapha
504 2866 628 2945 scriptas
647 2889 680 2927 se
689 2863 839 2930 ,daturum
857 2880 990 2967 negaret
1022 2868 1054 2926 Si
1072 2881 1182 2927 66666
1192 2867 1258 2927 vul
1329 2880 1334 2889 '

86 2953 144 3026 tis,
162 2953 280 3032 inquit,
278 2952 435 3035 accipere
452 2963 567 3031 partem
587 2972 726 3013 emensae
745 2953 974 3039 navigatiomS,
981 2952 1060 3012 dabo
1078 2952 1164 3013 vobis
1183 2975 1258 3012 usu-

74 3038 134 3097 ¹ras
154 3038 296 3096 Rhodum
316 3058 427 3115 usque:
446 3036 548 3115 plures
568 3057 631 3095 non
652 3038 737 3098 da.ho
757 3038 833 3097 Sic
825 3059 889 3119 rpse
909 3032 974 3098 sibi
985 3038 1068 3119 leges
1088 3037 1258 3098 sanciebat·
1301 3052 1305 3066 ¹

87 3144 153 3181 non
171 3123 203 3181 in
228 3120 398 3205 syngrapha
421 3121 595 3202 perscriptis
621 3122 849 3183 conditionibus
876 3122 1034 3203 parebat
1042 3125 1087 3182 Ut
1108 3143 1181 3182 vero
1200 3143 1258 3181 nos
1302 3129 1309 3149 ⁸

56 3224 58 3228 “
88 3207 311 3275 nihilistorum
330 3227 528 3266 concessuros
549 3207 697 3280 diximus,
713 3220 905 3289 reputantes,
924 3207 998 3282 66161
1016 3186 1258 3280 1666666666-
1284 3239 1288 3269 ,·

85 3315 155 3368 666
174 3292 212 3351 iri
237 3305 267 3351 66
283 3313 340 3352 666
358 3292 501 3351 Rhodum
527 3292 642 3353 vexisse
667 3292 867 3354 frumentum:
891 3292 985 3375 magis
1013 3293 1101 3352 etiam
1128 3292 1260 3352 instabat

86 3378 157 3450 iste,
175 3377 339 3455 multisque
356 3377 486 3438 testibus
504 3376 646 3438 adhibitis
664 3379 842 3451 accedebat,
864 3400 896 3439 66
914 3392 1049 3471 paratum
1070 3399 1135 3439 esse
1154 3378 1258 3437 dicens
1279 3453 1284 3458 .
1313 3400 1315 3405 ¹

87 3464 125 3522 ad
149 3462 334 3522 reddendam
359 3474 390 3522 et
414 3476 527 3541 sortem
546 3476 577 3523 et
600 3472 706 3524 usuras
725 3462 867 3523 Rhodum
892 3468 1010 3543 usque:
1035 3485 1099 3546 666
1123 3461 1234 3541 quod
1224 3483 1257 3520 1n
1334 3519 1336 3523 ,

86 3547 189 3607 animo
209 3546 334 3606 haberet
351 3546 512 3628 quicqua‘n'i
530 3549 675 3630 reddere,
692 3544 746 3609 stt
765 3550 848 3649 quod
868 3547 1070 3621 existimabat,
1088 3569 1145 3607 nos
1163 3569 1257 3627 pecu-

86 3633 169 3692 niam
187 3655 252 3692 non
269 3638 446 3713 accepturos
458 3633 500 3732 ,ad
519 3633 670 3701 vitandam
693 3634 907 3715 suspicionem.
942 3635 1036 3712 quue
1054 3655 1102 3692 res
1121 3633 1185 3713 ipsa
1198 3633 1257 3691 .-de

77 3717 219 3778 >claravit
251 3717 419 3796 Postquam
436 3717 533 3790 enim,
557 3715 780 3794 Athenienses,
805 3733 976 3779 vestrorum
995 3719 1113 3779 civium
1124 3717 1257 3797 quidam,

87 3826 141 3882 qur
133 3803 240 3863 16666
257 3802 406 3862 fortuna
397 3814 640 3902 intervenerant,
658 3804 747 3865 nobis
765 3804 941 3904 suadebant,
958 3800 1004 3878 ut,
1023 3805 1106 3884 quod
1125 3804 1256 3891 daretur,
1285 3853 1291 3860 .

86 3887 303 3967 acciperemus,
322 3887 359 3946 de
377 3887 591 3947 controversiis
609 3888 641 3946 in
654 3888 805 3949 iudicium
824 3890 1013 3970 veniremus,
1030 3910 1136 3948 usuras
1155 3901 1255 3948 66666
1346 3936 1350 3943 .

87 3973 224 4032 Rhodias
243 3994 307 4031 non
325 3972 569 4045 admitteremus,
594 3973 692 4033 donec
710 3974 855 4034 iudicium
874 3975 976 4034 fieret:
1002 3995 1059 4036 uos
1076 3973 1128 4034 illa
1146 3993 1257 4033 conce
1283 4048 1286 4053 Δ

76 4058 252 4130 Ι61666666,
268 4078 332 4116 666
348 4058 464 4140 ignari,
472 4058 617 4131 ludices,
643 4059 716 4138 quid
735 4080 770 4118 ex
788 4060 957 4144 syngrapha
976 4059 1065 4119 nobis
1082 4058 1257 4132 deberetur,
1328 4099 1332 4103 -

87 4145 141 4203 sed
162 4142 384 4212 existimantes,
413 4143 513 4203 damni
530 4142 645 4221 aliquid
663 4144 850 4217 faciendum,
876 4157 907 4204 et
924 4145 1154 4205 concedendum
1176 4163 1257 4221 esse,
1337 4142 1345 4150 ”

88 4248 129 4286 66
148 4227 216 4287 lites
236 4248 321 4308 sequr
313 4227 517 4287 videremur.
553 4227 641 4288 Sed
632 4240 720 4303 rste,
730 4241 839 4291 66666
858 4230 895 4288 ad
914 4250 994 4330 rem
1004 4230 1146 4289 accedere
1164 4227 1255 4288 vidit:
1346 4243 1350 4257 “

88 4312 231 4375 Tollite
213 4313 332 4404 agitur,
342 4313 466 4394 inquit,
482 4311 711 4421 syngrapham.⁴
727 4314 822 4390 Nos,
826 4313 906 4376 nihil
921 4336 1021 4375 nunus
1037 4314 1194 4391 16666666,
1204 4298 1254 4374 i
1315 4310 1318 4315 ’

971 4504 983 4531 l

617 4560 623 4579 ι
669 4544 679 4577 Ι
983 4542 987 4549 “

751 4582 764 4593 2
