2722 4754
374 146 911 254 'aovnnsu'suto1sn··
949 272 952 277 Ι
1008 234 1014 241 .
1060 168 1063 174 ’
1109 201 1113 207 ·
1159 189 1219 247 ass

78 362 131 411 tun
144 334 235 402 iacere
253 339 374 419 quidvis
398 338 486 420 pensi
503 325 579 399 nihil
597 325 723 412 habeis,
735 333 849 419 ‘acquic
868 337 1051 422 distinguat,
1075 359 1220 400 verumne
1245 334 1248 339 ‘

80 430 155 495 sitan
168 423 295 485 falsum?
321 424 449 484 amicum
467 427 626 508 oppugnet
643 445 681 484 an
700 423 877 485 inimicum?
904 436 935 484 et
952 425 980 485 si
998 446 1057 506 qua
1074 437 1146 486 sunt
1163 423 1220 486 alia

58 565 62 569 .
80 507 218 581 eiusnodi:
243 522 280 569 ut
297 529 361 583 me,
386 514 483 588 quent
495 509 654 571 homicidii
672 508 846 569 criminatus
863 510 979 584 fuerat,
994 512 1086 572 'tanto
1104 508 1219 572 scelere

81 603 190 668 obicum
207 592 481 676 nihilominus'pro
499 593 630 655 feliciori
648 590 774 666 senalus»
789 594 927 676 ingressu
941 604 1006 656 rem
1025 595 1157 657 divinam
1172 586 1235 656 fas

82 706 148 757 cere,
161 691 188 740 et
205 676 389 754 sacrificare,
415 691 447 739 et
463 680 599 741 victimas
616 679 708 740 ferire
726 678 830 739 siverit
847 699 903 758 pro
921 680 1008 740 vobis
1027 678 1153 762 totaque
1169 703 1219 743 re·

82 768 189 857 publice:
216 763 359 844 idemque
377 783 442 825 non
460 764 667 846 prohibuerit,
679 785 755 845 -quo
774 764 873 824 minus
897 767 1061 845 spectaculi
1079 767 1219 850 princeps
1288 836 1291 841 ,

81 856 250 920 inhonorem
263 849 372 909 Nemei
391 850 469 911 lovis
488 866 650 911 commune
668 871 725 930 pro
742 849 898 931 republica
915 850 1120 930 spectaculum
1139 854 1218 914 cele·
1260 880 1262 884 ·
1308 874 1309 880 ¹

81 947 186 1007 buum:
203 946 419 1016 praetereaque
437 935 617 1015 permiserit,
636 948 671 995 ut
683 937 822 996 sacerdos
841 935 1019 995 venerandis
1038 936 1151 998 deabus
1165 941 1219 999 dc-

81 1032 215 1112 ligaretur
231 1019 372 1082 omnibus
386 1019 625 1082 Atheniensibus
643 1042 711 1082 cum
730 1021 850 1081 duobus
868 1020 1004 1103 collegis,
1021 1020 1218 1103 victimasque

80 1102 180 1177 festam
208 1104 366 1184 Numquid
384 1105 488 1188 igitur,
505 1107 532 1169 si
549 1119 696 1188 punctum
715 1103 859 1167 duntaxat
876 1120 928 1179 aut
944 1106 1081 1167 umbram
1101 1101 1218 1181 comm,

80 1193 179 1282 quaein
195 1211 243 1249 me
260 1189 506 1263 machinabatur,
532 1193 694 1253 ostendere
712 1191 881 1272 potuisset,
903 1191 978 1252 haec
996 1193 1219 1255 concessisset?

79 1288 132 1367 Ego
145 1276 256 1358 quidem
269 1295 340 1335 ruon
358 1275 476 1355 opinor.
494 1277 599 1357 ltaque
617 1277 663 1341 his
681 1275 772 1337 rebus
791 1278 949 1337 evidenter
966 1277 1168 1353 convincitur,
1185 1278 1217 1340 id

81 1361 195 1432 mihi
211 1359 315 1421 studio
334 1359 493 1433 habuisse,
519 1376 554 1422 ut
571 1367 619 1422 r'ne
637 1383 693 1443 per
715 1361 931 1423 libidinemet·
949 1364 1146 1444 petulantiam
1163 1385 1216 1445 pa-

84 1456 126 1518 uiu
139 1447 274 1510 eiceret>
297 1444 446 1506 Sed-curn
464 1447 495 1506 id
512 1447 639 1524 facinus,
663 1467 789 1528 quoquo
807 1452 841 1508 s'e'
858 1461 1001 1522 verteret,
1017 1449 1107 1509 nullo
1123 1451 1215 1510 modo
1274 1467 1290 1485 2·

80 1543 105 1601 iu
112 1531 300 1607 ,me-derivare
318 1545 439 1613 posset:
463 1545 565 1613 aperte
577 1533 659 1607 iam,
677 1554 726 1594 me
743 1533 869 1608 relicto,
886 1532 1095 1595 Aristarchum
1114 1535 1216 1611 crimi-

79 1624 195 1693 nabatur,
211 1629 302 1697 atque
313 1631 376 1691 ,ut
392 1629 510 1678 caetera
527 1630 659 1692 taceam,
678 1631 785 1680 senatu
804 1640 839 1680 ea
857 1621 893 1679 de
911 1640 945 1679 re
964 1632 1069 1680 coacto
1089 1633 1121 1683 et
1140 1619 1216 1681 deli·
1267 1614 1270 1619 ¹

20 1711 25 1721 '
79 1711 185 1778 inante,
200 1702 256 1763 iate
273 1709 470 1786 progressus:
483 1704 649 1785 ignoratis,
667 1704 783 1785 inquit,
800 1705 846 1764 rei
863 1706 1031 1779 veritatem,
1050 1726 1068 1765 o
1086 1705 1216 1766 Senato·
1295 1716 1303 1721 ”

77 1816 131 1867 res,
144 1803 178 1866 et,
190 1810 255 1850 cnm
273 1788 457 1851 homicidam
475 1787 610 1849 habeatis
628 1787 851 1870 (Aristarchum
863 1787 1077 1873 intelligens),
1095 1803 1215 1872 tempus

24 1896 27 1901 ·
78 1868 385 1953 teritiuet'inquiritis,
405 1889 436 1934 et
452 1896 548 1957 nugas
567 1875 662 1957 agitis.
674 1875 751 1937 Non
771 1895 840 1936 eum
860 1875 1023 1936 occidetis?
1041 1895 1104 1934 non
1118 1875 1150 1936 in
1164 1896 1214 1937 ae·

77 1965 121 2024 des
135 1958 233 2023 iacietis
254 1959 423 2040 impetum?
449 1981 513 2020 non
531 1960 820 2041 comprehendetis?
845 1962 928 2021 Haec
946 1959 1066 2021 dicebat
1082 1961 1214 2021 scelero-

76 2048 130 2109 sun?
147 2046 332 2126 istud-caput
357 2057 388 2104 et
413 2044 592 2125 impudens,
623 2067 691 2106 curn
711 2047 814 2128 'pridie
840 2046 948 2107 fuisset
974 2046 1011 2105 ab
1036 2045 1214 2110 Aristarcho

75 2152 208 2216 egressus,
219 2129 326 2209 itaque·
341 2131 406 2190 eius
424 2130 675 2206 consuetudine,
689 2131 818 2207 utalius
838 2131 1003 2214 quispiam,
1029 2153 1122 2205 usus,
1145 2150 1215 2199 cum

77 2219 130 2291 ille,
150 2215 231 2276 rebus
248 2216 312 2276 suis
330 2217 493 2290 secundis,
515 2217 651 2277 omnium
669 2217 812 2277 acerrime
831 2237 847 2276 a
865 2237 913 2276 me
932 2210 1156 2288 contendisset,
1180 2227 1215 2275 ut
1234 2244 1237 2249 ¹

61 2301 195 2364 vunnu
211 2301 403 2380 rediremin-
418 2302 655 2384 gratiam-atque
670 2292 879 2385 transigerem.
923 2301 1054 2376 Quae'si
1069 2301 1112 2361 ¹ita
1131 2301 1213 2373 dice·
1263 2375 1266 2379 .

49 2425 58 2434 -
75 2388 125 2461 bat,
137 2399 166 2448 ut
179 2383 384 2447 Aristarchum
403 2407 509 2447 eorum
526 2386 658 2493 aliquid,
677 2401 803 2469 propter
819 2406 896 2469 quae
913 2386 1022 2468 periit,
1041 2385 1215 2469 designasse

73 2470 252 2544 existimaret,
269 2472 423 2552 fidemque
440 2472 541 2533 verbis
566 2487 775 2534 accusatorum
801 2472 978 2533 adhibebata
1003 2483 1126 2531 netum
1146 2471 1220 2551 qui-¹

75 2558 131 2617 den
143 2557 180 2617 sic
196 2557 353 2617 decuisset
371 2557 626 2618 Moderataenim
644 2559 808 2620 amicorum
822 2577 921 2639 poena
936 2557 1010 2616 haec
1027 2569 1082 2630 est,
1101 2555 1212 2635 siquid

74 2642 181 2704 atrocius
197 2641 368 2724 designasse
386 2642 563 2717 videantur,
582 2643 618 2703 ab
637 2644 759 2705 illorum
779 2643 1001 2705 consuetudine
1020 2638 1162 2722 deinceps
1181 2653 1212 2699 te
1307 2681 1309 2684 -

76 2746 221 2811 segregare:
235 2726 345 2788 ulcisci
362 2741 463 2787 autem
483 2741 513 2788 et
529 2730 682 2810 persequi,
700 2727 788 2788 laesis
806 2742 904 2807 atque·
915 2726 1045 2787 inimicis
1064 2725 1212 2805 relinqui·
1307 2752 1309 2757 ⁴

76 2827 124 2872 tur.
147 2811 201 2871 'Sed
216 2811 276 2872 hoc
295 2813 324 2872 ei
343 2832 414 2873 sane
436 2814 654 2874 condonemus.
690 2813 744 2872 Sin
762 2825 863 2874 autem
880 2812 1067 2872 collocutum
1087 2832 1156 2871 cum
1175 2828 1212 2870 eo

75 2910 102 2958 et
115 2896 161 2958 sub
175 2898 275 2958 eodem
294 2910 377 2958 tecto
396 2902 547 2957 vei-satum
567 2916 654 2971 esse,
669 2912 813 2978 tanquam
832 2896 930 2957 omnis
954 2895 1088 2957 criminis
1107 2912 1212 2978 exper-

73 2994 108 3056 te,
122 2983 262 3056 mustabit,
280 2983 331 3044 illa
347 3004 420 3043 vero
439 2983 551 3044 dixisse
569 2997 660 3064 atque
678 2984 828 3047 ohie'cisse
847 2981 1050 3043 calumniandi
1061 2982 1121 3040 mei
1141 3003 1212 3041 cau·
1269 2985 1271 2989 ’

31 3098 38 3109 ,
74 3088 112 3127 sa:
131 3086 220 3128 nonne
236 3069 356 3141 decies,
380 3069 428 3129 vel
447 3069 547 3130 decies
567 3069 675 3129 millies
693 3069 796 3151 potius
814 3069 881 3128 iure
899 3069 1071 3147 meritoque
1091 3066 1211 3143 occide·
1245 3114 1250 3121 .

74 3152 131 3212 tur?
144 3153 233 3234 Atque
251 3175 300 3214 me
313 3173 388 3213 vera
407 3152 518 3229 dicere,
537 3167 578 3228 et,
595 3153 692 3234 pridie
712 3173 802 3235 quam
819 3154 894 3214 haec
913 3155 1102 3234 loqueretur,
1119 3153 1211 3235 istum

73 3237 203 3313 auenbse
221 3251 252 3299 et
269 3256 441 3299 sermonem
460 3240 641 3312 contulisse,
666 3241 876 3321 postridieque
900 3239 1012 3305 iterum
1030 3235 1119 3318 (quid
1132 3257 1212 3296 vero

72 3318 102 3381 ad
116 3342 243 3384 summam
268 3324 579 3406 istam'impuritatem
604 3325 675 3389 addi
688 3317 807 3407 potest,
833 3322 1053 3403 Athenienses)
1073 3322 1155 3382 domi
1174 3321 1213 3381 il·
1242 3380 1248 3409 ἢ

73 3405 124 3464 lum
137 3410 321 3483 convenisse,
347 3423 378 3470 et
395 3409 477 3470 iuxta
501 3410 698 3485 assidentem,
725 3412 828 3472 dextra
846 3410 972 3483 iniecta,
999 3407 1210 3489 praesentibus
1233 3412 1295 3469 352

33 3552 35 3559 ,
73 3490 163 3565 multis,
177 3508 243 3575 post
260 3496 317 3556 ista
335 3494 472 3565 verbaiu
486 3511 603 3572 senatu,
622 3496 732 3578 quibus
747 3496 955 3557 Aristarchum
974 3507 1009 3554 ut
1026 3492 1222 3553 homicidam
1260 3504 1268 3551 ἱ

71 3574 197 3638 detulerat·
220 3581 456 3663 gravissimeque
488 3574 663 3643 criminatus
682 3583 810 3656 ⁴fuerat,
842 3581 1050 3652 adiurantem,
1085 3577 1210 3638 exitium
1242 3642 1247 3663 .

69 3657 216 3739 ipsun-sibi
233 3668 464 3748 imprecantem,
482 3666 509 3728 si
528 3668 601 3750 quid
620 3669 658 3728 de
676 3668 730 3728 illo
749 3667 820 3731 mali
838 3667 977 3739 dixisset,
994 3683 1056 3724 nec¹
1068 3661 1209 3723 reformi-
1283 3672 1285 3677 '

68 3744 136 3812 dtttt
151 3746 322 3828 periurium,
341 3753 559 3832 quamvis-eius
577 3753 623 3813 rei
642 3753 756 3814 conscii
774 3754 925 3823 adessent,
944 3772 977 3810 ac
990 3770 1046 3830 per
1057 3767 1126 3809 cum
1145 3758 1208 3807 stu-

66 3828 149 3890 duisse
164 3837 259 3896 redire
277 3859 395 3897 mecum
415 3838 446 3896 in
464 3839 601 3920 gratiam,
617 3832 663 3903 uti
683 3837 926 3910 constet,·etiam
944 3835 1054 3896 horum
1075 3853 1138 3903 eos,
1157 3831 1209 3910 qui

65 3911 215 3994 interfuere,
231 3935 324 3983 testes
343 3922 428 3982 vobis
448 3922 516 3983 cito,
714 3961 721 3974 ·
845 3962 848 3967 -
967 3962 969 3968 ι
1193 3930 1210 3957 ‘
1300 3994 1303 3998 ,

487 4060 747 4140 '[rnsrns„]
841 4040 845 4045 ⁸

78 4250 84 4265 .
132 4172 234 4236 Nonne
251 4170 326 4237 vero
342 4178 502 4260 indignum
522 4179 637 4241 facinus
657 4193 718 4251 est,
736 4179 956 4250 Athenienses,
980 4199 1014 4237 ac
1032 4175 1217 4258 potius-im.

29 4266 31 4270 '
59 4271 139 4330 pmm,
156 4279 295 4338 asserere,
314 4264 582 4326 homicidamesse
600 4267 742 4339 cundem,
761 4280 797 4326 ac
804 4286 920 4335 rursus,
938 4263 969 4322 id
985 4281 1016 4322 se
1035 4283 1099 4321 non
1118 4259 1209 4323 dixis-
1251 4312 1256 4325 ,

58 4352 111 4410 ⁸0,-
125 4343 257 4409 eiurare?
286 4349 335 4410 cui
359 4350 481 4410 caedem
510 4349 674 4421 obiecerit,
702 4372 770 4412 cum
797 4349 851 4408 illo
880 4347 936 4407 sub
964 4348 1072 4407 eodem
1098 4343 1209 4406 versari
