2722 4754
207 223 209 230 a
312 170 314 175 ’
413 164 943 277 onssnmmmonat1
1033 258 1044 265 μ
1111 154 1328 269 ῒ,πῐ,·

80 329 262 404 existimate:
289 343 320 392 et
336 353 424 405 eum,
447 330 500 412 qui
518 330 659 400 me-lalso
685 331 862 392 testimonio
879 329 1037 411 spoliavit,
1062 331 1099 392 ad
1117 349 1240 394 conser-

80 415 292 498 vandas-leges
310 430 341 476 et
357 415 580 487 iusiurandum,
598 436 660 495 quo
677 416 774 475 adacti
791 416 918 490 sedetis,
935 406 1125 492 ulciscImini,
1143 430 1175 476 et
1192 439 1245 478 ex·
1262 424 1325 482 212

81 500 214 579 emplum
232 502 264 559 in
283 522 320 559 eo
338 500 461 560 statuite
473 499 615 572 eaeteris,
632 501 825 560 recordantes
844 504 950 560 eorum
969 500 1115 574 omnium,
1131 523 1244 582 quaes

80 584 169 652 nobis
184 585 349 657 audivistis,
368 596 399 643 et
411 597 560 658 caventes,
576 584 675 645 sicubi
687 604 741 643 vos
756 585 901 643 seducere
920 584 1118 661 instituerint,
1136 599 1167 647 et
1178 588 1243 649 sin-

82 669 207 752 gulatim
226 669 268 729 eis
287 681 498 742 occurrentes,
521 669 562 740 si,
587 689 622 728 se
639 689 703 728 non
721 666 823 730 omnia
843 680 970 729 testatos
989 689 1071 745 esse,
1097 670 1245 733 dixerint=
1294 697 1306 704 ·

55 752 148 812 'Cur
165 754 259 836 igitur
276 753 308 811 in
332 752 443 814 tabella
467 752 612 834 scriptum
638 752 704 813 est?
738 773 793 812 cur
809 752 903 834 igitur
924 764 989 811 tum
1014 775 1078 814 nou
1101 755 1243 818 delebasl
1264 762 1281 777 ''

83 836 159 918 quae
179 838 272 919 igitur
280 836 335 895 illa
351 850 398 898 est
408 838 488 916 apud
505 850 659 918 praetores
673 837 734 898 litis
749 836 951 911 contestatio?
962 835 1002 896 si
1013 837 1091 905 alius
1103 860 1136 901 se
1150 840 1245 902 luisse

68 922 160 1002 ¹dinit
177 922 233 982 sub
251 921 345 982 tutela
364 943 399 981 ex
416 934 616 1000 testamento,
634 922 709 983 alius
728 922 856 1004 gessisse
873 920 1016 1003 tutelam,
1039 921 1114 982 alius
1132 923 1249 991 habere
1318 956 1321 961 >

83 1018 312 1069 testamentum:
348 1007 468 1081 Quale?
494 1007 606 1086 inquo
626 1007 699 1086 quid
717 1006 946 1086 scriptumest?
968 1004 1248 1085 haec-quaeritate:

84 1113 152 1150 nam
171 1112 246 1169 quae
265 1090 316 1150 isti
333 1091 435 1151 testati
453 1103 540 1165 sunt,
555 1111 599 1153 ,ea
616 1110 707 1151 nemo
726 1112 745 1157 e
761 1092 886 1151 caeteris
903 1110 960 1151 suo
977 1090 1247 1159 testimoniocon-

84 1177 220 1243 firmavit„
255 1175 310 1235 Sin
328 1174 588 1236 lamentabuntur:
608 1176 887 1254 eum,'qui'malum
905 1175 1031 1257 accepit,
1048 1175 1248 1249 miserabilio-
1268 1178 1270 1188 ¹

61 1279 148 1321 ‘rem
166 1261 220 1332 iis,
239 1261 292 1339 qui
308 1282 421 1341 poenas
439 1260 542 1320 daturi
557 1273 645 1333 sunt,
671 1272 817 1340 putatote.
851 1260 939 1335 Quae
953 1259 983 1319 si
999 1260 1131 1320 facietis:
1149 1273 1182 1321 et
1196 1280 1258 1328 me„

85 1345 243 1416 iuvabitis,
268 1355 299 1405 et
316 1345 437 1418 nimiam
456 1344 584 1404 istorum
602 1343 836 1403 assentationem
854 1342 1053 1418 eoe'rcebitis,
1078 1356 1110 1405 et
1126 1344 1184 1427 ipsi
1202 1341 1268 1420 ea,

86 1451 163 1508 quae
181 1429 376 1493 iurisiurandi
393 1429 508 1511 religio<
519 1423 664 1508 postulat,
682 1427 859 1489 decernetis.

131 1739 361 1838 omno
415 1761 476 1836 ru
529 1723 906 1842 suurnanuu
956 1738 1207 1891 sussen.

455 2038 920 2159 nncuunuron”

43 2188 48 2195 ’
88 2169 130 2254 In
148 2197 211 2256 hae'
231 2169 368 2255 oratione
387 2206 418 2255 et
444 2194 589 2273 quaedam
609 2183 635 2252 e¹
649 2191 857 2272 superioribus
874 2193 997 2267 'firmius
1023 2170 1203 2255 muniuntur
1220 2206 1255 2256 et·
1276 2247 1286 2271 r.
1305 2204 1328 2240 ·-‘

88 2282 146 2342 alia
164 2300 243 2339 nova
259 2279 450 2338 inseruntur:
466 2290 512 2353 ut,
528 2296 567 2339 an
579 2287 613 2356 et
624 2288 840 2343 testamentum
855 2276 1015 2349 sit-contra
1032 2279 1114 2377 leges
1132 2278 1253 2344 sactum.

503 2449 550 2458 ιρι

92 2574 171 2659 Nou
191 2597 359 2672 defuturam
379 2614 445 2654 esse
457 2594 617 2675 ⁵Stephano
636 2593 845 2674 defensionem
864 2593 901 2654 de
919 2593 1110 2671 testimonio,
1125 2616 1164 2662 ae
1176 2595 1254 2672 sore,

92 2686 128 2746 ut
144 2681 244 2742 verbis
264 2700 316 2738 vos
336 2680 583 2757 circumduceret,
602 2699 634 2738 se
651 2678 833 2737 non'o'mnia
852 2679 884 2737 in
898 2678 1006 2738 tabella
1025 2680 1189 2760 perscripta
1207 2680 1253 2740 di·
1281 2715 1282 2718 =

93 2771 189 2838 xisse,
208 2765 369 2837 asserendo
388 2784 502 2842 vosque
522 2763 702 2843 decipiendo
712 2772 725 2820 :*
744 2763 857 2843 etipse
875 2763 939 2822 sere
957 2762 1146 2842 suspicabar,
1168 2763 1255 2851 ludi-

90 2875 152 2915 ces.
170 2852 246 2909 Nam
265 2861 295 2908 et
312 2848 395 2908 vafer
413 2861 474 2921 est,
493 2861 533 2920 et,
552 2848 605 2927 qui
622 2847 802 2907 Phormioni
819 2846 944 2927 scriptas
961 2847 1114 2908 orationes
1133 2859 1164 2906 et
1181 2858 1255 2917 con-

94 2939 160 2999 silia
174 2945 348 3019 suggerant,
365 2932 453 3005 multi
468 2945 555 2992 sunt:
573 2930 669 2990 simul
677 2931 764 2991 etiam
778 2929 934 3012 probabile
949 2943 1004 3005 est,
1023 2952 1086 3002 eos,
1103 2931 1158 3011 qui
1169 2952 1257 2990 men·
1271 2944 1275 2952 '
1290 2929 1297 2957 ”

92 3022 146 3084 tiri
163 3040 218 3101 pro
238 3015 413 3096 testimonio
432 3015 601 3090 instituant,
619 3016 709 3075 etiarn
727 3013 957 3087 mendaciorum
971 3014 1181 3077 defensionem
1196 3029 1256 3075 stn-
1278 3023 1334 3081 213

64 3123 69 3127 ’
93 3107 149 3168 tim
168 3101 313 3182 meditari.
350 3101 560 3176 Quod'autem
579 3101 611 3159 in
621 3114 689 3160 tam
706 3098 822 3180 prolixa
841 3099 978 3159 oratione
1005 3119 1153 3180 nusquam
1171 3100 1257 3160 vobis

94 3202 188 3250 testes
205 3184 365 3268 produxit,
390 3207 424 3244 se
441 3199 568 3268 usquam
591 3184 688 3264 ipsum
714 3183 845 3243 adfuisse
862 3183 940 3263 patri
957 3203 1026 3243 meo
1044 3183 1076 3243 id
1093 3195 1257 3257 testamen-

62 3327 71 3345 χ
95 3270 326 3343 tumfacienti,
351 3282 386 3328 ut
402 3268 478 3329 scire
503 3266 621 3350 posset,
650 3267 819 3348 exemplum
838 3267 902 3327 eius
926 3266 1099 3329 testamenti
1123 3267 1155 3328 id
1181 3278 1261 3343 esse,
1315 3279 1319 3296 ¹

45 3360 47 3365 ⁸
96 3350 181 3438 quod
198 3369 283 3436 pater
299 3375 384 3414 meus
402 3352 518 3426 fecerit,
534 3366 587 3414 aut
603 3364 719 3434 apertas
736 3351 847 3412 vidisse
863 3352 991 3425 tabulas,
1009 3352 1082 3431 quas
1099 3364 1185 3432 pater
1201 3362 1281 3433 prm¹

57 3470 65 3482 ⁴
95 3452 277 3513 testamento
296 3437 470 3517 reliquerit:
488 3436 579 3510 haec,
598 3456 709 3517 quaeso
728 3456 800 3509 vos,
827 3447 863 3495 ut
879 3457 939 3496 una
956 3456 1076 3496 mecum
1094 3435 1269 3496 memoriae.

86 3524 252 3588 mandetis.
288 3527 418 3596 Verum,
444 3523 565 3602 quando
584 3534 709 3594 testatus
726 3532 789 3594 est,
815 3519 985 3601 exemplum
1003 3540 1068 3581 esse
1085 3520 1259 3582 testamenti
1307 3546 1309 3552 ·

96 3610 234 3683 Pasionis
253 3628 297 3681 ea,
316 3611 391 3687 quae
409 3605 521 3687 tabulis
536 3605 679 3686 inscripta
697 3589 821 3678 fuerinb
840 3623 907 3665 cum
927 3605 1088 3664 ostendere
1106 3625 1169 3665 non
1186 3597 1258 3686 qes-

96 3696 146 3769 sit,
164 3693 212 3754 vel
230 3704 443 3752 testamentum
461 3689 702 3770 secissepatrem
719 3687 868 3763 nostrum,
887 3688 935 3749 vel
953 3709 985 3749 se
1002 3687 1194 3761 interfuisse,
1211 3701 1260 3749 te·
1281 3696 1291 3761 J

96 3781 281 3842 stamentum
299 3775 427 3835 faciente
444 3788 539 3855 patre,
558 3788 588 3834 et
601 3774 727 3834 vidisse:
746 3794 849 3836 nonne
868 3785 970 3854 aperte
989 3773 1180 3834 convincitur
1192 3771 1259 3832 falsi

96 3859 288 3926 testimonii?
323 3859 443 3934 Quodsi
468 3858 714 3939 provocationem
739 3874 803 3917 esse
827 3856 919 3931 dicit,
947 3877 1011 3917 non
1041 3856 1261 3931 testimonium,

40 3972 41 3976 ¹
97 3949 180 4010 haud
197 3967 266 4007 vera
284 3944 449 4024 praedicat:
475 3942 619 4023 quicquid
638 3943 719 4002 enim
736 3942 777 4001 in*
793 3940 939 4002 iudicium
957 3941 1088 4004 afferunt
1105 3941 1138 4015 in
1155 3951 1288 4000 mutua·
1322 4002 1325 4007 Δ

100 4029 316 4114 provocatione
334 4027 503 4100 adversarii,
520 4049 576 4108 per
592 4027 800 4087 testimonium
817 4025 955 4086 afferunt
981 4025 1088 4106 Neque
1107 4025 1188 4084 enim
1204 4044 1260 4086 vo·
1326 4043 1330 4054 ¹

100 4118 148 4177 bis
166 4114 281 4195 liquere
305 4124 425 4194 posset,
450 4133 558 4172 verane
588 4106 689 4171 essent
706 4133 743 4170 au
761 4110 851 4183 falsa,
875 4131 952 4190 quae
974 4109 1097 4189 utrique
1115 4110 1261 4182 dicerent,

99 4199 160 4262 nisi
180 4199 247 4278 quis
266 4198 355 4257 etiam
372 4209 464 4257 testes
490 4195 725 4256 adhiberet:‘iis
744 4191 817 4255 vero
835 4192 1075 4267 adhibitis,illis
1094 4193 1263 4267 credentes,
1289 4206 1292 4212 '
1317 4212 1320 4219 ·

100 4298 137 4352 ut
154 4284 208 4365 qui
225 4281 387 4343 reddendis
405 4279 574 4341 rationibus
600 4278 725 4341 obnoxii
742 4279 819 4354 siut,
832 4292 907 4351 ,tum
925 4299 961 4363 ²¹.
978 4278 1037 4352 bis,
1063 4299 1140 4358 quae
1157 4299 1174 4339 a
1191 4274 1264 4351 reis,
1286 4301 1288 4304 ·

1011 4365 1060 4438 34
