<?xml version="1.0" encoding="UTF-8"?>
<!DOCTYPE html PUBLIC "-//W3C//DTD XHTML 1.0 Transitional//EN"
    "http://www.w3.org/TR/xhtml1/DTD/xhtml1-transitional.dtd">
<html xmlns="http://www.w3.org/1999/xhtml" xml:lang="en" lang="en">
 <head>
  <title>
</title>
<meta http-equiv="Content-Type" content="text/html;charset=utf-8" />
  <meta name='ocr-system' content='tesseract 3.04.00' />
  <meta name='ocr-capabilities' content='ocr_page ocr_carea ocr_par ocr_line ocrx_word'/>
</head>
<body>
  <div class='ocr_page' id='page_1' title='image "./demosthenisquae04schgoog_0560.png"; bbox 0 0 2722 4754; ppageno 0'>
   <div class='ocr_carea' id='block_1_1' title="bbox 898 9 1318 33">
    <p class='ocr_par' dir='ltr' id='par_1_1' title="bbox 898 9 1318 33">
     <span class='ocr_line' id='line_1_1' title="bbox 898 9 1318 33; baseline 0.01 -16"><span class='ocrx_word' id='word_1_1' title='bbox 898 10 902 15; x_wconf 62' lang='grc' dir='ltr'><strong>ι</strong></span> <span class='ocrx_word' id='word_1_2' title='bbox 971 19 973 23; x_wconf 30' lang='lat'><strong>¹</strong></span> <span class='ocrx_word' id='word_1_3' title='bbox 1040 9 1318 33; x_wconf 53' lang='grc' dir='ltr'><strong>--ιῂΛ</strong></span> 
     </span>
    </p>
   </div>
   <div class='ocr_carea' id='block_1_2' title="bbox 811 64 1094 119">
    <p class='ocr_par' dir='ltr' id='par_1_2' title="bbox 811 64 1094 119">
     <span class='ocr_line' id='line_1_2' title="bbox 811 64 1094 119; baseline 0 0"><span class='ocrx_word' id='word_1_4' title='bbox 811 64 1094 119; x_wconf 76' lang='grc' dir='ltr'>ι’,,</span> 
     </span>
    </p>
   </div>
   <div class='ocr_carea' id='block_1_3' title="bbox 378 154 1315 307">
    <p class='ocr_par' dir='ltr' id='par_1_3' title="bbox 378 154 1315 307">
     <span class='ocr_line' id='line_1_3' title="bbox 378 154 1315 307; baseline -0.105 -12"><span class='ocrx_word' id='word_1_5' title='bbox 378 154 943 307; x_wconf 26' lang='grc' dir='ltr'>ζίΝ-Οιιιιιιιιιιιοιιιιιιμ</span> <span class='ocrx_word' id='word_1_6' title='bbox 1069 211 1129 286; x_wconf 24' lang='lat'><strong>⁶.</strong></span> <span class='ocrx_word' id='word_1_7' title='bbox 1190 165 1315 269; x_wconf 63' lang='lat' dir='ltr'><strong>sss*</strong></span> 
     </span>
    </p>
   </div>
   <div class='ocr_carea' id='block_1_4' title="bbox 26 355 1271 1293">
    <p class='ocr_par' dir='ltr' id='par_1_4' title="bbox 26 355 1271 1286">
     <span class='ocr_line' id='line_1_4' title="bbox 80 355 1251 438; baseline 0.005 -23"><span class='ocrx_word' id='word_1_8' title='bbox 80 380 121 417; x_wconf 92' lang='lat' dir='ltr'><strong>ne</strong></span> <span class='ocrx_word' id='word_1_9' title='bbox 137 356 200 438; x_wconf 91' lang='lat' dir='ltr'><strong>ipsi</strong></span> <span class='ocrx_word' id='word_1_10' title='bbox 217 379 278 417; x_wconf 87' lang='lat' dir='ltr'><strong>una</strong></span> <span class='ocrx_word' id='word_1_11' title='bbox 297 371 328 418; x_wconf 91' lang='lat' dir='ltr'><strong>et</strong></span> <span class='ocrx_word' id='word_1_12' title='bbox 345 355 515 418; x_wconf 79' lang='lat' dir='ltr'><strong>coniunctis</strong></span> <span class='ocrx_word' id='word_1_13' title='bbox 534 355 648 417; x_wconf 81' lang='lat' dir='ltr'><strong>viribus</strong></span> <span class='ocrx_word' id='word_1_14' title='bbox 666 376 734 422; x_wconf 82' lang='lat' dir='ltr'><strong>cunr</strong></span> <span class='ocrx_word' id='word_1_15' title='bbox 753 357 928 428; x_wconf 85' lang='lat' dir='ltr'><strong>adversariis</strong></span> <span class='ocrx_word' id='word_1_16' title='bbox 948 357 1171 438; x_wconf 79' lang='lat' dir='ltr'><strong>experiscmur,</strong></span> <span class='ocrx_word' id='word_1_17' title='bbox 1195 361 1251 421; x_wconf 84' lang='lat' dir='ltr'><strong>scd</strong></span> 
     </span>
     <span class='ocr_line' id='line_1_5' title="bbox 80 440 1271 527; baseline 0.002 -27"><span class='ocrx_word' id='word_1_18' title='bbox 80 455 212 522; x_wconf 88' lang='lat' dir='ltr'><strong>uterque</strong></span> <span class='ocrx_word' id='word_1_19' title='bbox 232 440 374 502; x_wconf 85' lang='lat' dir='ltr'><strong>seorsim.</strong></span> <span class='ocrx_word' id='word_1_20' title='bbox 375 454 485 523; x_wconf 91' lang='lat' dir='ltr'><strong>atque</strong></span> <span class='ocrx_word' id='word_1_21' title='bbox 502 453 538 502; x_wconf 91' lang='lat' dir='ltr'><strong>ut</strong></span> <span class='ocrx_word' id='word_1_22' title='bbox 556 441 796 527; x_wconf 81' lang='lat' dir='ltr'><strong>Olympiodonts</strong></span> <span class='ocrx_word' id='word_1_23' title='bbox 814 456 910 503; x_wconf 86' lang='lat' dir='ltr'><strong>totam</strong></span> <span class='ocrx_word' id='word_1_24' title='bbox 927 441 1126 511; x_wconf 78' lang='lat' dir='ltr'><strong>hereditatem</strong></span> <span class='ocrx_word' id='word_1_25' title='bbox 1135 456 1271 526; x_wconf 66' lang='lat' dir='ltr'><strong>postu·</strong></span> 
     </span>
     <span class='ocr_line' id='line_1_6' title="bbox 80 527 1250 612; baseline 0.005 -28"><span class='ocrx_word' id='word_1_26' title='bbox 80 527 176 601; x_wconf 87' lang='lat' dir='ltr'><strong>laret,</strong></span> <span class='ocrx_word' id='word_1_27' title='bbox 202 539 237 586; x_wconf 93' lang='lat' dir='ltr'><strong>ut</strong></span> <span class='ocrx_word' id='word_1_28' title='bbox 254 528 337 607; x_wconf 88' lang='lat' dir='ltr'><strong>prius</strong></span> <span class='ocrx_word' id='word_1_29' title='bbox 357 527 464 598; x_wconf 85' lang='lat' dir='ltr'><strong>etiam,</strong></span> <span class='ocrx_word' id='word_1_30' title='bbox 493 538 532 586; x_wconf 81' lang='lat' dir='ltr'><strong>et</strong></span> <span class='ocrx_word' id='word_1_31' title='bbox 541 548 597 607; x_wconf 90' lang='lat' dir='ltr'><strong>pro</strong></span> <span class='ocrx_word' id='word_1_32' title='bbox 616 547 649 586; x_wconf 92' lang='lat' dir='ltr'><strong>se</strong></span> <span class='ocrx_word' id='word_1_33' title='bbox 661 540 786 612; x_wconf 82' lang='lat' dir='ltr'><strong>ageret,</strong></span> <span class='ocrx_word' id='word_1_34' title='bbox 815 548 873 609; x_wconf 80' lang='lat' dir='ltr'><strong>ego</strong></span> <span class='ocrx_word' id='word_1_35' title='bbox 891 547 964 587; x_wconf 85' lang='lat' dir='ltr'><strong>vero</strong></span> <span class='ocrx_word' id='word_1_36' title='bbox 983 528 1156 603; x_wconf 81' lang='lat' dir='ltr'><strong>semissem,</strong></span> <span class='ocrx_word' id='word_1_37' title='bbox 1180 551 1250 590; x_wconf 89' lang='lat' dir='ltr'><strong>cum</strong></span> 
     </span>
     <span class='ocr_line' id='line_1_7' title="bbox 68 607 1262 692; baseline 0.002 -23"><span class='ocrx_word' id='word_1_38' title='bbox 68 611 175 672; x_wconf 79' lang='lat' dir='ltr'><strong>&#39;frater</strong></span> <span class='ocrx_word' id='word_1_39' title='bbox 202 611 292 671; x_wconf 92' lang='lat' dir='ltr'><strong>etiam</strong></span> <span class='ocrx_word' id='word_1_40' title='bbox 320 633 405 671; x_wconf 91' lang='lat' dir='ltr'><strong>meus</strong></span> <span class='ocrx_word' id='word_1_41' title='bbox 423 607 590 692; x_wconf 85' lang='lat' dir='ltr'><strong>Callippus</strong></span> <span class='ocrx_word' id='word_1_42' title='bbox 620 612 775 672; x_wconf 83' lang='lat' dir='ltr'><strong>semissem</strong></span> <span class='ocrx_word' id='word_1_43' title='bbox 806 612 950 692; x_wconf 79' lang='lat' dir='ltr'><strong>duntaxat</strong></span> <span class='ocrx_word' id='word_1_44' title='bbox 977 623 1117 692; x_wconf 75' lang='lat' dir='ltr'><strong>peteret:</strong></span> <span class='ocrx_word' id='word_1_45' title='bbox 1141 628 1194 688; x_wconf 88' lang='lat' dir='ltr'><strong>ut,</strong></span> <span class='ocrx_word' id='word_1_46' title='bbox 1220 614 1262 675; x_wconf 68' lang='lat' dir='ltr'><strong>si,</strong></span> 
     </span>
     <span class='ocr_line' id='line_1_8' title="bbox 59 687 1252 780; baseline 0.003 -23"><span class='ocrx_word' id='word_1_47' title='bbox 59 696 322 780; x_wconf 72' lang='lat' dir='ltr'><strong>,olympiodorus</strong></span> <span class='ocrx_word' id='word_1_48' title='bbox 348 696 499 769; x_wconf 86' lang='lat' dir='ltr'><strong>vinceret,</strong></span> <span class='ocrx_word' id='word_1_49' title='bbox 532 717 589 778; x_wconf 79' lang='lat' dir='ltr'><strong>ego</strong></span> <span class='ocrx_word' id='word_1_50' title='bbox 612 716 630 754; x_wconf 89' lang='lat' dir='ltr'><strong>e</strong></span> <span class='ocrx_word' id='word_1_51' title='bbox 654 695 778 758; x_wconf 84' lang='lat' dir='ltr'><strong>foedere</strong></span> <span class='ocrx_word' id='word_1_52' title='bbox 804 687 854 754; x_wconf 82' lang='lat' dir='ltr'><strong>et</strong></span> <span class='ocrx_word' id='word_1_53' title='bbox 859 695 1056 758; x_wconf 88' lang='lat' dir='ltr'><strong>iureiurando</strong></span> <span class='ocrx_word' id='word_1_54' title='bbox 1080 721 1185 760; x_wconf 84' lang='lat' dir='ltr'><strong>rursus</strong></span> <span class='ocrx_word' id='word_1_55' title='bbox 1191 698 1252 760; x_wconf 85' lang='lat' dir='ltr'><strong>ah</strong></span> 
     </span>
     <span class='ocr_line' id='line_1_9' title="bbox 26 779 1257 879; baseline 0.003 -38"><span class='ocrx_word' id='word_1_56' title='bbox 26 837 29 841; x_wconf 17' lang='grc' dir='ltr'><strong>Α</strong></span> <span class='ocrx_word' id='word_1_57' title='bbox 79 781 141 841; x_wconf 91' lang='lat' dir='ltr'><strong>isto</strong></span> <span class='ocrx_word' id='word_1_58' title='bbox 160 794 275 861; x_wconf 84' lang='lat' dir='ltr'><strong>partem</strong></span> <span class='ocrx_word' id='word_1_59' title='bbox 294 780 476 879; x_wconf 87' lang='lat' dir='ltr'><strong>acciperem·</strong></span> <span class='ocrx_word' id='word_1_60' title='bbox 500 779 549 840; x_wconf 91' lang='lat' dir='ltr'><strong>sin</strong></span> <span class='ocrx_word' id='word_1_61' title='bbox 566 781 647 867; x_wconf 82' lang='lat' dir='ltr'><strong>sorte¹</strong></span> <span class='ocrx_word' id='word_1_62' title='bbox 660 779 893 853; x_wconf 81' lang='lat' dir='ltr'><strong>succumberet,</strong></span> <span class='ocrx_word' id='word_1_63' title='bbox 916 803 950 840; x_wconf 86' lang='lat' dir='ltr'><strong>ac</strong></span> <span class='ocrx_word' id='word_1_64' title='bbox 968 782 1050 840; x_wconf 90' lang='lat' dir='ltr'><strong>aliud</strong></span> <span class='ocrx_word' id='word_1_65' title='bbox 1060 780 1257 863; x_wconf 52' lang='lat' dir='ltr'><strong>pronuntiass</strong></span> 
     </span>
     <span class='ocr_line' id='line_1_10' title="bbox 76 858 1248 967; baseline 0.004 -43"><span class='ocrx_word' id='word_1_66' title='bbox 76 878 150 925; x_wconf 87' lang='lat' dir='ltr'><strong>rent</strong></span> <span class='ocrx_word' id='word_1_67' title='bbox 167 862 313 939; x_wconf 88' lang='lat' dir='ltr'><strong>iudices,</strong></span> <span class='ocrx_word' id='word_1_68' title='bbox 310 875 346 924; x_wconf 84' lang='lat' dir='ltr'><strong>nt</strong></span> <span class='ocrx_word' id='word_1_69' title='bbox 362 858 419 924; x_wconf 77' lang='lat' dir='ltr'><strong>iste</strong></span> <span class='ocrx_word' id='word_1_70' title='bbox 432 887 563 967; x_wconf 80' lang='lat' dir='ltr'><strong>aequam</strong></span> <span class='ocrx_word' id='word_1_71' title='bbox 581 887 597 925; x_wconf 94' lang='lat' dir='ltr'><strong>a</strong></span> <span class='ocrx_word' id='word_1_72' title='bbox 616 862 664 926; x_wconf 85' lang='lat' dir='ltr'><strong>me</strong></span> <span class='ocrx_word' id='word_1_73' title='bbox 682 877 806 946; x_wconf 89' lang='lat' dir='ltr'><strong>partem</strong></span> <span class='ocrx_word' id='word_1_74' title='bbox 815 865 975 946; x_wconf 84' lang='lat' dir='ltr'><strong>reciperet,</strong></span> <span class='ocrx_word' id='word_1_75' title='bbox 993 869 1248 965; x_wconf 79' lang='lat' dir='ltr'><strong>quemadmodum</strong></span> 
     </span>
     <span class='ocr_line' id='line_1_11' title="bbox 78 949 1248 1035; baseline 0.003 -24"><span class='ocrx_word' id='word_1_76' title='bbox 78 964 112 1011; x_wconf 89' lang='lat' dir='ltr'><strong>et</strong></span> <span class='ocrx_word' id='word_1_77' title='bbox 136 949 330 1010; x_wconf 91' lang='lat' dir='ltr'><strong>iureiurando</strong></span> <span class='ocrx_word' id='word_1_78' title='bbox 347 962 381 1010; x_wconf 91' lang='lat' dir='ltr'><strong>et</strong></span> <span class='ocrx_word' id='word_1_79' title='bbox 399 950 540 1032; x_wconf 86' lang='lat' dir='ltr'><strong>pactione</strong></span> <span class='ocrx_word' id='word_1_80' title='bbox 558 949 696 1035; x_wconf 79' lang='lat' dir='ltr'><strong>obstricti</strong></span> <span class='ocrx_word' id='word_1_81' title='bbox 715 972 840 1011; x_wconf 91' lang='lat' dir='ltr'><strong>eramus.</strong></span> <span class='ocrx_word' id='word_1_82' title='bbox 850 950 979 1010; x_wconf 91' lang='lat' dir='ltr'><strong>&#39;Hoc</strong></span> <span class='ocrx_word' id='word_1_83' title='bbox 969 950 1046 1009; x_wconf 88' lang='lat' dir='ltr'><strong>mito</strong></span> <span class='ocrx_word' id='word_1_84' title='bbox 1055 952 1193 1012; x_wconf 91' lang='lat' dir='ltr'><strong>consilio</strong></span> <span class='ocrx_word' id='word_1_85' title='bbox 1216 966 1248 1015; x_wconf 91' lang='lat' dir='ltr'><strong>et</strong></span> 
     </span>
     <span class='ocr_line' id='line_1_12' title="bbox 77 1032 1264 1142; baseline 0.003 -47"><span class='ocrx_word' id='word_1_86' title='bbox 77 1049 114 1095; x_wconf 91' lang='lat' dir='ltr'><strong>ut</strong></span> <span class='ocrx_word' id='word_1_87' title='bbox 132 1036 283 1095; x_wconf 90' lang='lat' dir='ltr'><strong>tutissimo</strong></span> <span class='ocrx_word' id='word_1_88' title='bbox 301 1035 449 1135; x_wconf 88' lang='lat' dir='ltr'><strong>probato,</strong></span> <span class='ocrx_word' id='word_1_89' title='bbox 467 1048 532 1095; x_wconf 91' lang='lat' dir='ltr'><strong>tum</strong></span> <span class='ocrx_word' id='word_1_90' title='bbox 550 1057 567 1095; x_wconf 90' lang='lat' dir='ltr'><strong>a</strong></span> <span class='ocrx_word' id='word_1_91' title='bbox 585 1055 651 1109; x_wconf 90' lang='lat' dir='ltr'><strong>me,</strong></span> <span class='ocrx_word' id='word_1_92' title='bbox 675 1047 747 1094; x_wconf 92' lang='lat' dir='ltr'><strong>tum</strong></span> <span class='ocrx_word' id='word_1_93' title='bbox 759 1035 795 1094; x_wconf 85' lang='lat' dir='ltr'><strong>ab</strong></span> <span class='ocrx_word' id='word_1_94' title='bbox 815 1034 1056 1142; x_wconf 81' lang='lat' dir='ltr'><strong>Olympiodoro,</strong></span> <span class='ocrx_word' id='word_1_95' title='bbox 1074 1032 1165 1098; x_wconf 74' lang='lat' dir='ltr'><strong>citati</strong></span> <span class='ocrx_word' id='word_1_96' title='bbox 1175 1051 1264 1098; x_wconf 50' lang='lat' dir='ltr'><strong>sunt¹</strong></span> 
     </span>
     <span class='ocr_line' id='line_1_13' title="bbox 78 1077 1245 1224; baseline 0.002 -45"><span class='ocrx_word' id='word_1_97' title='bbox 78 1140 186 1180; x_wconf 89' lang='lat' dir='ltr'><strong>omnes</strong></span> <span class='ocrx_word' id='word_1_98' title='bbox 205 1121 344 1203; x_wconf 81' lang='lat' dir='ltr'><strong>exlege,</strong></span> <span class='ocrx_word' id='word_1_99' title='bbox 369 1142 443 1202; x_wconf 87' lang='lat' dir='ltr'><strong>qur</strong></span> <span class='ocrx_word' id='word_1_100' title='bbox 413 1117 581 1198; x_wconf 86' lang='lat' dir='ltr'><strong>Cononis</strong></span> <span class='ocrx_word' id='word_1_101' title='bbox 597 1077 676 1182; x_wconf 81' lang='lat' dir='ltr'><strong>boha</strong></span> <span class='ocrx_word' id='word_1_102' title='bbox 696 1119 883 1184; x_wconf 87' lang='lat' dir='ltr'><strong>obtinebant</strong></span> <span class='ocrx_word' id='word_1_103' title='bbox 920 1120 1024 1182; x_wconf 83' lang='lat' dir='ltr'><strong>Recita</strong></span> <span class='ocrx_word' id='word_1_104' title='bbox 1040 1118 1117 1181; x_wconf 83' lang='lat' dir='ltr'><strong>&#39;mihi</strong></span> <span class='ocrx_word' id='word_1_105' title='bbox 1135 1122 1245 1224; x_wconf 78' lang='lat' dir='ltr'><strong>legem,</strong></span> 
     </span>
     <span class='ocr_line' id='line_1_14' title="bbox 78 1204 561 1293; baseline 0.004 -29"><span class='ocrx_word' id='word_1_106' title='bbox 78 1228 115 1265; x_wconf 84' lang='lat' dir='ltr'><strong>ex</strong></span> <span class='ocrx_word' id='word_1_107' title='bbox 133 1227 192 1286; x_wconf 89' lang='lat' dir='ltr'><strong>qua</strong></span> <span class='ocrx_word' id='word_1_108' title='bbox 209 1204 312 1293; x_wconf 84' lang='lat' dir='ltr'><strong>citatio</strong></span> <span class='ocrx_word' id='word_1_109' title='bbox 331 1204 407 1266; x_wconf 87' lang='lat' dir='ltr'><strong>sacta</strong></span> <span class='ocrx_word' id='word_1_110' title='bbox 426 1217 481 1265; x_wconf 89' lang='lat' dir='ltr'><strong>est</strong></span> <span class='ocrx_word' id='word_1_111' title='bbox 558 1261 561 1266; x_wconf 90' lang='lat'>.</span> 
     </span>
    </p>
   </div>
   <div class='ocr_carea' id='block_1_5' title="bbox 608 1327 782 1405">
    <p class='ocr_par' dir='ltr' id='par_1_5' title="bbox 608 1327 782 1405">
     <span class='ocr_line' id='line_1_15' title="bbox 608 1327 782 1405; baseline -0.011 0"><span class='ocrx_word' id='word_1_112' title='bbox 608 1357 713 1405; x_wconf 71' lang='lat' dir='ltr'><strong>nux</strong></span> <span class='ocrx_word' id='word_1_113' title='bbox 772 1327 782 1350; x_wconf 78' lang='lat'><em>&#39;</em></span> 
     </span>
    </p>
   </div>
   <div class='ocr_carea' id='block_1_6' title="bbox 22 1425 1315 2915">
    <p class='ocr_par' dir='ltr' id='par_1_6' title="bbox 22 1425 1315 2900">
     <span class='ocr_line' id='line_1_16' title="bbox 44 1425 1243 1561; baseline 0.001 -40"><span class='ocrx_word' id='word_1_114' title='bbox 44 1531 56 1546; x_wconf 38' lang='grc' dir='ltr'><em>Ι</em></span> <span class='ocrx_word' id='word_1_115' title='bbox 161 1462 205 1521; x_wconf 87' lang='lat' dir='ltr'><strong>Ex</strong></span> <span class='ocrx_word' id='word_1_116' title='bbox 223 1425 278 1521; x_wconf 83' lang='lat' dir='ltr'><strong>hac</strong></span> <span class='ocrx_word' id='word_1_117' title='bbox 296 1461 381 1544; x_wconf 81' lang='lat' dir='ltr'><strong>lege,</strong></span> <span class='ocrx_word' id='word_1_118' title='bbox 405 1462 544 1561; x_wconf 84' lang='lat' dir='ltr'><strong>ludices,</strong></span> <span class='ocrx_word' id='word_1_119' title='bbox 567 1461 670 1522; x_wconf 83' lang='lat' dir='ltr'><strong>citatio</strong></span> <span class='ocrx_word' id='word_1_120' title='bbox 688 1461 765 1524; x_wconf 78' lang='lat' dir='ltr'><strong>sacta</strong></span> <span class='ocrx_word' id='word_1_121' title='bbox 784 1472 852 1534; x_wconf 89' lang='lat' dir='ltr'><strong>est,</strong></span> <span class='ocrx_word' id='word_1_122' title='bbox 873 1471 906 1521; x_wconf 89' lang='lat' dir='ltr'><strong>et</strong></span> <span class='ocrx_word' id='word_1_123' title='bbox 921 1459 1056 1520; x_wconf 81' lang='lat' dir='ltr'><strong>actiones</strong></span> <span class='ocrx_word' id='word_1_124' title='bbox 1073 1460 1243 1540; x_wconf 82' lang='lat' dir='ltr'><strong>institutae,</strong></span> 
     </span>
     <span class='ocr_line' id='line_1_17' title="bbox 74 1546 1241 1646; baseline 0.002 -40"><span class='ocrx_word' id='word_1_125' title='bbox 74 1559 168 1646; x_wconf 87' lang='lat' dir='ltr'><strong>prout</strong></span> <span class='ocrx_word' id='word_1_126' title='bbox 184 1546 455 1629; x_wconf 66' lang='lat' dir='ltr'><strong>Olympiodoro</strong></span> <span class='ocrx_word' id='word_1_127' title='bbox 427 1569 524 1605; x_wconf 74' lang='lat' dir='ltr'><strong>visunt</strong></span> <span class='ocrx_word' id='word_1_128' title='bbox 542 1546 607 1608; x_wconf 83' lang='lat' dir='ltr'><strong>luit</strong></span> <span class='ocrx_word' id='word_1_129' title='bbox 624 1547 741 1610; x_wconf 80' lang='lat' dir='ltr'><strong>Postea</strong></span> <span class='ocrx_word' id='word_1_130' title='bbox 748 1558 917 1627; x_wconf 84' lang='lat' dir='ltr'><strong>praetor</strong></span> <span class='ocrx_word' id='word_1_131' title='bbox 885 1546 918 1606; x_wconf 86' lang='lat' dir='ltr'><strong>ln</strong></span> <span class='ocrx_word' id='word_1_132' title='bbox 932 1567 1039 1605; x_wconf 87' lang='lat' dir='ltr'><strong>omnes</strong></span> <span class='ocrx_word' id='word_1_133' title='bbox 1055 1546 1241 1608; x_wconf 90' lang='lat' dir='ltr'><strong>adversarios</strong></span> 
     </span>
     <span class='ocr_line' id='line_1_18' title="bbox 42 1629 1241 1712; baseline 0.003 -23"><span class='ocrx_word' id='word_1_134' title='bbox 42 1651 47 1657; x_wconf 91' lang='lat'>·</span> <span class='ocrx_word' id='word_1_135' title='bbox 74 1631 248 1712; x_wconf 84' lang='lat' dir='ltr'><strong>inquisivit:</strong></span> <span class='ocrx_word' id='word_1_136' title='bbox 260 1652 369 1710; x_wconf 87' lang='lat' dir='ltr'><strong>eaque</strong></span> <span class='ocrx_word' id='word_1_137' title='bbox 396 1630 596 1710; x_wconf 84' lang='lat' dir='ltr'><strong>inquisitione</strong></span> <span class='ocrx_word' id='word_1_138' title='bbox 620 1645 757 1712; x_wconf 87' lang='lat' dir='ltr'><strong>peracta,</strong></span> <span class='ocrx_word' id='word_1_139' title='bbox 781 1629 932 1690; x_wconf 81' lang='lat' dir='ltr'><strong>eosdem</strong></span> <span class='ocrx_word' id='word_1_140' title='bbox 921 1652 957 1689; x_wconf 89' lang='grc' dir='ltr'><strong>ιιι</strong></span> <span class='ocrx_word' id='word_1_141' title='bbox 979 1629 1154 1709; x_wconf 83' lang='lat' dir='ltr'><strong>iudicium&#39;</strong></span> <span class='ocrx_word' id='word_1_142' title='bbox 1144 1643 1241 1692; x_wconf 83' lang='lat' dir='ltr'><strong>rutro</strong></span> 
     </span>
     <span class='ocr_line' id='line_1_19' title="bbox 74 1702 1242 1816; baseline 0 -39"><span class='ocrx_word' id='word_1_143' title='bbox 74 1717 168 1777; x_wconf 86' lang='lat' dir='ltr'><strong>duxit</strong></span> <span class='ocrx_word' id='word_1_144' title='bbox 204 1713 281 1779; x_wconf 88' lang='lat' dir='ltr'><strong>Cum</strong></span> <span class='ocrx_word' id='word_1_145' title='bbox 299 1728 399 1775; x_wconf 91' lang='lat' dir='ltr'><strong>autem</strong></span> <span class='ocrx_word' id='word_1_146' title='bbox 418 1715 657 1816; x_wconf 81' lang='lat' dir='ltr'><strong>Olympiodorus</strong></span> <span class='ocrx_word' id='word_1_147' title='bbox 676 1717 790 1798; x_wconf 89' lang='lat' dir='ltr'><strong>primus</strong></span> <span class='ocrx_word' id='word_1_148' title='bbox 809 1727 928 1807; x_wconf 83' lang='lat' dir='ltr'><strong>ageret,</strong></span> <span class='ocrx_word' id='word_1_149' title='bbox 948 1723 995 1789; x_wconf 89' lang='lat' dir='ltr'><strong>et,</strong></span> <span class='ocrx_word' id='word_1_150' title='bbox 1013 1702 1159 1794; x_wconf 88' lang='lat' dir='ltr'><strong>quicquid</strong></span> <span class='ocrx_word' id='word_1_151' title='bbox 1178 1728 1242 1777; x_wconf 89' lang='lat' dir='ltr'><strong>erat</strong></span> 
     </span>
     <span class='ocr_line' id='line_1_20' title="bbox 72 1798 1240 1887; baseline 0.001 -28"><span class='ocrx_word' id='word_1_152' title='bbox 72 1800 211 1873; x_wconf 90' lang='lat' dir='ltr'><strong>libitum,</strong></span> <span class='ocrx_word' id='word_1_153' title='bbox 230 1799 361 1873; x_wconf 87' lang='lat' dir='ltr'><strong>diceret,</strong></span> <span class='ocrx_word' id='word_1_154' title='bbox 380 1811 411 1859; x_wconf 89' lang='lat' dir='ltr'><strong>et</strong></span> <span class='ocrx_word' id='word_1_155' title='bbox 427 1800 602 1860; x_wconf 88' lang='lat' dir='ltr'><strong>testimonia</strong></span> <span class='ocrx_word' id='word_1_156' title='bbox 618 1801 789 1882; x_wconf 78' lang='lat' dir='ltr'><strong>proferret,</strong></span> <span class='ocrx_word' id='word_1_157' title='bbox 796 1812 898 1887; x_wconf 89' lang='lat' dir='ltr'><strong>prout</strong></span> <span class='ocrx_word' id='word_1_158' title='bbox 916 1798 945 1858; x_wconf 91' lang='lat' dir='ltr'><strong>ei</strong></span> <span class='ocrx_word' id='word_1_159' title='bbox 964 1800 1136 1861; x_wconf 86' lang='lat' dir='ltr'><strong>consultum</strong></span> <span class='ocrx_word' id='word_1_160' title='bbox 1154 1800 1240 1861; x_wconf 86' lang='lat' dir='ltr'><strong>vide-</strong></span> 
     </span>
     <span class='ocr_line' id='line_1_21' title="bbox 73 1842 1274 1983; baseline 0.002 -39"><span class='ocrx_word' id='word_1_161' title='bbox 73 1885 181 1944; x_wconf 88' lang='lat' dir='ltr'><strong>hatur:</strong></span> <span class='ocrx_word' id='word_1_162' title='bbox 208 1905 283 1983; x_wconf 81' lang='lat' dir='ltr'><strong>ego,</strong></span> <span class='ocrx_word' id='word_1_163' title='bbox 300 1842 433 1959; x_wconf 86' lang='lat' dir='ltr'><strong>ludices,</strong></span> <span class='ocrx_word' id='word_1_164' title='bbox 451 1884 559 1945; x_wconf 90' lang='lat' dir='ltr'><strong>tacitus</strong></span> <span class='ocrx_word' id='word_1_165' title='bbox 578 1885 747 1957; x_wconf 86' lang='lat' dir='ltr'><strong>sedebam</strong></span> <span class='ocrx_word' id='word_1_166' title='bbox 737 1909 770 1944; x_wconf 89' lang='grc' dir='ltr'><strong>ιιι</strong></span> <span class='ocrx_word' id='word_1_167' title='bbox 787 1879 882 1946; x_wconf 83' lang='lat' dir='ltr'><strong>altero</strong></span> <span class='ocrx_word' id='word_1_168' title='bbox 901 1883 1056 1955; x_wconf 79' lang='lat' dir='ltr'><strong>subsellio.</strong></span> <span class='ocrx_word' id='word_1_169' title='bbox 1089 1884 1139 1944; x_wconf 82' lang='lat' dir='ltr'><strong>Ad</strong></span> <span class='ocrx_word' id='word_1_170' title='bbox 1157 1885 1243 1963; x_wconf 85' lang='lat' dir='ltr'><strong>hunc</strong></span> <span class='ocrx_word' id='word_1_171' title='bbox 1269 1898 1274 1905; x_wconf 86' lang='lat'>&#39;</span> 
     </span>
     <span class='ocr_line' id='line_1_22' title="bbox 22 1967 1241 2050; baseline 0.002 -22"><span class='ocrx_word' id='word_1_172' title='bbox 22 2000 35 2009; x_wconf 84' lang='lat'><strong>·</strong></span> <span class='ocrx_word' id='word_1_173' title='bbox 72 1969 226 2029; x_wconf 93' lang='lat' dir='ltr'><strong>modum</strong></span> <span class='ocrx_word' id='word_1_174' title='bbox 217 1981 363 2029; x_wconf 75' lang='lat' dir='ltr'><strong>instructa</strong></span> <span class='ocrx_word' id='word_1_175' title='bbox 379 1976 410 2029; x_wconf 87' lang='lat' dir='ltr'><strong>et</strong></span> <span class='ocrx_word' id='word_1_176' title='bbox 424 1983 593 2050; x_wconf 88' lang='lat' dir='ltr'><strong>comparata</strong></span> <span class='ocrx_word' id='word_1_177' title='bbox 611 1970 748 2043; x_wconf 84' lang='lat' dir='ltr'><strong>actione,</strong></span> <span class='ocrx_word' id='word_1_178' title='bbox 741 1970 815 2034; x_wconf 82' lang='lat' dir='ltr'><strong>iste</strong></span> <span class='ocrx_word' id='word_1_179' title='bbox 833 1967 920 2028; x_wconf 81' lang='lat' dir='ltr'><strong>facile</strong></span> <span class='ocrx_word' id='word_1_180' title='bbox 938 1968 1017 2028; x_wconf 78' lang='lat' dir='ltr'><strong>vicit.</strong></span> <span class='ocrx_word' id='word_1_181' title='bbox 1035 1968 1107 2044; x_wconf 92' lang='lat' dir='ltr'><strong>Quo</strong></span> <span class='ocrx_word' id='word_1_182' title='bbox 1121 1969 1241 2030; x_wconf 86' lang='lat' dir='ltr'><strong>victore</strong></span> 
     </span>
     <span class='ocr_line' id='line_1_23' title="bbox 69 2054 1299 2137; baseline 0.002 -24"><span class='ocrx_word' id='word_1_183' title='bbox 69 2067 215 2113; x_wconf 81' lang='lat' dir='ltr'><strong>votorum</strong></span> <span class='ocrx_word' id='word_1_184' title='bbox 233 2054 370 2115; x_wconf 89' lang='lat' dir='ltr'><strong>omnium</strong></span> <span class='ocrx_word' id='word_1_185' title='bbox 395 2054 466 2114; x_wconf 84' lang='lat' dir='ltr'><strong>sacti</strong></span> <span class='ocrx_word' id='word_1_186' title='bbox 480 2067 640 2135; x_wconf 88' lang='lat' dir='ltr'><strong>compotes</strong></span> <span class='ocrx_word' id='word_1_187' title='bbox 660 2055 692 2114; x_wconf 91' lang='lat' dir='ltr'><strong>in</strong></span> <span class='ocrx_word' id='word_1_188' title='bbox 717 2055 831 2137; x_wconf 76' lang='lat' dir='ltr'><strong>iudicio</strong></span> <span class='ocrx_word' id='word_1_189' title='bbox 849 2074 970 2122; x_wconf 84' lang='lat' dir='ltr'><strong>sumus:</strong></span> <span class='ocrx_word' id='word_1_190' title='bbox 995 2054 1180 2134; x_wconf 79' lang='lat' dir='ltr'><strong>recuperatis</strong></span> <span class='ocrx_word' id='word_1_191' title='bbox 1199 2054 1256 2137; x_wconf 79' lang='lat' dir='ltr'><strong>ab¹</strong></span> <span class='ocrx_word' id='word_1_192' title='bbox 1296 2117 1299 2123; x_wconf 66' lang='grc'><strong>,</strong></span> 
     </span>
     <span class='ocr_line' id='line_1_24' title="bbox 69 2136 1237 2221; baseline 0.003 -24"><span class='ocrx_word' id='word_1_193' title='bbox 69 2139 130 2197; x_wconf 90' lang='lat' dir='ltr'><strong>isto</strong></span> <span class='ocrx_word' id='word_1_194' title='bbox 136 2136 205 2211; x_wconf 89' lang='lat' dir='ltr'><strong>iis,</strong></span> <span class='ocrx_word' id='word_1_195' title='bbox 222 2159 299 2218; x_wconf 91' lang='lat' dir='ltr'><strong>quae</strong></span> <span class='ocrx_word' id='word_1_196' title='bbox 317 2138 477 2198; x_wconf 81' lang='lat' dir='ltr'><strong>adversarii</strong></span> <span class='ocrx_word' id='word_1_197' title='bbox 496 2161 511 2198; x_wconf 93' lang='lat' dir='ltr'><strong>a</strong></span> <span class='ocrx_word' id='word_1_198' title='bbox 529 2140 619 2199; x_wconf 91' lang='lat' dir='ltr'><strong>nobis</strong></span> <span class='ocrx_word' id='word_1_199' title='bbox 636 2139 829 2200; x_wconf 88' lang='lat' dir='ltr'><strong>abstulerant.</strong></span> <span class='ocrx_word' id='word_1_200' title='bbox 865 2139 951 2212; x_wconf 82' lang='lat' dir='ltr'><strong>Quae</strong></span> <span class='ocrx_word' id='word_1_201' title='bbox 970 2159 1038 2196; x_wconf 91' lang='lat' dir='ltr'><strong>cum</strong></span> <span class='ocrx_word' id='word_1_202' title='bbox 1048 2139 1158 2221; x_wconf 83' lang='lat' dir='ltr'><strong>omnia</strong></span> <span class='ocrx_word' id='word_1_203' title='bbox 1176 2161 1237 2200; x_wconf 86' lang='lat' dir='ltr'><strong>una</strong></span> 
     </span>
     <span class='ocr_line' id='line_1_25' title="bbox 39 2220 1251 2319; baseline 0 -36"><span class='ocrx_word' id='word_1_204' title='bbox 39 2230 140 2283; x_wconf 76' lang='lat' dir='ltr'><strong>‘cum</strong></span> <span class='ocrx_word' id='word_1_205' title='bbox 158 2222 296 2301; x_wconf 81' lang='lat' dir='ltr'><strong>pecunia,</strong></span> <span class='ocrx_word' id='word_1_206' title='bbox 315 2220 403 2301; x_wconf 89' lang='lat' dir='ltr'><strong>quam</strong></span> <span class='ocrx_word' id='word_1_207' title='bbox 421 2244 437 2282; x_wconf 95' lang='lat' dir='ltr'><strong>a</strong></span> <span class='ocrx_word' id='word_1_208' title='bbox 455 2244 543 2283; x_wconf 87' lang='lat' dir='ltr'><strong>servo</strong></span> <span class='ocrx_word' id='word_1_209' title='bbox 562 2235 738 2297; x_wconf 85' lang='lat' dir='ltr'><strong>extorserat,</strong></span> <span class='ocrx_word' id='word_1_210' title='bbox 754 2234 889 2283; x_wconf 88' lang='lat' dir='ltr'><strong>teneret:</strong></span> <span class='ocrx_word' id='word_1_211' title='bbox 908 2220 985 2279; x_wconf 83' lang='lat' dir='ltr'><strong>nihil</strong></span> <span class='ocrx_word' id='word_1_212' title='bbox 980 2242 1130 2319; x_wconf 26' lang='lat' dir='ltr'><strong>‘prorsus</strong></span> <span class='ocrx_word' id='word_1_213' title='bbox 1146 2222 1251 2305; x_wconf 59' lang='lat' dir='ltr'><strong>aequi*</strong></span> 
     </span>
     <span class='ocr_line' id='line_1_26' title="bbox 70 2304 1236 2404; baseline -0.001 -37"><span class='ocrx_word' id='word_1_214' title='bbox 70 2318 223 2388; x_wconf 88' lang='lat' dir='ltr'><strong>praestare</strong></span> <span class='ocrx_word' id='word_1_215' title='bbox 241 2306 316 2364; x_wconf 91' lang='lat' dir='ltr'><strong>mihi</strong></span> <span class='ocrx_word' id='word_1_216' title='bbox 333 2307 449 2380; x_wconf 83' lang='lat' dir='ltr'><strong>voluit,</strong></span> <span class='ocrx_word' id='word_1_217' title='bbox 467 2307 549 2366; x_wconf 89' lang='lat' dir='ltr'><strong>sed</strong></span> <span class='ocrx_word' id='word_1_218' title='bbox 540 2328 604 2388; x_wconf 89' lang='lat' dir='ltr'><strong>1pse</strong></span> <span class='ocrx_word' id='word_1_219' title='bbox 623 2307 715 2368; x_wconf 90' lang='lat' dir='ltr'><strong>habet</strong></span> <span class='ocrx_word' id='word_1_220' title='bbox 732 2306 850 2379; x_wconf 88' lang='lat' dir='ltr'><strong>omnia,</strong></span> <span class='ocrx_word' id='word_1_221' title='bbox 869 2304 1015 2404; x_wconf 47' lang='lat' dir='ltr'><strong>quamvis·</strong></span> <span class='ocrx_word' id='word_1_222' title='bbox 1024 2317 1054 2366; x_wconf 90' lang='lat' dir='ltr'><strong>et</strong></span> <span class='ocrx_word' id='word_1_223' title='bbox 1071 2306 1163 2365; x_wconf 76' lang='lat' dir='ltr'><strong>sideni</strong></span> <span class='ocrx_word' id='word_1_224' title='bbox 1182 2308 1236 2366; x_wconf 82' lang='lat' dir='ltr'><strong>de-</strong></span> 
     </span>
     <span class='ocr_line' id='line_1_27' title="bbox 70 2389 1286 2492; baseline 0 -39"><span class='ocrx_word' id='word_1_225' title='bbox 70 2392 166 2464; x_wconf 88' lang='lat' dir='ltr'><strong>derit,</strong></span> <span class='ocrx_word' id='word_1_226' title='bbox 192 2404 272 2450; x_wconf 89' lang='lat' dir='ltr'><strong>etse</strong></span> <span class='ocrx_word' id='word_1_227' title='bbox 291 2411 327 2450; x_wconf 88' lang='lat' dir='ltr'><strong>ex</strong></span> <span class='ocrx_word' id='word_1_228' title='bbox 345 2411 442 2471; x_wconf 88' lang='lat' dir='ltr'><strong>aequo</strong></span> <span class='ocrx_word' id='word_1_229' title='bbox 461 2411 579 2451; x_wconf 88' lang='lat' dir='ltr'><strong>mecum</strong></span> <span class='ocrx_word' id='word_1_230' title='bbox 606 2391 731 2452; x_wconf 89' lang='lat' dir='ltr'><strong>omnino</strong></span> <span class='ocrx_word' id='word_1_231' title='bbox 757 2392 923 2453; x_wconf 86' lang='lat' dir='ltr'><strong>divisurum</strong></span> <span class='ocrx_word' id='word_1_232' title='bbox 945 2389 1113 2492; x_wconf 80' lang='lat' dir='ltr'><strong>pepigerit</strong></span> <span class='ocrx_word' id='word_1_233' title='bbox 1145 2391 1234 2466; x_wconf 82' lang='lat' dir='ltr'><strong>Quae</strong></span> <span class='ocrx_word' id='word_1_234' title='bbox 1284 2413 1286 2416; x_wconf 83' lang='lat'>·</span> 
     </span>
     <span class='ocr_line' id='line_1_28' title="bbox 59 2470 1289 2576; baseline 0 -39"><span class='ocrx_word' id='word_1_235' title='bbox 59 2488 155 2576; x_wconf 78' lang='lat' dir='ltr'><strong>,pacta</strong></span> <span class='ocrx_word' id='word_1_236' title='bbox 174 2475 337 2534; x_wconf 88' lang='lat' dir='ltr'><strong>etiamnum</strong></span> <span class='ocrx_word' id='word_1_237' title='bbox 356 2477 451 2555; x_wconf 91' lang='lat' dir='ltr'><strong>apud</strong></span> <span class='ocrx_word' id='word_1_238' title='bbox 443 2474 671 2551; x_wconf 79' lang='lat' dir='ltr'><strong>Androclidem</strong></span> <span class='ocrx_word' id='word_1_239' title='bbox 690 2477 746 2536; x_wconf 91' lang='lat' dir='ltr'><strong>sita</strong></span> <span class='ocrx_word' id='word_1_240' title='bbox 764 2490 845 2549; x_wconf 84' lang='lat' dir='ltr'><strong>suut,</strong></span> <span class='ocrx_word' id='word_1_241' title='bbox 852 2497 916 2555; x_wconf 82' lang='lat' dir='ltr'><strong>qur</strong></span> <span class='ocrx_word' id='word_1_242' title='bbox 907 2470 1014 2555; x_wconf 87' lang='lat' dir='ltr'><strong>a&#39;pud</strong></span> <span class='ocrx_word' id='word_1_243' title='bbox 1032 2496 1085 2535; x_wconf 88' lang='lat' dir='ltr'><strong>vos</strong></span> <span class='ocrx_word' id='word_1_244' title='bbox 1104 2475 1169 2574; x_wconf 90' lang='lat' dir='ltr'><strong>ipse</strong></span> <span class='ocrx_word' id='word_1_245' title='bbox 1186 2490 1233 2537; x_wconf 89' lang='lat' dir='ltr'><strong>te·</strong></span> <span class='ocrx_word' id='word_1_246' title='bbox 1275 2478 1289 2521; x_wconf 68' lang='grc' dir='ltr'>Γ</span> 
     </span>
     <span class='ocr_line' id='line_1_29' title="bbox 42 2559 1315 2641; baseline 0 -21"><span class='ocrx_word' id='word_1_247' title='bbox 42 2566 45 2570; x_wconf 72' lang='grc'><strong><em>’</em></strong></span> <span class='ocrx_word' id='word_1_248' title='bbox 69 2560 245 2623; x_wconf 89' lang='lat' dir='ltr'><strong>stimonium</strong></span> <span class='ocrx_word' id='word_1_249' title='bbox 264 2560 346 2620; x_wconf 86' lang='lat' dir='ltr'><strong>dixit.</strong></span> <span class='ocrx_word' id='word_1_250' title='bbox 380 2560 441 2618; x_wconf 86' lang='lat' dir='ltr'><strong>Sed</strong></span> <span class='ocrx_word' id='word_1_251' title='bbox 460 2573 490 2620; x_wconf 86' lang='lat' dir='ltr'><strong>et</strong></span> <span class='ocrx_word' id='word_1_252' title='bbox 508 2560 545 2627; x_wconf 90' lang='lat' dir='ltr'><strong>de</strong></span> <span class='ocrx_word' id='word_1_253' title='bbox 562 2560 699 2633; x_wconf 89' lang='lat' dir='ltr'><strong>caeteris,</strong></span> <span class='ocrx_word' id='word_1_254' title='bbox 716 2582 793 2641; x_wconf 88' lang='lat' dir='ltr'><strong>quae</strong></span> <span class='ocrx_word' id='word_1_255' title='bbox 812 2559 883 2632; x_wconf 84' lang='lat' dir='ltr'><strong>dixi,</strong></span> <span class='ocrx_word' id='word_1_256' title='bbox 901 2559 1042 2620; x_wconf 87' lang='lat' dir='ltr'><strong>omnibns</strong></span> <span class='ocrx_word' id='word_1_257' title='bbox 1059 2560 1234 2625; x_wconf 89' lang='lat' dir='ltr'><strong>testimonia</strong></span> <span class='ocrx_word' id='word_1_258' title='bbox 1312 2595 1315 2602; x_wconf 78' lang='lat'><strong>,</strong></span> 
     </span>
     <span class='ocr_line' id='line_1_30' title="bbox 67 2640 1268 2745; baseline 0.001 -41"><span class='ocrx_word' id='word_1_259' title='bbox 67 2646 233 2745; x_wconf 78' lang='lat' dir='ltr'><strong>proferam:</strong></span> <span class='ocrx_word' id='word_1_260' title='bbox 261 2667 295 2704; x_wconf 92' lang='lat' dir='ltr'><strong>ac</strong></span> <span class='ocrx_word' id='word_1_261' title='bbox 312 2644 442 2725; x_wconf 91' lang='lat' dir='ltr'><strong>primum</strong></span> <span class='ocrx_word' id='word_1_262' title='bbox 461 2645 498 2704; x_wconf 90' lang='lat' dir='ltr'><strong>de</strong></span> <span class='ocrx_word' id='word_1_263' title='bbox 516 2646 586 2719; x_wconf 92' lang='lat' dir='ltr'><strong>illo,</strong></span> <span class='ocrx_word' id='word_1_264' title='bbox 605 2647 687 2725; x_wconf 91' lang='lat' dir='ltr'><strong>quod</strong></span> <span class='ocrx_word' id='word_1_265' title='bbox 705 2645 769 2708; x_wconf 89' lang='lat' dir='ltr'><strong>ab</strong></span> <span class='ocrx_word' id='word_1_266' title='bbox 760 2644 849 2705; x_wconf 89' lang='lat' dir='ltr'><strong>mitio</strong></span> <span class='ocrx_word' id='word_1_267' title='bbox 868 2640 988 2726; x_wconf 81' lang='lat' dir='ltr'><strong>gestum</strong></span> <span class='ocrx_word' id='word_1_268' title='bbox 1007 2657 1067 2718; x_wconf 87' lang='lat' dir='ltr'><strong>est,</strong></span> <span class='ocrx_word' id='word_1_269' title='bbox 1086 2667 1155 2705; x_wconf 90' lang='lat' dir='ltr'><strong>cum</strong></span> <span class='ocrx_word' id='word_1_270' title='bbox 1174 2665 1241 2729; x_wconf 76' lang='lat' dir='ltr'><strong>ego</strong></span> <span class='ocrx_word' id='word_1_271' title='bbox 1265 2664 1268 2670; x_wconf 66' lang='lat'>‘</span> 
     </span>
     <span class='ocr_line' id='line_1_31' title="bbox 68 2727 1232 2811; baseline 0.001 -21"><span class='ocrx_word' id='word_1_272' title='bbox 68 2744 99 2790; x_wconf 93' lang='lat' dir='ltr'><strong>et</strong></span> <span class='ocrx_word' id='word_1_273' title='bbox 117 2731 174 2788; x_wconf 88' lang='lat' dir='ltr'><strong>iste</strong></span> <span class='ocrx_word' id='word_1_274' title='bbox 191 2750 248 2788; x_wconf 90' lang='lat' dir='ltr'><strong>nos</strong></span> <span class='ocrx_word' id='word_1_275' title='bbox 251 2736 351 2808; x_wconf 82' lang='lat' dir='ltr'><strong>tropte</strong></span> <span class='ocrx_word' id='word_1_276' title='bbox 369 2728 483 2789; x_wconf 90' lang='lat' dir='ltr'><strong>iudicio</strong></span> <span class='ocrx_word' id='word_1_277' title='bbox 496 2741 534 2793; x_wconf 92' lang='lat' dir='ltr'><strong>ct</strong></span> <span class='ocrx_word' id='word_1_278' title='bbox 550 2730 700 2791; x_wconf 88' lang='lat' dir='ltr'><strong>sententia</strong></span> <span class='ocrx_word' id='word_1_279' title='bbox 716 2730 819 2811; x_wconf 87' lang='lat' dir='ltr'><strong>partiti</strong></span> <span class='ocrx_word' id='word_1_280' title='bbox 835 2727 947 2791; x_wconf 83' lang='lat' dir='ltr'><strong>fuimus</strong></span> <span class='ocrx_word' id='word_1_281' title='bbox 967 2750 1003 2789; x_wconf 86' lang='lat' dir='ltr'><strong>ex</strong></span> <span class='ocrx_word' id='word_1_282' title='bbox 1020 2750 1129 2810; x_wconf 92' lang='lat' dir='ltr'><strong>aequo,</strong></span> <span class='ocrx_word' id='word_1_283' title='bbox 1147 2731 1232 2810; x_wconf 90' lang='lat' dir='ltr'><strong>quic-</strong></span> 
     </span>
     <span class='ocr_line' id='line_1_32' title="bbox 67 2812 1315 2915; baseline 0.002 -41"><span class='ocrx_word' id='word_1_284' title='bbox 67 2815 141 2915; x_wconf 80' lang='lat' dir='ltr'><strong>quid</strong></span> <span class='ocrx_word' id='word_1_285' title='bbox 158 2814 385 2879; x_wconf 80' lang='lat' dir='ltr'><strong>manifestarum</strong></span> <span class='ocrx_word' id='word_1_286' title='bbox 402 2813 578 2886; x_wconf 81' lang='lat' dir='ltr'><strong>facultatum</strong></span> <span class='ocrx_word' id='word_1_287' title='bbox 597 2812 706 2881; x_wconf 88' lang='lat' dir='ltr'><strong>Conon</strong></span> <span class='ocrx_word' id='word_1_288' title='bbox 723 2815 905 2896; x_wconf 85' lang='lat' dir='ltr'><strong>reliquisset</strong></span> <span class='ocrx_word' id='word_1_289' title='bbox 928 2812 1064 2886; x_wconf 87' lang='lat' dir='ltr'><strong>Primum</strong></span> <span class='ocrx_word' id='word_1_290' title='bbox 1082 2815 1141 2876; x_wconf 90' lang='lat' dir='ltr'><strong>hoc</strong></span> <span class='ocrx_word' id='word_1_291' title='bbox 1159 2837 1237 2900; x_wconf 71' lang='lat' dir='ltr'><strong>cape,</strong></span> <span class='ocrx_word' id='word_1_292' title='bbox 1252 2825 1315 2889; x_wconf 84' lang='grc'><strong>245</strong></span> 
     </span>
    </p>
   </div>
   <div class='ocr_carea' id='block_1_7' title="bbox 32 2898 823 3018">
    <p class='ocr_par' dir='ltr' id='par_1_7' title="bbox 32 2898 823 3018">
     <span class='ocr_line' id='line_1_33' title="bbox 65 2898 660 2982; baseline 0.002 -23"><span class='ocrx_word' id='word_1_293' title='bbox 65 2899 291 2961; x_wconf 86' lang='lat' dir='ltr'><strong>testimonium:</strong></span> <span class='ocrx_word' id='word_1_294' title='bbox 310 2898 420 2959; x_wconf 89' lang='lat' dir='ltr'><strong>deinde</strong></span> <span class='ocrx_word' id='word_1_295' title='bbox 438 2899 539 2960; x_wconf 89' lang='lat' dir='ltr'><strong>omnia</strong></span> <span class='ocrx_word' id='word_1_296' title='bbox 557 2899 660 2982; x_wconf 83' lang='lat' dir='ltr'><strong>legito.</strong></span> 
     </span>
     <span class='ocr_line' id='line_1_34' title="bbox 32 2988 823 3018; baseline 0 0"><span class='ocrx_word' id='word_1_297' title='bbox 32 2992 38 2999; x_wconf 82' lang='lat'>¹</span> <span class='ocrx_word' id='word_1_298' title='bbox 817 2988 823 3018; x_wconf 92' lang='lat' dir='ltr'><strong>l</strong></span> 
     </span>
    </p>
   </div>
   <div class='ocr_carea' id='block_1_8' title="bbox 239 3024 937 3111">
    <p class='ocr_par' dir='ltr' id='par_1_8' title="bbox 239 3024 937 3111">
     <span class='ocr_line' id='line_1_35' title="bbox 239 3024 937 3111; baseline 0 -15"><span class='ocrx_word' id='word_1_299' title='bbox 239 3074 302 3111; x_wconf 83' lang='lat'><strong>-.-,</strong></span> <span class='ocrx_word' id='word_1_300' title='bbox 382 3041 384 3045; x_wconf 78' lang='grc'>’</span> <span class='ocrx_word' id='word_1_301' title='bbox 450 3024 937 3098; x_wconf 63' lang='lat' dir='ltr'><strong>summoturum·</strong></span> 
     </span>
    </p>
   </div>
   <div class='ocr_carea' id='block_1_9' title="bbox 41 3130 1228 3326">
    <p class='ocr_par' dir='ltr' id='par_1_9' title="bbox 41 3130 1228 3326">
     <span class='ocr_line' id='line_1_36' title="bbox 153 3130 1228 3238; baseline 0.004 -26"><span class='ocrx_word' id='word_1_302' title='bbox 153 3151 234 3235; x_wconf 89' lang='lat' dir='ltr'><strong>Cape</strong></span> <span class='ocrx_word' id='word_1_303' title='bbox 253 3167 283 3215; x_wconf 90' lang='lat' dir='ltr'><strong>et</strong></span> <span class='ocrx_word' id='word_1_304' title='bbox 300 3154 576 3237; x_wconf 86' lang='lat' dir='ltr'><strong>provocationem,</strong></span> <span class='ocrx_word' id='word_1_305' title='bbox 584 3176 642 3237; x_wconf 88' lang='lat' dir='ltr'><strong>qua</strong></span> <span class='ocrx_word' id='word_1_306' title='bbox 660 3166 730 3216; x_wconf 82' lang='lat' dir='ltr'><strong>e&#39;um</strong></span> <span class='ocrx_word' id='word_1_307' title='bbox 747 3176 910 3236; x_wconf 75' lang='lat' dir='ltr'><strong>provocavi</strong></span> <span class='ocrx_word' id='word_1_308' title='bbox 901 3153 967 3216; x_wconf 89' lang='lat' dir='ltr'><strong>de</strong></span> <span class='ocrx_word' id='word_1_309' title='bbox 984 3130 1132 3229; x_wconf 85' lang='lat' dir='ltr'><strong>nummis,</strong></span> <span class='ocrx_word' id='word_1_310' title='bbox 1151 3161 1228 3238; x_wconf 84' lang='lat' dir='ltr'><strong>quo&#39;s</strong></span> 
     </span>
     <span class='ocr_line' id='line_1_37' title="bbox 41 3223 890 3326; baseline 0.005 -26"><span class='ocrx_word' id='word_1_311' title='bbox 41 3280 44 3287; x_wconf 86' lang='lat'><em>-</em></span> <span class='ocrx_word' id='word_1_312' title='bbox 64 3223 103 3300; x_wconf 89' lang='lat' dir='ltr'><strong>ab</strong></span> <span class='ocrx_word' id='word_1_313' title='bbox 120 3239 244 3300; x_wconf 91' lang='lat' dir='ltr'><strong>homine</strong></span> <span class='ocrx_word' id='word_1_314' title='bbox 263 3241 316 3300; x_wconf 89' lang='lat' dir='ltr'><strong>illo</strong></span> <span class='ocrx_word' id='word_1_315' title='bbox 332 3262 389 3322; x_wconf 86' lang='lat' dir='ltr'><strong>per</strong></span> <span class='ocrx_word' id='word_1_316' title='bbox 406 3243 598 3326; x_wconf 87' lang='lat' dir='ltr'><strong>quaestiones</strong></span> <span class='ocrx_word' id='word_1_317' title='bbox 616 3253 789 3303; x_wconf 82' lang='lat' dir='ltr'><strong>extorserat</strong></span> <span class='ocrx_word' id='word_1_318' title='bbox 888 3320 890 3325; x_wconf 20' lang='grc' dir='ltr'>Ι</span> 
     </span>
    </p>
   </div>
   <div class='ocr_carea' id='block_1_10' title="bbox 421 3385 832 3442">
    <p class='ocr_par' dir='ltr' id='par_1_10' title="bbox 421 3385 832 3442">
     <span class='ocr_line' id='line_1_38' title="bbox 421 3385 832 3442; baseline -0.008 -2.682"><span class='ocrx_word' id='word_1_319' title='bbox 421 3385 832 3442; x_wconf 77' lang='lat' dir='ltr'><strong>Pnovocttto</strong></span> 
     </span>
    </p>
   </div>
   <div class='ocr_carea' id='block_1_11' title="bbox 49 3496 1318 3865">
    <p class='ocr_par' dir='ltr' id='par_1_11' title="bbox 62 3496 1318 3750">
     <span class='ocr_line' id='line_1_39' title="bbox 150 3496 1318 3581; baseline 0.002 -27"><span class='ocrx_word' id='word_1_320' title='bbox 150 3497 232 3579; x_wconf 82' lang='lat' dir='ltr'><strong>lege</strong></span> <span class='ocrx_word' id='word_1_321' title='bbox 251 3509 282 3556; x_wconf 90' lang='lat' dir='ltr'><strong>et</strong></span> <span class='ocrx_word' id='word_1_322' title='bbox 299 3496 425 3556; x_wconf 88' lang='lat' dir='ltr'><strong>alterum</strong></span> <span class='ocrx_word' id='word_1_323' title='bbox 443 3497 662 3571; x_wconf 89' lang='lat' dir='ltr'><strong>testimonium,</strong></span> <span class='ocrx_word' id='word_1_324' title='bbox 681 3517 742 3578; x_wconf 92' lang='lat' dir='ltr'><strong>quo</strong></span> <span class='ocrx_word' id='word_1_325' title='bbox 762 3497 947 3570; x_wconf 87' lang='lat' dir='ltr'><strong>declaratur,</strong></span> <span class='ocrx_word' id='word_1_326' title='bbox 966 3496 1151 3558; x_wconf 87' lang='lat' dir='ltr'><strong>adversarios</strong></span> <span class='ocrx_word' id='word_1_327' title='bbox 1170 3515 1226 3556; x_wconf 89' lang='lat' dir='ltr'><strong>no</strong></span> <span class='ocrx_word' id='word_1_328' title='bbox 1240 3572 1248 3581; x_wconf 26' lang='grc' dir='ltr'><em>υ</em></span> <span class='ocrx_word' id='word_1_329' title='bbox 1316 3569 1318 3576; x_wconf 18' lang='grc' dir='ltr'><strong><em>Α</em></strong></span> 
     </span>
     <span class='ocr_line' id='line_1_40' title="bbox 63 3565 1292 3682; baseline 0 -44"><span class='ocrx_word' id='word_1_330' title='bbox 63 3592 161 3654; x_wconf 89' lang='lat' dir='ltr'><strong>stros,</strong></span> <span class='ocrx_word' id='word_1_331' title='bbox 186 3603 254 3641; x_wconf 92' lang='lat' dir='ltr'><strong>cum</strong></span> <span class='ocrx_word' id='word_1_332' title='bbox 280 3581 478 3641; x_wconf 86' lang='lat' dir='ltr'><strong>hereditatem</strong></span> <span class='ocrx_word' id='word_1_333' title='bbox 501 3578 726 3682; x_wconf 83' lang='lat' dir='ltr'><strong>obtinuissent,</strong></span> <span class='ocrx_word' id='word_1_334' title='bbox 750 3581 909 3645; x_wconf 85' lang='lat' dir='ltr'><strong>abstulisse</strong></span> <span class='ocrx_word' id='word_1_335' title='bbox 933 3582 1052 3654; x_wconf 90' lang='lat' dir='ltr'><strong>omnia,</strong></span> <span class='ocrx_word' id='word_1_336' title='bbox 1075 3565 1227 3661; x_wconf 43' lang='lat' dir='ltr'><strong>quieturos</strong></span> <span class='ocrx_word' id='word_1_337' title='bbox 1281 3625 1292 3646; x_wconf 75' lang='grc'><em>,</em></span> 
     </span>
     <span class='ocr_line' id='line_1_41' title="bbox 62 3663 1227 3750; baseline 0 -28"><span class='ocrx_word' id='word_1_338' title='bbox 62 3663 275 3738; x_wconf 87' lang='lat' dir='ltr'><strong>habueramus,</strong></span> <span class='ocrx_word' id='word_1_339' title='bbox 292 3679 412 3745; x_wconf 91' lang='lat' dir='ltr'><strong>praeter</strong></span> <span class='ocrx_word' id='word_1_340' title='bbox 428 3667 608 3746; x_wconf 83' lang='lat' dir='ltr'><strong>pecuniam,</strong></span> <span class='ocrx_word' id='word_1_341' title='bbox 615 3689 704 3748; x_wconf 90' lang='lat' dir='ltr'><strong>qnam</strong></span> <span class='ocrx_word' id='word_1_342' title='bbox 716 3666 957 3750; x_wconf 74' lang='lat' dir='ltr'><strong>olympiodorus</strong></span> <span class='ocrx_word' id='word_1_343' title='bbox 975 3667 1012 3728; x_wconf 88' lang='lat' dir='ltr'><strong>ab</strong></span> <span class='ocrx_word' id='word_1_344' title='bbox 1031 3664 1154 3728; x_wconf 88' lang='lat' dir='ltr'><strong>homine</strong></span> <span class='ocrx_word' id='word_1_345' title='bbox 1172 3664 1227 3727; x_wconf 84' lang='lat' dir='ltr'><strong>illo·</strong></span> 
     </span>
    </p>

    <p class='ocr_par' dir='ltr' id='par_1_12' title="bbox 49 3750 601 3865">
     <span class='ocr_line' id='line_1_42' title="bbox 49 3750 601 3865; baseline 0.005 -56"><span class='ocrx_word' id='word_1_346' title='bbox 49 3770 117 3829; x_wconf 60' lang='lat' dir='ltr'><strong>‘per</strong></span> <span class='ocrx_word' id='word_1_347' title='bbox 135 3750 327 3830; x_wconf 88' lang='lat' dir='ltr'><strong>quaestiones</strong></span> <span class='ocrx_word' id='word_1_348' title='bbox 346 3764 525 3865; x_wconf 82' lang='lat' dir='ltr'><strong>extorserat</strong></span> <span class='ocrx_word' id='word_1_349' title='bbox 598 3821 601 3824; x_wconf 10' lang='grc' dir='ltr'><em>Α</em></span> 
     </span>
    </p>
   </div>
   <div class='ocr_carea' id='block_1_12' title="bbox 398 3886 848 3962">
    <p class='ocr_par' dir='ltr' id='par_1_13' title="bbox 398 3886 848 3962">
     <span class='ocr_line' id='line_1_43' title="bbox 398 3886 848 3962; baseline 0.003 -15.111"><span class='ocrx_word' id='word_1_350' title='bbox 398 3886 848 3962; x_wconf 66' lang='lat' dir='ltr'><strong>TESTIMONIQM</strong></span> 
     </span>
    </p>
   </div>
   <div class='ocr_carea' id='block_1_13' title="bbox 51 3974 1265 4355">
    <p class='ocr_par' dir='ltr' id='par_1_14' title="bbox 51 3974 1265 4344">
     <span class='ocr_line' id='line_1_44' title="bbox 51 3974 1265 4088; baseline 0.001 -24"><span class='ocrx_word' id='word_1_351' title='bbox 51 4030 55 4037; x_wconf 91' lang='lat'>·</span> <span class='ocrx_word' id='word_1_352' title='bbox 148 3974 412 4080; x_wconf 83' lang='lat' dir='ltr'><strong>Quemadmodum</strong></span> <span class='ocrx_word' id='word_1_353' title='bbox 436 4005 536 4087; x_wconf 81' lang='lat' dir='ltr'><strong>igitur</strong></span> <span class='ocrx_word' id='word_1_354' title='bbox 568 4003 741 4067; x_wconf 78' lang='lat' dir='ltr'><strong>manifestas</strong></span> <span class='ocrx_word' id='word_1_355' title='bbox 765 4002 901 4069; x_wconf 90' lang='lat' dir='ltr'><strong>Cononis</strong></span> <span class='ocrx_word' id='word_1_356' title='bbox 929 4006 1113 4069; x_wconf 82' lang='lat' dir='ltr'><strong>facultates</strong></span> <span class='ocrx_word' id='word_1_357' title='bbox 1110 3994 1171 4088; x_wconf 85' lang='lat' dir='ltr'><strong>ego</strong></span> <span class='ocrx_word' id='word_1_358' title='bbox 1196 4016 1228 4065; x_wconf 92' lang='lat' dir='ltr'><strong>et</strong></span> <span class='ocrx_word' id='word_1_359' title='bbox 1262 4069 1265 4073; x_wconf 60' lang='grc'>,</span> 
     </span>
     <span class='ocr_line' id='line_1_45' title="bbox 63 4087 1225 4171; baseline 0.001 -24"><span class='ocrx_word' id='word_1_360' title='bbox 63 4087 303 4171; x_wconf 64' lang='lat' dir='ltr'><strong>Olpmpiodorus</strong></span> <span class='ocrx_word' id='word_1_361' title='bbox 322 4089 529 4164; x_wconf 88' lang='lat' dir='ltr'><strong>diviserimus,</strong></span> <span class='ocrx_word' id='word_1_362' title='bbox 556 4093 748 4154; x_wconf 88' lang='lat' dir='ltr'><strong>exoratione</strong></span> <span class='ocrx_word' id='word_1_363' title='bbox 767 4107 870 4155; x_wconf 89' lang='lat' dir='ltr'><strong>nostra</strong></span> <span class='ocrx_word' id='word_1_364' title='bbox 889 4107 919 4154; x_wconf 88' lang='lat' dir='ltr'><strong>et</strong></span> <span class='ocrx_word' id='word_1_365' title='bbox 937 4115 953 4154; x_wconf 88' lang='lat' dir='ltr'><strong>e</strong></span> <span class='ocrx_word' id='word_1_366' title='bbox 971 4088 1154 4153; x_wconf 83' lang='lat' dir='ltr'><strong>testimoniis</strong></span> <span class='ocrx_word' id='word_1_367' title='bbox 1172 4111 1225 4149; x_wconf 89' lang='lat' dir='ltr'><strong>au-</strong></span> 
     </span>
     <span class='ocr_line' id='line_1_46' title="bbox 62 4172 1253 4260; baseline 0.003 -29"><span class='ocrx_word' id='word_1_368' title='bbox 62 4172 188 4232; x_wconf 88' lang='lat' dir='ltr'><strong>divistis.</strong></span> <span class='ocrx_word' id='word_1_369' title='bbox 206 4174 311 4234; x_wconf 93' lang='lat' dir='ltr'><strong>lllud</strong></span> <span class='ocrx_word' id='word_1_370' title='bbox 302 4188 376 4234; x_wconf 78' lang='lat' dir='ltr'><strong>rtem</strong></span> <span class='ocrx_word' id='word_1_371' title='bbox 395 4175 591 4258; x_wconf 83' lang='lat' dir='ltr'><strong>cognovistis,</strong></span> <span class='ocrx_word' id='word_1_372' title='bbox 609 4176 701 4239; x_wconf 89' lang='lat' dir='ltr'><strong>istum</strong></span> <span class='ocrx_word' id='word_1_373' title='bbox 719 4179 878 4260; x_wconf 89' lang='lat' dir='ltr'><strong>pecuniam</strong></span> <span class='ocrx_word' id='word_1_374' title='bbox 890 4178 926 4238; x_wconf 91' lang='lat' dir='ltr'><strong>ab</strong></span> <span class='ocrx_word' id='word_1_375' title='bbox 941 4179 1064 4238; x_wconf 91' lang='lat' dir='ltr'><strong>homine</strong></span> <span class='ocrx_word' id='word_1_376' title='bbox 1079 4176 1144 4249; x_wconf 91' lang='lat' dir='ltr'><strong>illo,</strong></span> <span class='ocrx_word' id='word_1_377' title='bbox 1162 4195 1226 4234; x_wconf 86' lang='lat' dir='ltr'><strong>ser·</strong></span> <span class='ocrx_word' id='word_1_378' title='bbox 1250 4176 1253 4181; x_wconf 73' lang='grc'><strong>“</strong></span> 
     </span>
     <span class='ocr_line' id='line_1_47' title="bbox 62 4258 1230 4355; baseline 0.004 -40"><span class='ocrx_word' id='word_1_379' title='bbox 62 4279 133 4316; x_wconf 71' lang='lat' dir='ltr'><strong>sum</strong></span> <span class='ocrx_word' id='word_1_380' title='bbox 154 4258 241 4333; x_wconf 89' lang='lat' dir='ltr'><strong>dico,</strong></span> <span class='ocrx_word' id='word_1_381' title='bbox 267 4260 435 4341; x_wconf 85' lang='lat' dir='ltr'><strong>accepisse,</strong></span> <span class='ocrx_word' id='word_1_382' title='bbox 461 4272 491 4321; x_wconf 89' lang='lat' dir='ltr'><strong>et</strong></span> <span class='ocrx_word' id='word_1_383' title='bbox 508 4262 718 4339; x_wconf 82' lang='lat' dir='ltr'><strong>adversarios,</strong></span> <span class='ocrx_word' id='word_1_384' title='bbox 732 4284 930 4344; x_wconf 91' lang='lat' dir='ltr'><strong>quaecunque</strong></span> <span class='ocrx_word' id='word_1_385' title='bbox 948 4284 1006 4324; x_wconf 84' lang='lat' dir='ltr'><strong>uos</strong></span> <span class='ocrx_word' id='word_1_386' title='bbox 1019 4275 1230 4355; x_wconf 82' lang='lat' dir='ltr'><strong>tenueramus,</strong></span> 
     </span>
    </p>
   </div>
   <div class='ocr_carea' id='block_1_14' title="bbox 63 4342 1228 4479">
    <p class='ocr_par' dir='ltr' id='par_1_15' title="bbox 63 4342 1228 4479">
     <span class='ocr_line' id='line_1_48' title="bbox 63 4342 1228 4443; baseline 0.003 -42"><span class='ocrx_word' id='word_1_387' title='bbox 63 4362 244 4443; x_wconf 84' lang='lat' dir='ltr'><strong>occupasse,</strong></span> <span class='ocrx_word' id='word_1_388' title='bbox 262 4343 387 4406; x_wconf 87' lang='lat' dir='ltr'><strong>donec&#39;</strong></span> <span class='ocrx_word' id='word_1_389' title='bbox 377 4358 435 4407; x_wconf 82' lang='lat' dir='ltr'><strong>rste</strong></span> <span class='ocrx_word' id='word_1_390' title='bbox 452 4367 560 4406; x_wconf 85' lang='lat' dir='ltr'><strong>rursus</strong></span> <span class='ocrx_word' id='word_1_391' title='bbox 575 4345 648 4410; x_wconf 80' lang='lat' dir='ltr'><strong>vicit</strong></span> <span class='ocrx_word' id='word_1_392' title='bbox 664 4348 697 4410; x_wconf 93' lang='lat' dir='ltr'><strong>in</strong></span> <span class='ocrx_word' id='word_1_393' title='bbox 715 4349 837 4411; x_wconf 90' lang='lat' dir='ltr'><strong>iudicio</strong></span> <span class='ocrx_word' id='word_1_394' title='bbox 872 4349 956 4424; x_wconf 83' lang='lat' dir='ltr'><strong>Quid</strong></span> <span class='ocrx_word' id='word_1_395' title='bbox 973 4369 1047 4421; x_wconf 81' lang='lat' dir='ltr'><strong>vero</strong></span> <span class='ocrx_word' id='word_1_396' title='bbox 1057 4342 1228 4442; x_wconf 76' lang='lat' dir='ltr'><strong>praetexat,</strong></span> 
     </span>
     <span class='ocr_line' id='line_1_49' title="bbox 308 4450 437 4479; baseline 0.008 -17"><span class='ocrx_word' id='word_1_397' title='bbox 308 4450 315 4479; x_wconf 76' lang='lat'><strong>,</strong></span> <span class='ocrx_word' id='word_1_398' title='bbox 400 4459 437 4473; x_wconf 65' lang='lat'><strong>„</strong></span> 
     </span>
    </p>
   </div>
   <div class='ocr_carea' id='block_1_15' title="bbox 0 0 1366 4754">
    <p class='ocr_par' dir='ltr' id='par_1_16' title="bbox 0 0 1366 4754">
     <span class='ocr_line' id='line_1_50' title="bbox 0 0 1366 4754; baseline 0 5"><span class='ocrx_word' id='word_1_399' title='bbox 0 0 1366 4754; x_wconf 95' lang='lat' dir='ltr'><strong> </strong></span> 
     </span>
    </p>
   </div>
  </div>
 </body>
</html>
