2722 4754
395 204 397 212 ι
529 184 904 277 ,culrosenses-s
1023 193 1027 202 ¹

79 357 1273 658 ·ι.οιιιιιιιιι,ιιιιιιῨ

625 603 825 613 ...ως-...οι-

420 722 1036 791 ARGUMENTUM

70 828 75 843 ⁸
139 815 352 904 Athenienses
371 832 528 923 Olynthiis
553 837 662 899 auxilia
679 838 841 912 miserant,
867 839 979 920 quibus
1005 808 1118 919 aliquid
1145 837 1312 920 profecisse

47 973 51 990 .
138 924 327 992 videbantur.
346 926 440 1000 Quod
459 948 527 985 curn
544 925 587 983 eis
595 925 809 998 nunciaretur,
829 936 859 985 et
872 926 1004 1005 populus
1018 925 1130 1009 gaudio
1146 924 1313 994 exultabat,

140 1028 178 1081 et
190 1024 326 1073 oratores
353 1011 407 1070 ad·
395 1010 600 1091 -Philippum
603 1009 818 1075 ulciscendum
844 1010 1050 1076 hortabantur
1086 1009 1312 1073 Demosthenes

44 1152 46 1158 .
76 1144 83 1148 -
120 1099 240 1163 'autem
258 1097 383 1172 veritus,
398 1117 436 1156 ne
453 1095 563 1160 fiducia
582 1095 675 1175 pleni,
692 1107 728 1154 ut
745 1094 797 1173 qui
814 1096 958 1155 vicissent
976 1096 1077 1156 onmia
1096 1107 1126 1155 et
1140 1094 1249 1155 auxilia
1266 1114 1312 1153 sa-

138 1187 192 1249 tis
199 1205 307 1266 inagna
325 1179 479 1242 misissent
489 1180 658 1262 Olynthiis,
675 1180 793 1258 reliqua
808 1164 1015 1264 negligerent:
1034 1203 1067 1240 ea
1084 1181 1121 1240 de
1136 1201 1224 1240 causa
1239 1200 1312 1259 pro-

101 1293 103 1296 *
140 1292 279 1356 gressus,
304 1289 411 1328 eorum
436 1265 650 1348 arrogantiam
661 1266 813 1337 retundit,
840 1268 925 1327 etad
944 1269 1111 1327 modestam
1139 1266 1312 1338 οιιιιιόιιειιι

39 1424 41 1428 s
141 1357 262 1426 animos
276 1343 422 1415 traducit:
449 1352 531 1432 quod
551 1373 614 1438 nou
633 1352 671 1409 de
689 1350 823 1433 Philippi
839 1352 958 1419 ultione
975 1374 1058 1412 nunc
1079 1351 1121 1410 eis
1141 1351 1312 1410 deliberan-

52 1438 95 1496 T*
142 1444 215 1515 dum
234 1441 283 1514 sit,
300 1428 355 1499 sed
374 1440 411 1497 dc
430 1437 526 1497 salute
545 1433 707 1530 sociorum.
742 1436 863 1510 Sciebat
882 1437 973 1510 enim,
992 1450 1024 1497 et
1041 1437 1264 1508 Athenienses,
1284 1447 1314 1495 et
1337 1484 1351 1493 ,.

81 1579 84 1589 .
141 1527 216 1589 alios
235 1526 361 1584 fortasse
380 1522 564 1595 nonnullos,
592 1520 660 1581 crim
679 1543 746 1582 suas
764 1543 813 1582 res
830 1524 984 1584 retinendi
1009 1544 1111 1582 curam
1138 1521 1336 1602 suscipiant,

142 1614 179 1673 de
195 1609 382 1682 ulciscendis
392 1607 567 1680 aduersariis
583 1607 683 1668 minus
698 1607 842 1668 laborare
859 1611 894 1669 ln
906 1609 965 1668 hac
980 1607 1119 1668 oratione
1129 1607 1207 1666 illud
1223 1607 1314 1666 etiarn
1353 1638 1356 1645 ·

80 1713 118 1770 19
138 1696 305 1796 consilium
320 1696 357 1755 de
372 1693 512 1753 theatrali
530 1693 658 1793 pecunia
677 1693 799 1775 attingit
813 1695 956 1775 apertius,
975 1706 1005 1753 et
1020 1694 1102 1774 leges
1116 1691 1251 1778 postulat
1260 1692 1312 1751 ab

28 1844 33 1849 ,
141 1781 261 1864 rogari,
290 1791 380 1860 quae
376 1777 559 1837 mulctam
549 1773 709 1876 imponant
726 1778 780 1852 iis,
808 1802 861 1859 qur
852 1781 1097 1849 decernerent,
1120 1789 1156 1837 ut
1174 1797 1208 1836 ea
1226 1777 1315 1843 fieret

70 1862 78 1892 ³
141 1866 289 1969 militaris,
310 1885 371 1943 quo
390 1864 517 1923 suadere
536 1863 650 1961 optima
667 1863 778 1922 liceat
785 1864 892 1924 Mouet
898 1887 962 1933 eos
982 1864 1133 1943 denique,
1142 1875 1177 1945 ut
1195 1863 1233 1921 ad
1251 1884 1313 1922 ma-

90 2003 92 2011 .
141 1953 242 2013 iorum
260 1928 494 2009 aemulationem
521 1947 707 2021 excitentur,
735 1961 765 2007 et
782 1948 841 2029 ipsi
859 1951 938 2010 cives
965 1949 1097 2019 militent
1120 1941 1313 2031 graviterque

118 2104 121 2110 ,
142 2036 284 2119 obiurgat
300 2047 333 2094 et
349 2035 515 2115 populum,
534 2053 571 2093 eo
587 2046 727 2135 ternpore
744 2034 1007 2095 remollescentem
1026 2047 1117 2112 atque
1137 2032 1314 2098 effoemina-

144 2135 224 2235 turn:
239 2120 494 2202 etr-magistratus,
511 2130 547 2178 ut
565 2119 619 2197 q‘ui
636 2140 699 2212 non
705 2131 799 2179 recte
817 2121 951 2200 praesint
953 2108 1162 2201 reipublicae.
1222 2144 1230 2171 f
1285 2129 1290 2137 ’

143 2438 226 2526 Non
238 2464 326 2523 idem
344 2476 476 2525 statuere
491 2483 626 2543 possum,
643 2460 860 2545 Athenienses,
878 2484 947 2523 cum
965 2461 998 2521 in
1015 2483 1063 2523 res
1082 2448 1215 2537 intueor,
1234 2462 1314 2522 etin
1335 2466 1339 2471 ’

119 2544 310 2622 'orationes
337 2571 410 2629 quas
429 2549 527 2609 audio
580 2548 657 2607 Nam
676 2549 829 2609 orationes
848 2549 971 2629 quidem
990 2549 1027 2611 de
1045 2548 1221 2608 ulciscendo
1240 2547 1326 2606 Phi-0

50 2667 54 2675 ¹
143 2637 228 2717 lippo
248 2635 362 2708 haberi,
386 2655 434 2694 res
453 2643 553 2695 autem
574 2654 611 2693 eo
629 2634 774 2716 progredi
792 2634 894 2707 video,
916 2647 963 2706 ut,
979 2654 1018 2693 ne
1037 2633 1096 2715 ipsi
1114 2634 1196 2733 prius
1215 2632 1311 2692 infor-

143 2721 264 2783 tunium
289 2715 435 2792 ieramus,
473 2721 513 2780 sit
533 2721 764 2817 providendum
806 2719 926 2779 Nihil
916 2711 1011 2809 agitur
1033 2720 1115 2780 aliud
1132 2718 1193 2780 nisi
1212 2737 1313 2777 errare

73 2877 86 2883 ⁶
143 2806 220 2867 mihi
239 2805 421 2866 videntur”
400 2829 432 2878 ιι,
467 2805 520 2883 qui
537 2804 593 2865 ista
612 2807 727 2878 dicunt,
759 2826 827 2864 eum
835 2818 1059 2887 argumentum
1076 2816 1207 2864 tractent
1223 2823 1312 2883 pror-

144 2914 195 2959 sus
214 2889 251 2949 ab
268 2873 325 2950 hac
342 2903 440 2950 vestra
459 2888 678 2951 deliberatione
696 2890 835 2951 alienum.
878 2891 945 2972 Ego
962 2910 1034 2950 vero
1053 2889 1215 2968 aliquando
1234 2887 1312 2947 licu-

143 2978 210 3038 isse
218 2977 336 3037 civitati
356 2989 386 3034 et
404 2996 458 3035 sua
474 2988 580 3036 tenere
598 2989 678 3049 tuto,
697 2988 728 3036 et
744 2976 919 3076 Philippum
937 2975 1053 3048 ulcissi,
1076 2974 1229 3055 praeclare
1248 2994 1312 3033 me-

143 3061 227 3123 mini
253 3063 323 3121 Mea
342 3061 423 3120 enim
442 3073 549 3134 aetate,
568 3083 631 3121 non
651 3061 735 3133 olim,
753 3062 949 3161 contigerunt
966 3062 1052 3120 haec
1050 3075 1194 3139 utraque.
1222 3058 1313 3121 Nunc

143 3154 245 3208 autem
264 3147 308 3206 sic-
325 3159 454 3216 statuo,
469 3147 539 3206 satis
560 3168 625 3216 esse
644 3146 744 3218 nobis,
779 3168 805 3206 ει
797 3142 883 3206 'hoc
900 3147 1032 3246 primum
1050 3145 1313 3217 anteverterimus,

143 3246 179 3293 ut
197 3232 296 3291 socios
316 3250 536 3290 conservemus
566 3232 706 3306 Quorum
725 3231 804 3290 salus
824 3253 902 3290 cum
909 3233 942 3290 in
959 3245 1027 3291 tuto
1047 3231 1193 3290 collocata
1210 3230 1315 3305 luerit,
1348 3253 1351 3257 ·

143 3331 209 3379 tum
229 3331 269 3390 et,
293 3335 351 3395 qua
369 3309 488 3375 ratione
506 3317 593 3376 illurn
610 3316 716 3375 ulcisci
734 3317 868 3396 possitis,
893 3316 1041 3396 dispicere
1059 3315 1171 3381 licebit
1214 3312 1312 3375 Ante-

69 3455 73 3462 .
144 3416 234 3484 quam
253 3414 353 3461 autem
371 3401 553 3481 principium
570 3414 653 3461 recte
670 3403 884 3474 constituatur,
902 3402 1157 3482 supervacaneum
1174 3419 1245 3460 esse
1256 3401 1313 3460 du

144 3509 192 3589 co,
211 3489 249 3547 de
267 3487 328 3547 fine
346 3488 444 3547 ullum
465 3487 564 3546 lacere
582 3485 715 3546 verbum.
736 3487 796 3547 ·Ac
814 3500 950 3568 tempora
970 3487 1093 3567 quidem
1112 3486 1196 3558 haec,
1214 3485 1313 3545 Athe-

40 3578 44 3591 ‘
83 3634 86 3643 ,
142 3573 276 3645 nienses,
295 3572 321 3631 si
336 3592 482 3652 unquam,
507 3594 589 3632 nunc
608 3571 642 3632 in
657 3572 760 3652 primis
780 3594 918 3655 maguam
935 3571 1174 3632 sollicitudinem
1194 3584 1225 3631 et
1240 3593 1313 3653 pru-

146 3658 278 3718 dentiam
296 3658 464 3737 requirnnt
502 3659 568 3741 Ego
588 3657 671 3730 vero,
688 3679 752 3718 non
771 3657 895 3737 quidm
912 3655 995 3717 hisce
1012 3656 1115 3718 rebus
1123 3656 1314 3718 suadendum

139 3743 195 3824 psit,
214 3743 426 3802 difficillimum
445 3764 510 3803 esse
530 3745 622 3803 duco:
654 3744 709 3802 sed
726 3741 802 3802 illud
821 3742 947 3816 dubito,
959 3763 1020 3822 quo
1039 3744 1079 3803 sit
1096 3754 1195 3823 pacto,
1212 3739 1312 3801 Athe·
1329 3799 1333 3806 ,

143 3828 276 3901 nienses,
294 3830 374 3909 apud
391 3850 445 3888 ros
465 3828 548 3890 de’
521 3849 564 3889 ers
584 3828 754 3887 dicendum
788 3826 969 3886 Persuasum
988 3828 1069 3886 enim
1087 3826 1196 3899 habeo,
1215 3847 1313 3926 quan-

142 3924 209 3975 tum
229 3935 328 3974 coram
348 3913 449 3973 audivi
467 3927 498 3974 et
515 3911 711 3996 intellexi,
701 3934 734 3971 ιιι
753 3913 930 4013 plerisque
933 3933 987 3972 ros
1012 3912 1156 3972 frustrari·
1168 3903 1314 3995 negotiis,

95 4064 101 4082 Ι
142 4012 270 4080 propter
288 3999 381 4060 officii
399 4000 491 4059 vestri
510 3989 694 4080 neglectum,
712 4017 776 4056 non
794 4019 831 4058 ex
848 3997 974 4058 inscitia
1010 3998 1112 4072 Quare
1130 4011 1202 4079 peto
1222 4021 1238 4058 a
1256 4019 1312 4058 vo-

142 4083 203 4157 bis,
228 4097 264 4144 ut
280 4106 339 4157 me,
364 4107 389 4144 ιι
381 4078 498 4166 paulo
520 4081 644 4159 liberius
663 4082 754 4143 verba
771 4082 884 4158 secero,
911 4083 1027 4144 feratis:
1060 4097 1091 4144 et
1108 4084 1139 4144 id
1157 4083 1313 4164 spectetis,

47 4230 51 4241 x
144 4182 183 4229 an¹
200 4189 270 4229 vera
290 4170 397 4243 dicam,
432 4188 526 4249 eaque
546 4167 583 4227 de
602 4189 700 4248 causa,
735 4181 769 4228 ut
786 4169 904 4248 reliqua
921 4169 996 4250 fiant
1014 4169 1149 4230 meliora
1196 4169 1311 4230 Videtis

145 4255 225 4315 enim
245 4271 281 4314 ex
299 4275 348 4329 eo,
366 4257 450 4334 quod
468 4253 590 4336 quidam
608 4255 645 4313 ad
662 4253 788 4335 gratiam
805 4254 970 4315 conciones
986 4254 1110 4328 habent,
1128 4275 1176 4316 res
1191 4268 1311 4317 nostras

37 4342 123 4405 20
137 4340 179 4401 in
197 4345 318 4425 omnem
336 4359 522 4427 progressas
530 4358 595 4399 esse
614 4338 836 4400 calamitatem·
861 4335 1071 4405 Necessarium
1089 4356 1190 4403 autem
1208 4341 1312 4454 existi-
