2722 4754
267 154 270 161 ’
330 185 406 247 uu
438 184 594 247 rausa
628 138 969 278 occasionn
1095 221 1110 276 ι,
1162 192 1220 248 ιιι

67 343 122 404 Sed
137 342 160 402 si
177 341 248 421 quid
266 360 353 399 secus
349 339 528 420 acciderit,
555 338 620 399 istis
643 339 821 403 irascimini:
854 362 911 424 ego
920 362 1002 403 uero
1028 343 1111 402 cedo.
1147 341 1218 402 Non

68 450 156 500 nunc,
177 424 299 485 subiicit
315 424 510 484 Aeschines
502 437 574 498 rste,
600 446 664 483 non
682 446 764 484 nuuc
777 427 877 486 cede:
903 429 957 488 sed
974 428 1061 502 uide,
1088 447 1127 486 ne
1144 439 1218 486 tnnc

71 514 121 577 tibi
135 511 268 573 vindices.
274 504 330 571 Ita
347 509 438 583 liet,
428 531 562 595 anquam,
580 510 639 568 nisr
631 508 747 568 velim
765 530 830 569 esse
849 510 985 572 iniurius.
1004 512 1054 572 At·
1063 511 1218 572 Philoera

69 608 205 678 tes,post
221 595 308 653 illurn
325 615 470 676 surgens,
488 585 574 653 valde
593 594 776 653 insolenter:
810 594 861 653 Nil
880 597 989 656 animm
998 597 1143 697 ζιιιιιιιίι,
1161 604 1217 671 es't,
1260 616 1264 625 “

75 681 265 753 Athenienses,
283 699 346 738 non
365 680 469 739 eadem
486 678 582 738 videri
600 677 685 750 mibi,
704 699 779 757 quae
793 679 1010 740 Demostheni.
1028 682 1135 741 narnis
1150 682 1218 761 qui-

77 772 133 832 den
147 787 256 844 aquam,
275 784 334 845 ego
351 785 423 824 vero
440 763 547 824 uinum
566 763 646 823 bibo.
660 762 716 821 lbi
733 784 787 823 vos
805 764 957 824 ridebatis.
982 766 1043 825 Iam
1062 766 1218 826 decretum
1248 801 1258 815 =

77 850 249 922 considerate,
268 837 481 922 Athenienses,
500 850 582 928 quod
600 860 705 928 postea
723 848 916 912 scribendum
935 850 1049 910 curavit
1062 851 1217 911 Philocra-

77 956 120 1003 tes.
147 936 216 995 Nam
242 933 343 993 obiter
367 933 490 1013 quidem
515 934 619 992 auditu
644 954 714 992 sane
741 934 927 1013 praeclarum
952 947 1004 992 est
1029 935 1130 994 sed
1105 959 1132 994 ss
1150 936 1217 1035 quis

77 1041 187 1104 tempora
199 1016 389 1098 computarit,
407 1017 517 1097 quibus
529 1017 673 1098 scriptum
686 1016 753 1091 suit,
767 1031 797 1077 et
808 1018 1055 1098 pollicitationes,
1073 1041 1145 1097 quas
1154 1021 1217 1079 iste

79 1101 292 1174 tumallerebat:
321 1103 488 1175 constabit,
516 1123 568 1162 eos
594 1103 671 1163 nibil
688 1103 796 1162 iecisse
821 1103 920 1176 aliud,
946 1127 1034 1184 quam
1059 1103 1216 1164 tradidisse
1252 1166 1256 1171 ,

79 1192 192 1288 Philippo
216 1199 248 1247 et
263 1186 416 1246 l'hebanis
433 1188 625 1273 Phocenses,
648 1200 766 1250 tantum
791 1208 857 1256 non
877 1188 1015 1248 manibus
1038 1201 1110 1270 post
1132 1200 1234 1270 terga.

79 1273 190 1365 religatis.
206 1271 312 1332 Recita
330 1273 492 1335 decretum.

479 1408 787 1475 ΒΕΟιιΕΤῦΜ

145 1495 262 1603 Videtis,
279 1526 497 1611 Athenienses,
513 1532 667 1597 decretum
687 1533 814 1633 quantis
823 1529 963 1594 laudibus
980 1547 1022 1593 et
1027 1508 1223 1616 benignitate

81 1617 211 1681 verborum
228 1615 268 1673 sit
284 1605 447 1677 refertum:
467 1629 497 1676 et
514 1640 571 1697 pax
588 1618 713 1691 eadem,
728 1617 846 1697 inquit,
866 1631 948 1693 esto,
968 1640 1045 1699 quae
1062 1618 1215 1699 Philippo,

81 1700 285 1780 etiamposteris
305 1700 386 1774 eius,
406 1715 437 1761 et
453 1701 599 1782 societas
625 1716 655 1762 et
672 1660 813 1763 labdetur
830 1703 1006 1785 Philippus,
1024 1705 1107 1783 quod
1124 1702 1214 1783 polli-
1257 1752 1260 1757 .

13 1824 15 1829 ·
80 1801 157 1860 cetur,
178 1805 207 1844 se
223 1785 374 1844 facturum
393 1807 444 1860 ea,
471 1808 547 1867 quae
565 1809 659 1866 aequa
678 1789 745 1847 sint
780 1791 895 1847 Verum
920 1789 996 1849 nihil
1015 1789 1065 1848 ille
1093 1788 1215 1866 quidem

13 1871 18 1877 ’
79 1872 202 1956 pollicitus
227 1870 339 1929 fuerat:
366 1872 420 1930 sed
445 1885 562 1931 tantum
587 1873 723 1932 aberata
748 1873 940 1958 pollicendo,
964 1886 1000 1932 ιιι
1017 1892 1056 1931 se
1075 1873 1215 1954 ignorare

80 1959 177 2028 diceret,
194 1977 250 2035 qua
265 1977 298 2014 re
317 1956 404 2015 vobis
423 1957 667 2056 gratificaretur..
666 1959 708 2023 lst
696 1970 726 2023 te
744 1958 845 2016 autem
863 1979 918 2038 pro
932 1978 969 2017 eo
984 1957 1168 2037 loquebatur
1185 1967 1216 2015 et

35 2118 38 2123 Ι
78 2040 254 2124 pollicebatur.
271 2034 485 2100 Philocrates
477 2041 571 2122 igitur
586 2063 641 2101 vos
658 2041 690 2101 in
704 2042 791 2101 istius
803 2043 894 2102 verba
912 2063 1081 2122 propensos
1099 2054 1215 2127 nactus,
1241 2093 1244 2104 .

77 2128 136 2187 illud
148 2125 279 2184 inscribit
297 2126 437 2184 decreto:
463 2126 605 2200 Quod
574 2149 633 2186 ms:
625 2127 778 2187 iecerint
796 2128 969 2187 Phocenses
989 2147 1038 2199 ea,
1066 2146 1142 2207 quae
1155 2126 1214 2184 de-

78 2213 154 2286 beant,
164 2232 215 2269 nec
224 2208 500 2308 Amplrictyonibus
515 2212 663 2293 templum
677 2213 868 2273 tradiderint:
885 2212 1033 2293 populum
1044 2208 1213 2295 Athenien-

32 2330 37 2335 ·
78 2318 126 2358 sem
144 2295 241 2356 auxilia
264 2294 427 2354 missurum
453 2309 557 2357 contra
577 2319 648 2371 eos,
676 2318 730 2377 per
756 2319 833 2377 quos
861 2309 937 2371 stet,
964 2311 1025 2377 quo
1052 2295 1152 2355 minus
1180 2314 1215 2354 ea

76 2384 138 2442 fiant
159 2382 282 2459 ltaque,
292 2378 507 2456 Athenienses,
525 2383 611 2442 vobis
631 2383 714 2442 domi
731 2382 923 2443 manentibus
942 2394 973 2442 et
990 2402 1054 2441 non
1072 2381 1212 2464 egressis,
1236 2390 1279 2445 22

76 2480 102 2528 et
119 2465 245 2548 regressis
263 2465 508 2527 Lacedaemoniis
544 2468 649 2527 fraude
680 2455 905 2540 adimadversa,
948 2479 979 2527 et
1004 2466 1138 2526 nemine
1153 2465 1212 2552 alio

76 2551 305 2650 Amphictyonum
323 2566 480 2631 praesente
514 2566 641 2649 praeter
652 2552 811 2613 Thessalos
832 2566 863 2612 et
879 2551 1060 2624 Thebanos,
1090 2546 1214 2610 minima

75 2659 130 2698 cun
144 2635 305 2696 offensione
332 2651 362 2696 et
379 2638 588 2697 moderatione
607 2660 722 2697 summa
740 2638 876 2718 scripsit,
904 2637 1050 2717 templum
1069 2635 1129 2695 illis
1135 2655 1213 2694 esse

26 2784 31 2795 ,
74 2722 240 2795 trad,endum
259 2744 329 2781 curn
346 2723 527 2782 tradendum
546 2743 612 2782 esse
630 2723 798 2803 scripsisset
816 2719 1100 2805 Amphictyonibus.
1136 2718 1214 2793 Qui-

77 2807 140 2866 bus?
153 2827 239 2887 neque
260 2807 351 2867 enim
361 2820 446 2868 erant
464 2808 507 2867 ibi
525 2808 586 2881 alii,
606 2828 695 2887 quana
712 2807 851 2876 Thebani
869 2819 900 2866 et
916 2805 1060 2869 Thessali
1080 2803 1141 2863 Sed
1158 2825 1213 2883 ue-

73 2912 124 2972 que
137 2893 283 2956 convocari
302 2893 390 2952 iussit
407 2890 666 2976 Amphictyones,
691 2912 790 2972 neque
811 2891 943 2966 differri,
962 2891 1035 2949 dum
1053 2888 1212 2950 convenis

21 2984 24 2989 ⁴
44 2989 49 2992 '
72 2989 136 3051 sent,
150 3000 239 3058 neque
258 2978 432 3038 Proxenum
450 2978 529 3036 ferre
549 2996 638 3058 opem
655 2976 874 3050 Phocensibus,
895 2995 995 3056 neque
1015 2975 1143 3035 educere
1162 2995 1212 3032 en-

72 3063 175 3122 ercitum
190 3062 422 3137 Athenienses,
439 3084 539 3143 neque
557 3063 618 3123 tale
644 3061 811 3142 quicquam
848 3060 931 3136 Quin
952 3074 984 3121 et
1005 3058 1106 3120 literas
1130 3058 1212 3118 misit
1246 3104 1249 3107 .

71 3146 203 3228 Philippus
218 3149 333 3247 binas,
359 3168 435 3228 quae
461 3148 610 3209 vocabant
626 3168 699 3221 vos,
724 3162 787 3228 non
805 3159 840 3206 ut
858 3145 994 3206 exiretis:
1017 3165 1212 3225 nequaquam

37 3237 42 3245 ’
70 3229 258 3314 (nequeenim
277 3234 407 3314 spatium
425 3233 613 3306 sustulisset,
633 3252 695 3330 quo
714 3231 798 3295 exire
814 3231 1008 3312 potuissetis,
1027 3242 1058 3289 et
1074 3240 1139 3289 tum
1159 3229 1211 3288 de-

70 3339 136 3376 mum
149 3333 297 3379 vocasset.
316 3340 416 3398 neque
434 3339 482 3378 me
501 3318 562 3378 huc
579 3317 791 3399 nauigaturum·
807 3316 1010 3378 detinuisset:
1007 3335 1126 3416 neque
1127 3312 1225 3373 ιιιιι’

71 3402 141 3462 istum
155 3405 243 3463 rerba
261 3404 386 3464 facere
379 3405 524 3476 russisset,
544 3401 655 3482 quibus
672 3401 793 3461 adducti
807 3422 861 3461 vos
877 3400 1007 3463 minime
1018 3398 1128 3458 exituri
1147 3419 1211 3457 era·
1265 3454 1268 3460 ,

71 3485 123 3568 tis):
137 3490 184 3548 sed
200 3489 231 3548 id
251 3489 406 3569 spectavit,
423 3501 458 3547 ut
475 3509 539 3560 vos,
557 3499 708 3568 putantes,
727 3508 796 3545 eum
810 3485 969 3559 iacturum,
989 3505 1065 3564 quae
1082 3472 1211 3556 velletis,

68 3571 166 3631 nibil
142 3595 167 3632 er
194 3574 379 3633 contrarium
404 3572 633 3677 decerneretis,
649 3585 680 3632 et
696 3570 915 3632 Phocenses
886 3593 947 3630 urm
965 3591 1030 3629 non
1053 3567 1211 3650 propulsa

66 3669 238 3737 rentaeque
257 3659 451 3730 resisterent,
470 3648 694 3738 exspectatione
713 3656 778 3738 spei
795 3677 852 3737 per
868 3676 921 3716 vos
940 3653 998 3714 sibi
1016 3653 1129 3727 sactae,
1139 3652 1211 3722 sed,

13 3746 16 3757 '
65 3741 254 3885 qehsperatione
272 3743 373 3817 fracti,
393 3763 499 3808 omnes
516 3742 704 3804 deditionem
721 3743 862 3827 lacerent
887 3741 949 3802 Sed
965 3738 1058 3805 recita
1072 3737 1115 3800 eis
1131 3737 1210 3821 ipsas
1241 3800 1244 3805 ¹

101 3826 177 3909 ilippi
194 3829 303 3890 literas

485 3945 750 4043 strenis.
820 3957 822 3963 ’

84 4085 172 4148 Ac
198 4085 303 4147 literae
329 4088 450 4169 quidem
468 4088 526 4148 hae
544 4100 671 4149 vocant:
698 4098 789 4167 atque
815 4089 892 4147 adeo
918 4062 1039 4146 statim
1061 4085 1138 4141 lstos
1156 4102 1209 4140 au-

16 4167 124 4239 ten,
146 4170 172 4229 si
190 4171 298 4249 quid'
290 4185 417 4233 istorum
443 4196 548 4234 verum
574 4173 785 4252 sincerumque
804 4172 928 4254 fuisset,
958 4168 1031 4250 qnid
1059 4167 1210 4227 decuisset

59 4251 136 4327 aliud,
153 4277 243 4336 quam
262 4257 434 4356 suffragari,
452 4272 488 4318 ut
505 4258 606 4339 copias
633 4257 802 4319 educeretis
832 4266 863 4314 et
881 4254 1063 4328 decernere,
1081 4265 1116 4314 ut
1134 4252 1208 4311 Pro-

57 4352 155 4435 xenus,
174 4362 266 4420 quem
283 4341 315 4424 in
333 4342 391 4402 illis
410 4342 484 4404 locis
504 4365 568 4404 esse
586 4356 715 4417 norant,
731 4340 833 4430 statim
840 4353 943 4425 opem
958 4340 1077 4401 lerre't?
1095 4340 1209 4400 Verum
