2722 4754
341 176 584 291 οιιιιιο
619 207 1226 274 ammoniacae
1292 256 1296 265 .

61 386 170 452 genus,
188 374 329 443 tuaeque
338 372 461 420 naturae
480 358 667 439 aptissimum
685 359 813 458 elegisti,
833 361 916 437 quod
934 330 969 421 et
982 380 1132 421 armorum
1151 381 1225 423 cou-

63 445 228 508 suetudine
247 462 284 507 et
295 459 435 506 cursuum
460 443 620 504 tolerantia
638 436 716 503 belli
734 443 926 503 simulacrum
949 459 1171 526 repraesentet,
1196 442 1227 506 et

63 532 305 616 magnificentia
311 543 341 589 et
363 529 524 610 splendore
549 541 705 608 apparatus
730 528 884 608 potentiae
909 530 1035 590 deorum
1061 531 1211 592 simile
1181 554 1226 592 vr·
1266 550 1272 559 ·

34 647 37 657 ·
60 619 187 688 dcatur,
207 629 360 697 praeterea
380 627 411 673 et
427 627 561 694 spectatu
586 613 837 672 iucundissimum
855 612 911 687 sit,
937 628 968 675 et
986 635 1002 673 e
1020 614 1159 696 plurimis
1175 639 1227 677 va·
1284 626 1291 673 ξ

63 702 178 781 riisque
196 698 359 797 generibus
379 712 518 772 constet,
542 712 571 758 et
589 698 722 780 ingentia
741 697 871 778 praemia
889 699 998 758 merito
1017 714 1227 783 consequatur.
1246 717 1249 723 ’

64 789 190 846 Praeter
215 784 299 843 cuim
315 803 365 856 ea,
392 805 469 867 quae
494 783 723 856 tribuuntur,
714 805 795 864 ipsa
790 782 893 841 etiarn
919 784 1093 845 exercitatio
1113 799 1156 846 et·
1166 799 1228 848 tam

64 871 250 952 praeclarum
269 868 402 928 studium
420 889 482 928 non
501 889 624 948 parvum
642 869 808 948 praemium
830 867 946 926 bomini
969 869 1017 928 vel
1034 871 1231 931 mediocriter

65 955 189 1029 virtutis
206 954 343 1012 studioso
362 952 506 1012 videatur.
542 952 653 1033 Quod
654 951 809 1011 Homerici
830 948 969 1012 carminis
987 954 1163 1014 testimonio
1181 955 1230 1014 vel
1289 978 1300 987 ⁸

66 1038 205 1120 inprimis
224 1037 480 1117 comprobatur,
471 1060 503 1096 m
522 1057 582 1115 quo
603 1049 633 1095 et
648 1022 785 1096 Graecos
805 1049 836 1095 et
852 1037 999 1098 Barbaros
1013 1039 1070 1098 tali
1087 1052 1230 1120 apparatu
1294 1112 1296 1115 Ι

67 1124 196 1208 gessisse
215 1122 328 1180 bellum
346 1120 419 1180 fecit
444 1122 524 1180 inter
541 1140 623 1180 sese:
647 1122 801 1201 praeterea
828 1121 917 1182 etiam
935 1123 1027 1182 hodie
1046 1125 1230 1184 Graecarum

67 1209 189 1268 urbium
208 1228 271 1265 ιιοιι
290 1204 515 1278 abiectissimis,
534 1206 587 1265 sed
605 1205 758 1280 maximis,
784 1206 816 1265 in
835 1208 1047 1268 certaminibus
1065 1209 1112 1268 uti
1130 1229 1167 1268 eo
1185 1209 1229 1267 fa-

66 1293 186 1352 miliare
202 1304 254 1350 est
290 1291 370 1365 Quia
388 1311 460 1349 vero
479 1290 620 1389 putabas,
638 1290 715 1349 nihil
726 1292 878 1390 prodesse
895 1313 995 1351 rernm
1012 1292 1229 1392 pulcherrima·
1243 1368 1245 1372 Δ

66 1388 133 1437 rum
153 1375 356 1447 desiderium,
373 1387 425 1433 aut
443 1374 577 1455 corporis
596 1376 633 1433 ad
652 1374 751 1433 omnia
771 1374 1019 1448 habilitatem,
989 1377 1048 1436 nrsi
1067 1390 1097 1436 et
1114 1377 1231 1436 animus
1261 1374 1283 1452 γ’

68 1454 165 1544 probe
192 1473 272 1520 esset
297 1471 472 1519 exornatus:
496 1459 634 1517 laborum
659 1458 867 1532 tolerantiam,
892 1461 993 1520 statim
1011 1463 1043 1520 in
1066 1461 1231 1544 gymnasiis

68 1559 270 1644 ostentatam,
277 1566 333 1604 nec
348 1544 379 1602 in
392 1542 478 1603 factis
493 1543 649 1614 fefellisti,
655 1543 806 1623 reliquum
824 1557 924 1603 autem
939 1544 1055 1628 ingenii
1068 1546 1113 1606 tui
1129 1546 1231 1627 splen-

62 1634 175 1692 dorem
194 1630 346 1728 animique
364 1627 485 1686 robur
476 1650 509 1688 m
534 1627 746 1687 certaminibus
771 1628 961 1709 potissimum
989 1630 1152 1693 declarasti.
1185 1632 1232 1690 De

69 1717 180 1797 quibus
200 1714 256 1773 etsi
283 1712 377 1772 ordiri
401 1732 529 1785 vereor,
553 1711 710 1785 metuens,
735 1733 842 1787 neca,
867 1735 942 1792 quae
961 1727 1025 1774 tum
1050 1728 1134 1797 gesta
1152 1727 1234 1786 sunt,

70 1801 208 1860 oratione
227 1819 290 1857 non
308 1817 458 1879 assequar,
476 1810 576 1857 tamen
595 1818 694 1877 neque
713 1798 963 1878 praetermittam.
972 1822 1049 1860 ·ιιιιιι
1063 1814 1150 1881 turpe
1165 1800 1233 1859 fue

69 1886 125 1957 rit,
145 1904 220 1984 quae
240 1903 296 1941 nos
315 1893 484 1962 spectantes
504 1882 686 1954 exhilarant,
711 1903 744 1942 ea
764 1883 846 1943 nolle
865 1904 1109 1945 commemorare.
1143 1882 1233 1944 Ac
1208 1905 1234 1942 sa

71 1968 173 2029 omnia
191 1966 351 2028 certamina
370 1967 482 2026 referre
500 1967 620 2039 vellem,
637 1967 716 2026 ultra
735 1969 859 2027 modum
876 1969 1003 2029 fortasse
1021 1970 1111 2030 uobis
1130 1983 1243 2030 erten-

71 2055 195 2114 deretur
213 2052 326 2111 oratio:
343 2051 434 2110 unius
452 2064 562 2125 autem,
581 2052 612 2109 in
632 2073 693 2131 quo
713 2053 841 2112 multum
860 2053 1037 2129 excelluisti,
1055 2055 1131 2116 facta
1148 2075 1235 2114 meu·

70 2139 174 2210 tione,
202 2149 232 2196 et
249 2136 367 2215 reliqua
389 2135 548 2209 indicabo,
577 2148 608 2194 et
630 2135 801 2195 auditorum
826 2135 1013 2219 benignitate
1037 2159 1101 2197 non
1124 2135 1237 2197 abutar.

70 2221 196 2281 Emissis
216 2221 304 2302 bigis,
322 2225 413 2298 atque
428 2220 492 2279 aliis
507 2219 627 2301 longius
642 2220 763 2293 evectis,
781 2219 846 2278 aliis
859 2220 1126 2300 subsequentibus,
1143 2221 1235 2280 utris·
1250 2224 1320 2283 '402

72 2328 131 2387 que
151 2305 308 2385 superatis,
326 2324 397 2383 prae
415 2304 570 2382 utrisque,
586 2316 622 2363 ut
638 2304 757 2377 decuit,
775 2304 931 2364 victoriam
949 2307 1127 2380 obtinuisti,
1144 2306 1236 2365 talem
1317 2360 1322 2370 ,

73 2411 216 2453 coronam
241 2390 384 2468 adeptus,
409 2387 535 2467 inqua,
559 2409 628 2447 cum
646 2388 709 2468 ipsa
735 2389 861 2448 victoria
889 2390 1038 2470 praeclara
1056 2391 1112 2464 sit,
1136 2404 1273 2451 tamen„

59 2476 201 2537 >evasisse
220 2473 406 2535 incolumem
430 2473 611 2553 praeclarius
628 2473 787 2532 videbatur
805 2487 836 2533 et
854 2474 1065 2535 admirabilius.
1090 2476 1167 2535 Nam
1185 2475 1237 2538 ad-

73 2560 275 2620 versariorum
294 2579 383 2617 curru
404 2570 556 2633 contrate
575 2570 710 2630 ruente,
726 2557 913 2637 cunctisque.
926 2560 1117 2639 putantibus,
1142 2579 1238 2639 equo·
1283 2557 1292 2566 ’

74 2667 141 2704 rum
158 2641 333 2701 violentiam
352 2662 415 2701 non
433 2640 576 2701 sustineri
590 2662 690 2721 posse,
708 2663 888 2722 quamquam
906 2644 1033 2716 videras,
1051 2657 1240 2707 caeterorum

35 2718 40 2729 ’
76 2730 238 2826 quosdam,
263 2725 349 2784 nullo
375 2725 476 2785 etiarn
491 2725 651 2807 ingruente
675 2725 831 2805 periculo,
855 2726 979 2787 mirifice
1004 2729 1091 2810 augi,
1115 2729 1239 2787 minime

74 2812 253 2894 perterritus
273 2831 304 2869 es
323 2823 375 2869 aut
391 2810 546 2892 refugisti.
564 2811 618 2869 sed
632 2823 668 2869 et
684 2810 796 2870 robore
814 2811 922 2883 animi,
941 2825 971 2870 et
990 2811 1153 2893 bigarum
1144 2831 1240 2892 rmpe-

73 2912 108 2958 tu
127 2896 212 2955 fuisti
230 2894 379 2974 superior,
397 2907 428 2953 et
445 2893 642 2965 adversarios,
659 2912 712 2993 qur
702 2894 861 2955 secundo
878 2917 978 2968 eursu,
996 2916 1051 2961 nec
1049 2896 1240 2993 'interrupto

46 3003 123 3042 „usi
114 2981 279 3061 fuerant,
306 2977 458 3041 celeritate
485 2978 679 3038 antevertisti.
714 2978 814 3052 Quo
804 2990 846 3038 ιιι
864 2980 986 3039 mutasti
1009 2974 1124 3055 apimos
1142 2979 1242 3039 borni-
1267 2976 1286 2995 ³

44 3072 48 3079 '
76 3088 161 3137 num,
178 3077 223 3134 ut,
242 3084 309 3122 eum
328 3061 442 3120 ιιιιιιιί
432 3066 559 3135 iactent,
578 3061 610 3120 in
628 3063 715 3125 ludis
727 3062 929 3160 equestribus
938 3062 1013 3121 nihil
1033 3085 1097 3123 esse
1115 3065 1242 3144 perinde

77 3149 244 3208 iucundum
269 3159 359 3225 atque
386 3145 541 3228 naufragia
566 3168 727 3219 curruum,
753 3145 838 3226 iique
855 3168 924 3207 vera
948 3147 1052 3210 dicere
1074 3147 1244 3220 videantur,

77 3235 116 3294 de
134 3247 165 3291 te
185 3243 288 3290 contra
305 3234 492 3309 spectatores
511 3250 637 3303 ornnes,
661 3229 799 3303 solliciti,
824 3251 866 3290 ne
883 3231 956 3310 quid
974 3231 1031 3290 tibi
1049 3233 1117 3297 tale
1127 3232 1243 3291 accide-
1255 3240 1257 3249 '

78 3330 135 3390 ret,
153 3315 358 3375 formidarent
393 3315 518 3375 Tantam
545 3272 786 3381 benevolentiam
805 3326 837 3373 et
854 3315 1015 3374 studium
1006 3338 1049 3399 ιιι
1057 3337 1162 3374 eorum
1180 3315 1244 3375 ani
1305 3338 1309 3342 ·

78 3402 136 3462 mis
160 3413 267 3459 natura
292 3412 343 3457 tua
370 3398 525 3458 excitarat.
550 3419 650 3476 neque
668 3398 733 3456 id'
724 3397 840 3457 iniuria
876 3396 953 3458 Cum
979 3388 1059 3459 enini
1085 3400 1243 3478 pulchrum

79 3488 136 3559 sit,
162 3485 202 3544 ob
221 3505 316 3543 unum
335 3481 458 3561 aliquod
485 3495 697 3541 ornamentum
716 3503 781 3541 esse
807 3483 1019 3562 conspicuum:
1045 3496 1159 3563 quanto
1177 3484 1245 3564 pul-

79 3570 182 3631 chrius
202 3582 247 3628 est
262 3566 367 3627 omnia
386 3565 556 3665 complecti,
574 3587 650 3644 quae
670 3565 763 3626 homo
782 3567 915 3645 prudens
933 3567 1014 3626 laudi
1032 3567 1091 3627 sibi
1110 3567 1247 3628 duxerit?
1330 3566 1339 3579 ”’

69 3657 175 3756 'idque
201 3653 271 3712 inde
296 3650 499 3732 perspicitur:
533 3649 668 3715 Aeaeum
694 3658 731 3710 et
746 3650 985 3712 Rhadamanturu
1010 3666 1137 3732 propter
1160 3652 1247 3712 iusti·
1325 3674 1327 3678 ·

80 3742 170 3801 tiam:
183 3735 382 3806 Herculem,
418 3731 573 3794 Castorem
611 3746 641 3793 et
675 3734 831 3795 Pollucem
865 3749 990 3816 propter
1021 3736 1248 3797 fortitudinem.

82 3801 308 3906 Ganymedem,
332 3819 465 3878 Adonim
486 3819 598 3878 eteius
618 3819 738 3900 generis
756 3819 831 3878 alios
849 3833 975 3900 propter
990 3820 1248 3899 pulchritudinem
1312 3862 1321 3877 ι

81 3932 98 3968 a
117 3909 174 3968 dns
194 3906 346 3965 adamatos
372 3925 436 3963 esse
462 3903 656 3982 reperiemus
693 3903 795 3976 Quare
814 3925 877 3962 non
895 3904 991 3963 miror
1008 3925 1078 3976 eos,
1104 3907 1156 3984 qui
1173 3906 1248 3967 ‘arni-

83 3992 184 4053 citiam
202 4004 284 4050 tuam
303 4000 462 4069 expetunt:
481 3989 534 4046 sed
553 3987 639 4060 illos,
657 3986 709 4065 qui
728 4009 791 4048 ιιοιι
811 3989 919 4047 eodem
937 3989 1029 4047 modo
1046 4010 1119 4087 erga
1135 4003 1166 4049 te
1185 3991 1249 4051 afli·
1313 4044 1316 4049 .

83 4078 215 4137 ciuntur.
231 4076 264 4133 Si
283 4074 334 4154 qui
355 4073 434 4132 enirn
438 4071 579 4154 singulis
598 4072 742 4135 duntaxat
759 4070 879 4144 borum,
898 4092 975 4152 qnae
994 4071 1132 4148 diximus,
1151 4075 1249 4143 bono-

52 4212 56 4217 .
83 4184 151 4221 rum
170 4159 296 4240 praediti
321 4157 462 4217 convictu
490 4158 615 4216 deorum
640 4168 722 4215 sunt.
737 4156 866 4237 dignati:
894 4176 997 4217 nonne
1016 4157 1062 4241 ei,
1086 4159 1185 4219 bomo
1198 4160 1252 4240 qui

83 4259 172 4307 natus
191 4244 238 4315 sit,
257 4242 390 4322 optabile
409 4241 510 4311 fuerit,
529 4241 592 4300 eius
612 4241 742 4301 amicum
761 4241 837 4314 fieri,
858 4262 923 4320 qur
901 4241 978 4305 illa
995 4242 1135 4305 universa
1153 4245 1185 4305 in
1198 4266 1251 4304 sua
1275 4287 1278 4292 .
1324 4286 1331 4295 .

82 4342 235 4412 potestate
254 4325 392 4393 habeat?
401 4325 631 4386 Praedicanda'
622 4326 719 4413 agitur
736 4338 782 4386 est
798 4325 844 4386 tni
863 4338 893 4386 et
908 4327 1019 4410 patris,
1035 4339 1067 4387 ¹et
1084 4328 1205 4401 matris,
1222 4344 1252 4389 et

970 4411 1048 4488 49*
1167 4432 1172 4440 ·
