2722 4754
322 156 875 289 32²,unarnonunp'tj
969 259 984 290 ÷
1120 149 1222 262 faba

82 354 165 420 aulem
180 347 321 422 familiae,
339 356 480 430 tanquam
498 349 622 410 summis
640 340 759 408 anobis
777 347 878 410 affecti
896 347 1025 424 iniuriis,
1042 359 1156 410 sortem
1173 361 1224 408 to·
1316 417 1318 421 ἲ

82 438 131 504 tan
146 433 338 498 sustulerint?
357 438 420 493 Vos
440 434 571 514 quidem,
590 435 723 513 siquem
742 432 774 493 in
791 455 845 494 vos
864 429 1224 515 delinquentem-condo
1264 507 1267 516 1

40 568 44 575 ,
80 520 188 593 martis,
211 539 250 577 ne
271 519 299 578 ei
317 519 439 597 quidem
455 534 570 588 omnes·
584 538 656 599 opes
674 518 821 578 adimitis:
845 520 899 583 sed
916 520 963 579 vel
980 521 1102 593 uxoris,
1120 519 1168 580 vel
1186 519 1225 580 li-
1279 585 1282 589 ,

13 626 25 673 t
79 603 169 670 beriam
185 602 301 662 miserti
319 616 433 684 partem
452 604 582 683 aliquam
600 602 859 680 illis³relinquitis
887 603 940 662 Isti
957 625 1031 664 vero
1048 616 1133 665 tanto
1153 615 1226 664 sunt
1305 642 1308 646 ⁴

13 684 17 693 ⁵
75 691 150 754 vobis
166 688 362 762 crudeliores,
379 701 424 761 ut,
443 689 532 747 etiam
551 687 639 747 donis
653 710 668 747 a
682 681 771 747 nobis
790 687 930 767 acceptis,
948 709 1009 767 quo
1027 691 1154 749 tutelam
1168 689 1243 748 bo<-¹

72 768 176 845 natide
194 786 364 854 gererent,
378 774 470 857 tantis
488 793 544 859 nos
563 772 755 832 contumeliis
774 771 946 844 affecerint,
964 771 1020 832 nec
1039 774 1227 846 erubuerint,
1266 837 1270 844 ¹

66 882 120 922 nee
136 857 293 918 timuerint
311 858 489 937 quicquam,
507 857 697 918 necmiserti
716 857 778 916 sint
795 857 907 917 sororis
920 857 1086 930 meae,·.si,
1105 859 1226 923 duobus
1291 859 1300 880 ⁸

66 946 93 1007 ei
108 941 228 1004 talentis
246 964 263 1000 a
278 963 347 1002 meo
366 957 449 1022 patre
469 943 585 1024 legatis,
602 944 716 1002 nnllam
734 962 766 1000 se
786 943 907 1024 dignam
926 941 1134 1001 conditionem
1152 963 1227 1002 con·
1275 978 1282 985 ·

63 1028 332 1108 sequeretur,›sed,
350 1039 493 1106 tanquam
510 1025 713 1086 inimicissimi
731 1026 841 1104 aliqui,
859 1048 922 1086 non
941 1026 1028 1087 amici
1047 1039 1077 1087 et
1095 1025 1227 1109 cognati,

60 1111 159 1174 relicti
178 1124 296 1188 essent,
311 1110 433 1171 nullius
453 1112 684 1181 necessitudinis
695 1144 697 1151 ι
708 1110 870 1171 habuerint
886 1112 1044 1183 rationem.
1089 1111 1149 1170 Sed
1168 1129 1226 1191 ego

60 1195 247 1259 miserrimus
265 1195 400 1256 omnium
418 1190 547 1277 utraque
566 1197 603 1256 de
621 1217 654 1256 re
672 1195 970 1262 sumidubinssNam
989 1195 1157 1277 et'publice
1174 1216 1227 1253 nr-

60 1302 162 1366 geor,
180 1293 217 1340 ut
233 1282 381 1341 tributum
409 1283 561 1340 conferam
579 1279 686 1363 (idque
698 1281 786 1338 inre:
811 1274 897 1361 pater
914 1281 995 1340 enim
1014 1300 1088 1362 opes
1107 1289 1177 1341 eant·
1190 1274 1244 1339 ad

57 1362 208 1447 renuatis
223 1366 299 1425 mibi
310 1387 432 1449 magnas
449 1366 583 1447 reliquit,
602 1365 760 1445 pecuniam
777 1378 877 1425 autem
889 1365 1025 1424 relictam
1040 1365 1091 1424 isti
1106 1358 1227 1424 omnem

58 1445 267 1532 acceperunt),
286 1461 317 1509 et
329 1460 422 1524 nunc,
440 1451 512 1510 dum
531 1471 597 1509 mea
614 1469 793 1531 recuperare
811 1453 931 1523 studeo,
949 1450 982 1509 in
1000 1471 1150 1510 summum
1166 1450 1229 1514 dis-

59 1529 176 1596 crimen
195 1536 336 1616 addncor.
368 1535 444 1595 Nam
464 1535 489 1595 si
507 1535 564 1595 iste
583 1534 739 1611 absolutus
757 1532 851 1594 inerit
868 1534 966 1620 (quod
984 1533 1087 1616 absit),
1105 1547 1227 1595 centurn

57 1621 157 1685 mines
171 1618 305 1680 'inuictae
324 1620 448 1679 nomine
468 1619 594 1679 debebo.
626 1619 680 1679 Sin
699 1620 790 1679 istum
818 1620 1047 1695 damnaveritis,
1066 1620 1119 1679 lite
1138 1618 1228 1679 aesti-

58 1717 157 1784 mata:
182 1705 301 1764 non'de
320 1727 388 1778 sua,
414 1706 467 1765 sed
486 1706 524 1764 de
542 1726 608 1764 mea
626 1704 754 1786 pecnnia
772 1704 834 1764 litis
858 1705 1098 1766 aestimationem
1115 1705 1250 1773 solvets.

56 1811 131 1850 mea
146 1809 218 1849 vero
238 1789 368 1872 dignitas
386 1791 492 1871 ,agitur
509 1789 541 1848 in
559 1790 618 1850 hoc
636 1790 758 1849 iudicio.
801 1790 934 1849 Proinde
960 1811 1024 1849 non
1041 1801 1158 1854 tanturn
1176 1797 1231 1869 pa·
1257 1817 1259 1822 ·
1281 1802 1285 1815 ’
1314 1862 1318 1867 ‚

60 1873 212 1936 trimonio
229 1873 400 1954 spoliabor,
419 1875 472 1933 sed
492 1875 581 1934 etiam
600 1875 778 1947 bonoribus,
797 1875 856 1933 nisi
873 1894 927 1933 vos
945 1875 1105 1933 meinune
1122 1873 1229 1946 miser·-

41 1971 132 2019 .turn
143 1959 246 2018 'luerit
279 1961 380 2032 Quare
400 1978 538 2037 oro-qvos,
557 1959 686 2032 ludices,
704 1972 735 2019 et
752 1958 889 2039 supplico
905 1954 940 2017 ‘et
958 1957 1104 2031 obtestor,
1122 1970 1167 2031 ut,
1184 1958 1230 2018 le-

59 2065 138 2149 ὅπη]
157 2055 188 2103 et
201 2042 406 2102 'iurisiurandi
431 2063 597 2117 memores,
626 2064 687 2123 quo
707 2042 804 2102 adacti
829 2043 875 2101 ius
894 2043 1011 2114 dicitis,
1035 2043 1072 2100 ad
1090 2055 1229 2129 110st

31 2156 35 2163 ·
59 2150 111 2187 rus
138 2129 386 2206 consequendum
406 2139 461 2187 n'os
489 2128 652 2202 adiuvetis,
688 2148 764 2187 neve
787 2128 857 2206 plns
883 2127 969 2185 istius
997 2147 1085 2202 qnam
1110 2136 1229 2184 nostras

60 2213 144 2293 apud
163 2232 224 2273 vos.
235 2233 338 2292 preces
357 2213 456 2273 valere
475 2212 637 2292 patiamini.
665 2212 807 2292 Aequum
826 2203 1000 2281 autem=est,
1019 2230 1082 2268 non
1101 2209 1229 2269 scelera·
1267 2277 1273 2283 ,

40 2310 167 2357 torum
181 2297 360 2370 bominum,
388 2299 442 2357 sed
454 2310 565 2357 *contra
584 2316 673 2356 omne
692 2298 738 2356 ius
762 2294 956 2367 humanitatis
974 2291 1162 2363 afflictorum·
1174 2313 1229 2353 vos

58 2374 219 2441 misereri:
245 2403 301 2442 nec
320 2402 443 2454 eornm,
470 2377 599 2461 quitam
625 2381 787 2441 crudeliter
811 2381 908 2441 aliena
925 2381 981 2458 per
997 2376 1140 2459 fraudem,
1153 2377 1230 2445 deti-

59 2479 156 2543 nent,
183 2467 236 2524 sed
254 2468 367 2540 nostri,
392 2466 443 2546 qui
461 2467 557 2548 longo
575 2467 632 2525 iam
656 2480 795 2546 tempore
813 2478 918 2524 nostro
944 2460 1127 2542 patrimonio
1147 2480 1228 2520 care·
1278 2482 1289 2499 s

58 2573 143 2631 mus,
160 2564 387 2632 praetereaque,
407 2551 443 2610 ab
462 2551 525 2610 istis
545 2551 645 2610 all'ecti
664 2551 866 2622 contumeliis,
884 2568 966 2607 nunc
984 2547 1021 2606 de
1036 2546 1181 2626 dignitate
1197 2567 1230 2604 ac
1258 2546 1297 2602 16

59 2634 144 2694 fama
163 2632 360 2695 dimicamuss
382 2636 450 2695 Atta
469 2637 574 2714 ntique
592 2656 700 2715 parens
718 2649 824 2694 noster
840 2632 968 2713 suspiria
987 2631 1121 2703 duceret,
1140 2631 1164 2689 si
1182 2630 1230 2691 iu·
1289 2649 1313 2670 ’·

59 2719 235 2802 telligeret,
260 2741 336 2793 me,
352 2722 442 2780 snum
459 2721 571 2791 filium,
597 2721 629 2778 in
649 2720 810 2779 discrimen
836 2718 999 2789 adductum
1014 2715 1082 2780 ,eins
1101 2715 1230 2774 mulctae

65 2803 248 2877 solvendae,
268 2824 344 2884 qnae
362 2800 488 2885 propter
506 2805 592 2863 dotes
612 2818 642 2864 et
660 2805 840 2864 donationes
859 2826 874 2861 a
893 2808 929 2860 se‘
944 2801 1008 2859 istis
1028 2801 1110 2858 datas
1130 2797 1242 2880 exige-x

60 2901 162 2960 retur,
175 2903 222 2962 et,
240 2911 308 2948 cnm
327 2891 385 2948 iam
404 2890 454 2948 alii
469 2889 548 2948 cives
562 2909 625 2950 non
644 2900 843 2971 cognatorum
861 2887 964 2960 modo,
983 2885 1139 2944 sedetiam
1158 2882 1232 2942 ami·
1296 2946 1297 2951 1
1320 2916 1325 2928 ι

62 2992 173 3033 corum
191 2974 318 3054 inopum
336 2974 413 3033 {ilias
431 2976 468 3032 de
486 2995 542 3033 sno
562 2974 716 3046 elocarint,
734 2973 900 3053 Aphobum
915 2992 981 3045 nec,
1001 2991 1089 3052 quam
1107 2968 1233 3053 accepit,
1282 3050 1286 3055 .

66 3057 172 3118 dotem
190 3059 269 3120 velle
286 3052 457 3132 restituere,
475 3058 567 3138 idque
586 3079 666 3118 anno
685 3056 811 3119 decimo.
835 3131 838 3141 1
871 3067 882 3086 ·
1115 3082 1118 3088 ⁴

125 3408 128 3413 ’
206 3351 591 3473 onarloln
646 3398 987 3484 lenonum
1041 3399 1098 3468 m.

534 3586 778 3609 ..--ι.-.....-.
826 3570 829 3575 ’

22 3810 25 3814 .
69 3703 154 3791 Cum
174 3729 327 3812 Aphobus
345 3730 424 3810 apud
441 3726 495 3788 vos
514 3739 545 3786 et
562 3728 655 3788 multa
675 3743 705 3789 et
722 3749 829 3812 magna
852 3728 1007 3788 mendacia
1026 3724 1149 3787 dixerit:
1174 3728 1256 3808 prii

70 3832 152 3879 snum
164 3817 204 3877 ‚id
223 3815 362 3875 refellere
382 3813 531 3886 conabor,
557 3814 639 3892 quod
658 3813 738 3874 inter
756 3815 820 3874 eins
841 3815 918 3873 dicta
943 3813 1156 3874 molestissime
1172 3811 1237 3892 tuli.

70 3903 153 3964 Dixit
171 3892 371 3990 enim7'avum
389 3919 489 3958 meum
508 3898 601 3957 luisse
620 3900 777 3973 aerarium,
794 3912 1016 3980 proptereaque
1035 3898 1169 3958 noluisse
1185 3919 1238 3978 pa-

69 4001 147 4048 trem
174 3998 266 4047 suam
288 3987 411 4044 domum
434 3982 575 4057 mercede
594 3983 703 4058 locari,
729 3998 821 4044 utne
840 3984 1057 4065 inpericulum
1077 3982 1239 4046 deveniret

68 4072 308 4154 Ac‘praetextu‘
320 4070 442 4149 quidem
460 4069 519 4127 hoc
536 4068 650 4142 utitur,
676 4071 729 4128 sed
749 4091 818 4128 eum
843 4071 990 4145 aerarium
1015 4067 1127 4132 obiisse
1151 4067 1237 4127 nullo

21 4175 27 4180 ·
69 4179 197 4238 prorsus
216 4153 394 4216 testimonio
412 4152 566 4235 probavit:
593 4174 687 4232 eaque
702 4148 785 4214 dere
800 4154 901 4221 dicere
920 4153 1058 4233 distulit,
1072 4164 1238 4221 extremum

70 4242 178 4303 iudicii
205 4241 285 4300 diem
309 4251 488 4320 aucupatus,
513 4251 603 4318 atque
621 4239 719 4318 ipsum
742 4239 951 4299 testimonium
975 4240 1012 4298 ad
1037 4239 1238 4319 posteriorem
1274 4237 1285 4243 ’

69 4328 246 4389 orationem
264 4324 436 4405 reservavit,
453 4323 519 4384 fore
537 4344 671 4409 sperans,
687 4338 723 4385 ut
735 4345 790 4406 per
804 4317 872 4385 eam'
883 4333 947 4384 rem
966 4322 1167 4386 calumniandi
1181 4315 1238 4383 sibi
