2722 4754
290 164 295 172 ,
356 112 635 177 anteusus·
660 67 1042 175 r1n0³onnsnn
1054 132 1121 213 j
1194 98 1263 190 ιιι

73 287 118 335 ae
119 289 198 367 ‘pro
222 267 288 328 istis
312 266 420 330 tulisse
436 267 553 356 legem,
565 287 683 349 quos
672 267 774 328 officio
792 267 919 329 functos
928 285 1000 327 esse
1018 252 1109 340 dic'is,
1133 258 1171 328 eo
1196 290 1254 332 no-

74 353 168 416 rnine
191 366 222 413 ιι
248 354 382 431 damnari
407 366 510 453 aperte
527 365 676 454 oportet,
700 354 789 433 qnod
800 366 940 434 receptae
958 352 1059 436 leges,
1085 355 1254 441 secundnm

73 460 159 518 quas
181 438 217 500 bi
241 458 274 498 se
298 437 547 520 pronuntiaturos
570 438 730 539 iurarunt,
756 439 882 498 omnino
897 438 1137 521 interdicunt,
1128 457 1168 500 ne
1193 437 1253 521 qua

72 525 152 598 lex,
178 523 238 584 nisi
257 543 334 604 quae
353 545 388 584 ex
405 545 504 605 aequo
522 525 562 584 ad
579 544 684 584 omnes
703 523 782 584 cives
801 523 968 604 pertineat,
992 524 1180 586 feratur:-
1156 547 1203 586 ssn
1221 538 1253 586 te

77 608 200 690 bonum
215 609 373 690 publicum
388 622 539 690 spectasse
554 609 716 691 rogatione
729 608 897 685 tua'dices,
915 609 980 669 noli
997 611 1163 675 solutionis-
1176 611 1252 672 isto-¹

77 717 150 755 rum
175 694 377 770 meminisse,
393 714 471 775 quae
496 694 534 755 ab
559 695 615 755 ista
639 694 708 777 lege
725 714 849 775 prorsus
868 693 965 754 aliena
983 709 1048 770 est,
1074 698 1128 758 sed
1151 696 1254 781 legem

86 780 216 862 ipsam-e
234 779 390 862 republica
408 798 474 841 esse
489 793 639 861 recteque,
654 800 721 840 esse
738 779 839 853 latam,
857 777 888 839 id
906 779 1025 840 doceto.
1042 781 1120 843 Nam
1137 782 1197 844 boc
1213 782 1252 842 il-

85 867 134 926 lnd
154 878 224 941 est,
247 866 333 926 cuius
352 866 448 948 gratia
465 878 497 926 et
513 878 545 926 tu
564 880 596 927 te
613 865 720 927 tulisse
739 864 836 939 dicas,
855 876 886 925 et
904 885 977 946 ego,
996 866 1252 944 quicontrarium

12 1007 49 1013 -.
86 953 119 1012 de
147 971 183 1012 ea
211 949 358 1025 sentiam,
385 951 565 1042 accusarint,
595 964 628 1012 et
652 952 689 1011 de
716 972 778 1031 quo
803 949 850 1010 bis
876 950 1028 1011 sententia
1055 951 1096 1012 sit
1119 953 1252 1029 ferenda

85 1037 275 1117 Quamquam
293 1049 393 1096 autem
410 1035 443 1095 -id
462 1037 586 1116 quoque
604 1037 767 1097 ostendere
784 1055 916 1117 possem,
930 1035 1052 1116 quidvis
1071 1057 1124 1099 eos
1142 1024 1276 1125 secisse

86 1121 196 1205 potins,
209 1143 305 1203 quarn
323 1141 374 1181 aes
392 1120 563 1197 alienum,
554 1135 595 1183 tta
612 1135 656 1182 ut
655 1122 748 1206 leges
765 1121 884 1195 iubent,
903 1120 1091 1182 dissolvisse.
1116 1120 1188 1202 quia
1204 1137 1251 1184 ta-

84 1228 151 1268 nen
168 1227 224 1267 vos
243 1226 277 1267 ea
296 1206 333 1266 de
350 1227 384 1266 re
401 1206 564 1268 iudicaturi
581 1228 645 1267 non
664 1208 754 1282 estis,
823 1228 926 1273 orsum
944 1202 1072 1298 attinet,
1096 1208 1250 1270 merobis

84 1315 116 1354 ea
142 1294 421 1354 commemorando
436 1315 520 1352 nunc
545 1292 728 1353 obturbare?
752 1291 798 1352 Ar
818 1293 900 1351 ιιιοι
912 1305 1085 1372 praeterea,
1108 1294 1193 1367 fore,
1215 1305 1251 1354 nt

83 1398 136 1440 nec
154 1376 203 1439 bis
221 1376 414 1438 sermonibus
432 1376 615 1447 abstineat:
633 1374 738 1438 Cum.
728 1398 794 1458 rpse
812 1377 982 1478 scripserit,
1009 1400 1048 1440 ne
1067 1377 1135 1460 quis
1152 1377 1250 1439 Athe-

77 1462 194 1524 niensis
218 1462 381 1536 vinciatur,
405 1462 512 1542 inique
534 1471 648 1524 secum
662 1475 762 1523 actum
784 1461 839 1537 iri,
862 1461 890 1522 si
914 1463 985 1523 mali
1007 1463 1161 1544 quippiam
1184 1464 1249 1544 ipse

66 1548 172 1621 serat,
198 1550 245 1622 et,
268 1559 305 1608 ut
328 1546 411 1630 leges
430 1565 525 1649 quarn
538 1548 710 1609 lenissimae
724 1548 797 1609 sint
820 1558 868 1607 et
872 1548 1149 1649 moderatissimae,
1175 1570 1191 1608 e
1215 1569 1248 1608 re

74 1632 328 1694 tenuissimorum
354 1652 420 1693 esse
446 1633 607 1714 inprimis.
635 1633 754 1714 Operae
778 1633 910 1715 pretinm
933 1633 1060 1695 suerit'
1051 1634 1160 1716 rgitur,
1193 1654 1248 1694 vos

22 1739 27 1746 ·
81 1737 205 1792 omnes,
229 1730 266 1778 ut
283 1738 323 1778 ne
340 1718 439 1779 luco'
430 1731 490 1779 ιιιο
507 1719 671 1819 uerborum
688 1716 897 1799 decipiamini,
925 1718 1022 1820 prius
1020 1719 1143 1800 'aliquid
1161 1720 1248 1778 audi-

82 1804 166 1865 visse
207 1802 328 1863 Nam
302 1825 329 1862 ιι
348 1803 472 1876 dixerit,
485 1817 532 1904 ,ut
548 1826 588 1864 ne
606 1803 674 1884 quis
692 1803 927 1864 Atheniensium
945 1803 1112 1880 vinciatur,
1136 1825 1175 1864 ne
1192 1825 1257 1865 vos

83 1882 265 1972 praetereat‘,
292 1909 362 1948 eum
380 1889 517 1950 mentiri:
542 1910 645 1970 neque
667 1889 748 1949 enim
773 1889 834 1950 boc
856 1889 990 1972 rogavit,
1015 1891 1070 1970 sed
1093 1889 1186 1963 illud,
1211 1899 1248 1949 ut

83 1975 244 2073 exigendae
267 1973 397 2034 mulctae
422 1974 584 2035 auctoritas
609 1974 696 2035 vobis
715 1975 914 2053 adimeretur,
937 1988 1033 2054 utque
1045 1932 1255 2056 suffragium,

72 2081 147 2120 ucnm
165 2057 362 2119 iureiurando
389 2073 420 2120 et
437 2059 658 2143 disceptatione
684 2073 716 2121 et
732 2059 846 2121 iudicio
870 2059 981 2133 latum,
1004 2059 1124 2120 irritum
1144 2061 1247 2120 effice-

79 2158 132 2205 ret.
169 2145 277 2224 Neque
296 2164 331 2203 ea
348 2145 438 2205 verba
458 2165 474 2205 e
492 2146 560 2227 lege
578 2145 696 2228 seligat,
714 2165 791 2225 quae
809 2157 882 2204 sunt
898 2144 1113 2205 humanissima
1131 2140 1263 2219 auditn,

79 2231 130 2293 sed
149 2241 245 2290 totam
264 2229 363 2312 legem
377 2231 490 2292 ordine
509 2231 666 2303 ostendat,
692 2243 736 2305 et,
763 2251 840 2310 quae
859 2250 928 2290 eum
947 2243 1147 2290 consecutura
1164 2240 1246 2302 sunt,

80 2313 264 2374 considerari
281 2315 420 2395 patiatur
455 2317 531 2376 Rem
551 2316 631 2374 enim
649 2316 691 2376 ita
709 2338 742 2376 ιι
759 2314 881 2388 babere,
900 2328 940 2376 nt
953 2336 1011 2394 ego
1031 2316 1116 2389 dico,
1129 2335 1193 2374 non
1210 2326 1247 2373 ut

79 2401 143 2499 iste,
160 2399 328 2498 reperietis.
372 2401 492 2474 Quod'
482 2400 577 2482 agitur
593 2401 631 2458 ad
648 2399 751 2481 legum
769 2399 926 2457 lenitatem
945 2410 977 2458 et
992 2398 1249 2472 moderationem,

80 2482 153 2566 quiae
170 2478 255 2565 plebi
273 2485 313 2543 sit
331 2484 548 2556 conducibilis,
566 2483 693 2557 attinet,
709 2483 784 2543 haec
801 2481 963 2564 cogitanda
981 2496 1059 2544 sunt
1101 2485 1173 2544 Duo
1191 2483 1267 2553 ba-

57 2592 60 2597 ·
80 2571 205 2644 benntr,
223 2567 446 2643 Athenienses,
463 2588 576 2652 genera
593 2590 711 2642 rerum,
729 2580 855 2649 propter
873 2567 996 2647 quasin
1014 2568 1142 2650 singulis
1159 2567 1245 2628 urbi-

80 2656 131 2716 bus
149 2654 253 2736 lcgnm
271 2653 453 2714 adminicula
470 2653 690 2754 requimnntura
710 2653 856 2753 alterum,
885 2655 948 2731 qud
963 2653 1003 2711 de
1021 2653 1245 2715 consuetudine

80 2742 167 2842 ritae,
194 2740 232 2799 de
252 2738 473 2813 contractibus,
500 2739 538 2799 de
555 2738 678 2818 privatis
696 2738 849 2820 negotiis,
871 2749 962 2816 atque
981 2739 1058 2798 adeo
1077 2739 1115 2800 de
1133 2759 1243 2798 conso-

80 2822 207 2886 oiatione
226 2837 257 2884 et
275 2822 491 2884 communitate
509 2823 602 2885 inter
608 2836 664 2884 nos
683 2823 766 2904 ipsos
785 2820 860 2905 q'uid
876 2821 917 2882 sit
934 2823 1103 2905 agendum,
1128 2823 1250 2889 consti-

41 2911 49 2919 '
77 2909 202 2971 ιιίιιιιιι.
229 2908 373 2981 alterum,
398 2930 461 2989 quo
473 2922 568 2991 pacto
584 2909 796 2989 unusquisque
820 2920 958 2970 nostmm
981 2921 1115 2993 paratus
1121 2921 1153 2969 et
1168 2908 1243 2972 alfe-

77 3005 139 3055 ctus
159 3015 226 3055 esse
245 2995 355 3055 debeat
373 3014 445 3095 erga
460 2993 735 3074 rempublicam,
711 3015 736 3053 ιι
754 3015 820 3053 eam
837 2992 1075 3055 administrare
1065 2992 1244 3067 instituerit,

76 3088 166 3160 seque
186 3102 288 3141 curam
306 3080 474 3160 suscepisse
492 3079 621 3140 civitatis
640 3079 828 3161 profiteatur
857 3078 953 3140 lllas
943 3079 1039 3162 igitur
1055 3079 1242 3167 privatorum
1265 3093 1276 3149 ι

76 3178 285 3226 contractuum
290 3165 406 3264 leges,
424 3186 441 3225 e
459 3185 499 3227 rc
510 3164 608 3245 plebis
627 3178 691 3239 est,
710 3185 775 3227 esse
793 3166 877 3225 lenes
897 3178 928 3227 et
945 3166 1118 3229 humanas:-
1115 3174 1255 3240 contra,

75 3271 149 3330 quae
169 3251 211 3311 in
219 3251 410 3350 magistratus
429 3250 508 3310 latae
525 3262 613 3324 sunt,
640 3270 689 3310 eas
708 3271 774 3311 esse
798 3269 882 3311 acres
899 3263 931 3311 et
948 3273 1067 3314 severas
1084 3251 1172 3312 i'obis
1190 3273 1249 3331 ιιι-1

73 3334 162 3419 pedit.
206 3335 258 3395 Sic
277 3335 357 3395 enim
375 3334 560 3416 reipublicae
579 3334 798 3418 gubernatores
821 3357 876 3397 ιοι
894 3335 1021 3398 ιιιὶιιίιιιι
1037 3337 1157 3398 iniuriis
1174 3335 1242 3397 affi-

59 3420 160 3480 cient
177 3420 331 3480 Proinde
350 3432 418 3482 cum
437 3419 525 3481 istam
550 3430 668 3480 causam
686 3420 881 3494 adducet,
856 3442 899 3482 ιιι
918 3422 947 3482 ei
966 3422 1132 3484 occurrite:
1157 3423 1241 3506 leges

31 3548 33 3553 ,
74 3526 142 3564 eum
161 3505 308 3565 humanas
329 3507 457 3567 reddere
477 3527 544 3567 non
563 3506 633 3579 has,
658 3527 735 3587 quae
753 3505 841 3565 vobis
866 3506 1065 3568 defendendis
1083 3506 1162 3583 sint,
1186 3507 1273 3581 sed

71 3589 152 3664 illas,
181 3612 272 3690 quae
277 3603 424 3651 terrorem
444 3591 696 3674 magistratibus
687 3592 843 3652 mentiant
886 3593 982 3654 Multa
1001 3593 1127 3655 dicenda
1145 3605 1254 3654 resta·

70 3688 156 3749 rent,
175 3677 202 3736 si
221 3675 288 3775 quis
307 3676 469 3736 ostendere
486 3677 579 3737 vellet
597 3677 715 3750 omnia,
739 3698 817 3757 quae
833 3677 894 3737 iste
911 3677 1098 3761 imposturae
1105 3677 1248 3778 'tlutiqne

69 3759 231 3821 faciendi
213 3783 301 3821 causa
315 3760 348 3820 in
361 3761 495 3822 medium
510 3761 655 3823 allaturos
672 3776 739 3826 est·
747 3763 806 3823 sed
818 3762 946 3823 maxima
959 3786 1016 3848 ego
1029 3776 1113 3846 parte
1129 3762 1251 3823 omissa

70 3868 215 3906 summam
235 3867 365 3919 eorum,
371 3867 460 3926 qnae
457 3848 598 3908 tenenda
615 3846 703 3908 vobis
722 3858 812 3921 sunt,
827 3850 1003 3911 recensebo.
1039 3846 1239 3910 Considerate

69 3930 100 3989 in
117 3931 265 4019 verbis
238 3951 302 3991 ems
322 3931 483 4006 omnibus,
510 3953 709 4018 quaecunque
728 3932 854 4007 dixerit,
879 3935 1032 4015 numquid
1050 3935 1160 3996 afferre
1177 3934 1238 3994 talc

70 4030 175 4114 queat,
202 4013 265 4097 quo
285 4016 407 4090 doceat,
431 4017 474 4078 fas
494 4038 578 4091 esse,
603 4031 640 4078 ut
655 4018 812 4101 legislator
829 4020 868 4079 de
892 4020 1064 4102 praeteritis
1084 4020 1188 4082 eadem
1205 4032 1244 4079 ιι

70 4114 234 4168 suntantea
259 4099 410 4163 absolutis
432 4103 499 4165 fieri
525 4102 644 4176 iubeat,
668 4116 759 4184 atque
786 4106 824 4165 de
846 4044 1036 4168 ἰιιιΡιιιιιιὶῘιιιι
1061 4119 1093 4167 ιι
1102 4102 1237 4168 futuris:

39 4242 44 4255 ,
68 4178 136 4247 batn
147 4209 224 4248 cnm
242 4186 343 4248 omnia
359 4187 391 4246 in
405 4186 473 4270 lege
482 4188 650 4290 perscripta
662 4190 763 4272 turpia
773 4190 838 4267 sint
850 4201 882 4249 et
895 4190 1009 4272 iniqua,
1027 4191 1088 4253 boc
1099 4191 1236 4252 omnium

70 4270 291 4352 iniquissimum
311 4285 343 4333 et
355 4256 501 4356 legibus
493 4273 734 4339 inimicissimum
752 4275 891 4339 inseruit
907 4277 1038 4352 Quod
1012 4300 1040 4338 ιι
1051 4298 1159 4358 neque
1168 4276 1237 4349 iste,
