2722 4754
349 146 948 289 uuuarrsilnuoimone
1054 160 1232 271 ,sos
1324 158 1327 165 ’

78 352 157 433 ullum
183 360 249 423 eius
276 361 497 436 necessarium,
524 359 703 422 dimittetis?
736 356 813 433 Quis
840 357 922 420 enim
948 347 1122 440 equitatus?
1155 375 1232 435 quae
1331 350 1334 365 ⁴

73 448 183 518 elassis?
202 454 281 528 qu‘ae
301 446 476 530 expeditio?
502 460 578 526 quae
597 443 831 525 aedilitaslqui
850 445 1080 526 coetusl-quod
1092 441 1232 508 munus?

81 538 152 625 quod
163 532 332 594 tributum?
357 553 434 612 quae
452 528 687 598 benevolentia?
712 532 795 610 quod
813 530 1003 610 periculum?
1030 531 1102 610 quid
1121 527 1231 589 horum

83 623 197 691 omnium
215 619 252 678 ab
272 617 356 678 omui
374 617 520 677 memoria
538 617 715 699 praestitum
735 628 780 675 est
797 615 834 675 ah
853 616 918 676 istis
936 615 1144 696 reipublicae?
1174 612 1232 674 At-

85 712 125 796 qui
139 707 160 768 si
177 702 227 767 illa
245 702 467 785 praestitissent
491 703 610 776 omnia,
638 722 739 782 neque
757 715 858 762 tamen
883 701 927 760 eis
945 715 1028 762 recte
1049 715 1079 762 et
1096 699 1231 786 gratuito

50 790 53 797 ’
86 790 222 882 legationis
238 790 340 849 obitae
352 788 416 847 laus
428 788 600 849 accederet:
618 787 749 866 interfici
762 794 831 848 eu'm
842 788 950 867 utique
962 788 1091 847 deceret
1110 785 1233 862 Quodsi

87 900 163 962 neque
180 878 270 947 haec,x
281 895 382 956 neque
401 873 468 941 illa:
486 895 549 933 non
567 872 723 957 punietis?
749 875 820 935 Non
839 872 1086 946 reminiscemini,
1106 873 1180 953 quid
1199 872 1231 931 in

87 962 228 1033 accusando
246 959 409 1037 Timarcho
429 959 558 1020 dixerit?
577 959 694 1020 nullum
714 981 779 1019 esse
796 981 887 1018 usum
906 959 1045 1031 civitatis,
1064 980 1141 1038 quae
1161 979 1230 1025 ner·
1266 1028 1275 1036 δ

87 1077 126 1119 vos
140 1046 237 1110 contra
254 1045 444 1105 facinorosos
462 1066 526 1106 non
546 1046 665 1120 habeat,
683 1067 783 1127 neque
800 1044 997 1128 reipublicae,
1015 1045 1047 1103 in
1066 1059 1125 1124 qua
1143 1043 1232 1105 venia

41 1152 43 1161 ·
88 1155 111 1203 et
124 1130 282 1217 deprecatio
301 1131 369 1212 plus
387 1125 507 1192 v'aleant
525 1131 663 1216 legibus,
697 1153 798 1212 neque
816 1152 870 1190 vos
890 1130 1097 1192 misericordia
1115 1127 1231 1215 moveri
1270 1118 1273 1127 ⁴

88 1235 201 1309 oportere
219 1217 324 1277 matris
341 1216 510 1291 Timarchi,
533 1219 614 1278 senis
633 1218 784 1292 mulieris,
807 1237 865 1277 nec
884 1218 1016 1297 denique
1036 1216 1230 1297 cuiusquam:

88 1311 129 1381 sed
147 1304 214 1367 illud
237 1305 459 1384 spectandum,
480 1303 506 1362 si
530 1303 632 1386 legum
657 1317 688 1364 et
710 1304 895 1384 reipublicae
919 1325 1020 1364 curam
1046 1301 1229 1385 abieceritis,
1289 1354 1296 1364 .

89 1395 132 1480 qui
144 1389 221 1454 vestri
238 1389 432 1462 misereatur,
457 1389 636 1449 inventuros
656 1410 722 1450 esse
740 1389 901 1450 neminem.
938 1389 991 1449 llle
1011 1388 1106 1472 igitur
1124 1386 1230 1450 infelix

89 1484 161 1545 bomo
175 1474 338 1558 ignominia
355 1488 479 1535 notatus
498 1489 559 1549 est,
591 1476 673 1556 quod
693 1476 780 1536 istius
798 1475 912 1544 scelera
929 1474 1024 1534 vidit:
1060 1474 1111 1534 isti
1129 1487 1230 1534 autem
1284 1494 1286 1498 ’

88 1562 275 1648 inpunitatem
288 1560 484 1621 concedetis?
514 1558 596 1621 Cur?
625 1561 702 1621 Na'm
720 1561 749 1637 si,
764 1561 800 1621 ab
819 1561 874 1635 iis,
903 1561 956 1641 qui
974 1560 1005 1620 in
1025 1560 1135 1647 seipsi
1153 1559 1230 1620 doli-

90 1659 208 1735 querunt,
229 1657 328 1705 tantas
347 1666 460 1726 poenas
480 1647 604 1727 expetiit
623 1646 807 1708 Aeschines:
832 1647 911 1727 quid'
925 1647 957 1706 in
976 1643 1046 1720 eo's,
1065 1645 1119 1726 qui
1137 1645 1229 1706 tantis

88 1733 200 1799 inrebus
216 1731 403 1812 reipublicae
421 1746 610 1807 nocuerunt,
641 1754 772 1814 quorum
788 1735 881 1792 istum
899 1746 996 1792 u'num
1015 1753 1082 1792 esse
1101 1744 1230 1805 constat,
1254 1723 1260 1739 ‘

86 1820 192 1899 avobis,
206 1815 311 1876 iuratis
328 1817 495 1892 lodicibus,
512 1819 570 1879 erit
586 1820 802 1879 statuendum?
819 1817 871 1893 At,
890 1818 1033 1892 Hercule,
1051 1819 1229 1879 adolescen-

87 1923 125 1970 tes
139 1916 248 1991 ptopter
263 1902 340 1963 illud
359 1903 506 1964 iudicium
523 1904 610 1964 vobis
630 1917 720 1965 erunt
737 1905 896 1964 meliores:
921 1917 1047 1985 propter
1064 1903 1157 1963 istum
1171 1925 1229 1973 ¹au-

71 2009 136 2056 ·ten
157 1990 190 2063 il,
221 1988 273 2071 qui
290 2002 450 2049 versantur
467 1990 498 2048 in
517 1990 699 2071 reipublice,
735 2008 791 2072 per
808 2009 885 2070 quos
904 1989 936 2048 in
955 2012 1114 2049 summum·
1125 1989 1229 2050 civitas

88 2077 221 2147 discrimen
238 2075 406 2136 adducitur.
430 2075 485 2136 Est
503 2081 604 2155 autem
624 2076 782 2136 ethorum
801 2076 940 2135 habenda
957 2075 1045 2135 ratio,
1068 2077 1110 2134 Ut
1128 2087 1245 2157 autem-

91 2161 179 2234 sciatis,
201 2159 238 2219 ab
256 2159 315 2220 isto
336 2161 425 2220 etiam
443 2156 736 2222 hunc'Timarchum
756 2184 894 2222 eversum
913 2181 994 2234 esse,
1021 2181 1100 2233 non,
1120 2159 1161 2219 ita
1179 2180 1228 2220 me

91 2250 230 2319 diitment,
249 2246 292 2304 de'
305 2246 409 2306 liberis
427 2247 544 2321 vestris,
565 2269 626 2328 quo
645 2247 690 2307 illi
709 2261 812 2308 essent
828 2247 970 2321 modesti,
989 2246 1122 2306 sollicito
1141 2242 1230 2328 (su'nt

90 2328 166 2406 enin,
179 2328 398 2406 Athenienses,
416 2331 474 2392 iam
492 2337 574 2393 nunc
591 2334 739 2394 modesti:
757 2334 851 2408 absit,
869 2346 905 2393 ut
924 2353 961 2392 eo
979 2332 1040 2391 loci
1057 2331 1229 2412 respublica

89 2420 221 2502 redigatur,
236 2416 455 2499 utAphobeto
474 2431 504 2478 et
521 2418 674 2480 Aeschine
693 2419 871 2480 censoribus
888 2419 1035 2502 indigeat,
1054 2414 1156 2499 absit),
1174 2417 1229 2476 sed

90 2505 156 2586 quod
167 2498 211 2563 ille
228 2516 352 2562 senator
369 2504 498 2584 scripsit,
516 2504 542 2564 si
555 2505 622 2585 quis
641 2506 947 2580 convincatur,‘arma
965 2502 1081 2564 vexisse
1100 2502 1137 2562 ad
1155 2501 1229 2561 Phi-

44 2655 47 2661 ,
90 2591 180 2672 lippum
193 2600 242 2648 aut
253 2602 441 2649 armamenta
465 2591 652 2665 triremium,
679 2604 778 2652 morte
804 2590 1020 2651 mulctandum.
1064 2585 1165 2648 Cuius·
1183 2587 1230 2647 rei

89 2675 138 2736 hoc
150 2674 252 2757 siguum
266 2688 328 2735 est:
346 2680 414 2734 nam
434 2676 577 2756 quamdiu
596 2678 794 2738 concionatus
809 2676 869 2736 suit
879 2674 1076 2736 Timarchus?
1094 2673 1164 2734 Diu.
1182 2674 1229 2732 Eo
1318 2713 1321 2717 ›

92 2760 166 2843 igitur
179 2759 251 2820 omni
269 2773 407 2842 tempore
426 2761 458 2820 in
475 2762 632 2843 republica
650 2762 708 2822 luit
718 2760 898 2835 Aeschines,
917 2773 947 2820 et
965 2781 1121 2840 nunquam
1139 2778 1229 2840 aegre

89 2846 157 2919 tulit,
176 2844 220 2905 aut
235 2866 326 2928 grave
345 2868 411 2906 esse
430 2848 532 2920 duxit,
560 2847 586 2906 si
604 2847 697 2907 homo
717 2848 776 2908 illis
795 2843 932 2908 moribus
951 2845 1117 2906 conciones
1135 2842 1230 2904 habe-

89 2931 229 3004 rct‘donee
246 2932 279 2991 in
298 2933 507 2993 Macedoniam
525 2933 680 3016 proiectus
699 2935 833 3016 seipsum
851 2932 991 2994 mercede
1009 2930 1128 2993 locavit
1151 2928 1230 3012 Age,
1291 2934 1300 2953 '

89 3015 164 3097 ipsun
177 3017 326 3080 Timarchi
344 3020 500 3080 decretum
519 3042 591 3102 cape
611 3033 642 3080 et
659 3019 758 3085 recita.

463 3174 797 3247 'euenerunt

76 3352 81 3365 .
151 3273 205 3354 Qui
221 3272 318 3357 igitur
335 3297 390 3359 pro
409 3276 496 3338 vobis
517 3279 666 3353 decrevit,
691 3298 730 3338 ne
749 3277 824 3338 belli
842 3289 981 3359 tempore
1000 3276 1035 3335 ad
1054 3273 1235 3356 Philippum*

87 3377 146 3418 arna
159 3359 324 3420 ferrentur:
348 3363 396 3422 sin
415 3363 482 3443 quis
500 3363 638 3439 lecisset,
657 3357 883 3446 copitale'lore:
909 3361 1002 3444 periit
1021 3375 1052 3420 et
1070 3372 1230 3423 contume-
1308 3382 1322 3391 ”

77 3439 116 3501 elia
129 3445 321 3508 est‘allectus.
365 3452 424 3509 lste
443 3462 560 3524 autem,
588 3452 641 3531 qui
661 3463 703 3510 et,
715 3462 887 3510 vestrorum
913 3448 1068 3509 sociorum
1086 3469 1167 3507 arma
1185 3445 1230 3507 illi

83 3528 196 3604 tradidit,
213 3547 336 3594 accusat
355 3547 386 3597 et
404 3536 441 3594 de
460 3548 566 3616 stupro
585 3537 722 3609 disserit,
741 3536 819 3617 proh
835 3531 941 3595 llivhm
960 3546 1050 3614 atque
1069 3532 1230 3592 hominum

81 3611 159 3688 iden,
175 3616 296 3678 duobus
315 3621 377 3679 suis
394 3621 535 3681 allinibus
555 3622 775 3696 assistentibus,
795 3621 906 3702 quibus
924 3618 1095 3702 conspectis
1110 3639 1167 3682 vos„
1178 3639 1229 3677 ex-

79 3696 238 3777 clamaretis,
263 3703 351 3764 Nicia
369 3705 422 3765 illo
446 3708 596 3782 vecordi,
612 3709 665 3789 qui
683 3730 715 3768 se
734 3708 766 3768 in
783 3708 927 3793 Aegypto
954 3705 1094 3765 mercede
1120 3701 1235 3763 locavit

76 3776 217 3865 Chabriae,
247 3802 278 3849 et
296 3789 421 3852 homine
447 3795 630 3854 exsecrando
649 3791 841 3878 Cerybione,
870 3792 923 3874 qui
946 3792 978 3851 in
1004 3790 1088 3850 lestis
1114 3789 1230 3868 absque

72 3890 183 3951 persona
201 3872 397 3937 comessatur.
421 3878 481 3938 Sed
501 3880 574 3959 quid
594 3880 667 3949 haec
687 3880 778 3940 dico?
805 3878 901 3960 Atqui
919 3877 1042 3938 fratrem
1062 3875 1127 3935 eius
1145 3873 1230 3934 vide-

70 3953 109 4018 lat
122 3955 330 4041 Aphobetum.
355 3963 414 4024 Sed
433 3965 484 4025 illa
502 3965 551 4024 die
569 3966 709 4047 prolecto
728 3987 834 4026 omnes
853 3967 890 4026 de
908 3961 1097 4045 impudicitia
1116 3959 1231 4041 oratio7
1265 3969 1275 3995 '

66 4062 110 4104 nes
127 4045 265 4137 adverso,
285 4050 369 4128 quod
386 4049 482 4125 aiunt,
501 4051 583 4111 amni
600 4047 762 4112 fluxerunt
797 4055 912 4112 Verum
932 4060 1044 4130 quanta
1061 4045 1231 4129 ignominia
1279 4083 1281 4088 .

42 4173 49 4189 t
63 4129 272 4216 rempublicam
285 4146 415 4196 vestram
428 4137 516 4197 istius
531 4136 756 4219 improbitasct
766 4135 949 4212 mendacitas
964 4133 1112 4207 affecerit,
1130 4131 1231 4193 omni-

62 4214 109 4276 bns
126 4216 243 4278 relictis
263 4222 400 4296 cacteris,
419 4224 502 4304 quod
520 4224 618 4285 nostis
632 4234 744 4285 omnes
762 4218 827 4298 vos,
846 4225 877 4283 id
896 4221 1002 4280 dicam.
1020 4218 1113 4294 Olim,
1130 4217 1229 4278 Athe-

59 4300 186 4381 nienses,
203 4303 278 4384 quid
292 4308 407 4369 avobis
422 4310 577 4371 decretum
597 4323 686 4385 essct,
706 4310 907 4372 observabant
919 4305 972 4366 alii
984 4305 1094 4366 Graeci
1108 4324 1231 4365 omnes:

46 4389 384 4467 ¹nnnc-obambulamus
403 4395 568 4478 nom-quid
586 4396 691 4458 visum
702 4393 838 4468 sit'aliis,
855 4385 1045 4475 speculantes
1063 4389 1155 4471 atque
1173 4410 1227 4450 au·
1251 4393 1315 4451 276
