2722 4754
360 44 371 70 *ῃ
441 65 445 71 ,
511 57 516 63 .

337 221 398 283 ou
422 220 596 281 sassa
629 183 934 287 nasamone,
988 180 991 185 ’
1096 204 1221 281 san

29 443 36 451 ⁸
56 379 115 438 loca
139 386 191 435 aut
208 374 348 457 legiones
374 387 426 435 aut
448 392 532 441 arces
551 371 656 456 (nemo
684 372 757 431 haet
783 372 890 456 legatis
907 372 1036 457 tradit),¹
1055 375 1109 433 sed
1127 372 1224 433 verba.

63 476 89 525 et
101 460 240 551 tempora:
258 458 380 534 Quodsi
397 459 737 540 reipublicaetempora
756 479 820 517 non
837 459 1013 540 praeripuit,
1031 480 1095 519 non
1112 480 1219 539 pecea-

65 550 113 613 nt:
135 547 178 606 siu
195 544 386 626 praeripuit,
403 534 557 624 peccavit·'
589 543 688 602 Verba
707 556 808 602 autem
827 542 853 602 si
870 565 939 603 vera
963 546 1150 605 renuntiavit
1167 558 1219 604 aut

29 676 31 687 .
68 632 147 706 utilia,
158 622 346 690 absolvatur:
364 628 412 689 sin
428 643 458 689 et
470 629 544 688 salsa
559 641 589 688 et
600 641 759 709 corruptus
776 642 806 689 et
819 629 949 701 inutilia,
961 643 1111 691 tencatur.
1129 626 1220 695 Nulla
1234 632 1237 636 ’

73 721 136 786 mim
150 736 181 775 rc
198 712 331 796 populus
349 715 429 774 laedi
456 714 575 797 gravius
599 720 717 795 potest,
747 736 835 797 quam
863 715 1023 774 audiendis
1046 715 1218 779 mendaciis.

29 876 31 881 Ι
75 812 189 885 Quorum
207 799 288 860 enim
305 800 338 858 in
352 800 461 859 uerbis
478 801 534 860 sita
561 813 606 859 est
629 799 814 880 respublica:
839 822 899 879 qno
918 813 1024 880 pacto,
1052 802 1077 860 si
1096 822 1130 861 ea
1148 823 1219 861 vera

29 926 31 941 ι
76 913 122 956 rou
136 898 211 958 suna
227 899 297 946 tuto
311 886 376 967 geri
392 899 493 966 potest
509 884 701 965 respublica?
721 886 841 959 Quodsi
855 886 922 966 quis
936 887 1062 966 insuper
1079 907 1122 959 ea,
1141 907 1218 966 quae

77 974 188 1055 hostibus
206 972 394 1044 conducant,
413 969 532 1052 accepta
550 968 690 1030 mercede
702 971 803 1031 dicat:
827 993 929 1031 annon
949 973 1038 1031 etiam
1057 972 1089 1030 in
1107 993 1219 1054 magno

79 1057 191 1149 periculo
204 1056 308 1115 eritis?
324 1056 433 1135 Neque
450 1056 543 1116 etiam
562 1057 666 1116 eadem
686 1056 796 1115 iniuria
816 1070 871 1131 est,
887 1070 1019 1141 tyranno
1037 1069 1089 1117 aut
1108 1057 1218 1140 eligar-

81 1149 141 1213 chiae
154 1141 321 1224 praeripere
338 1155 486 1223 tempora,
504 1162 580 1221 quae
599 1142 702 1202 vobis:
719 1164 819 1222 neque
835 1166 940 1223 parum
959 1147 1092 1215 interest,
1128 1144 1161 1201 ln
1180 1142 1219 1201 il-

80 1228 185 1297 tiseuim
202 1227 337 1308 imperiis
363 1228 464 1287 omnia
489 1249 524 1286 ex
543 1227 643 1288 edicto
670 1227 812 1286 celeriter
827 1229 922 1287 fiunt:
947 1229 1027 1309 apud
1045 1249 1099 1287 vos
1117 1240 1218 1287 autem

74 1314 186 1401 ,inprimis
207 1314 244 1373 ad
268 1325 406 1373 senatum
429 1314 531 1373 omnia
554 1312 714 1373 referenda
740 1327 777 1372 et
797 1313 833 1371 ab
858 1334 897 1373 eo
923 1314 1113 1373 decernenda
1133 1318 1218 1386 sunt,

80 1407 151 1486 idque
166 1400 317 1472 duntaxat,
336 1422 403 1458 eum
422 1399 622 1480 praeconibus
642 1411 673 1458 et
690 1398 896 1480 legationibus
914 1399 1098 1478 adscriptum
1111 1398 1218 1473 -suerit,

80 1496 127 1553 aba
140 1505 261 1565 semper:
280 1484 392 1545 deinde
410 1484 571 1544 indicenda
590 1484 715 1558 concio,
736 1505 830 1563 eaque
848 1496 986 1565 tempore
1005 1483 1123 1565 legibus
1144 1505 1217 1544 con-

45 1614 51 1623 .
81 1576 175 1638 stitoto:
196 1582 265 1650 post
282 1569 425 1631 vincendi
437 1583 475 1631 et
498 1570 661 1650 superandi
679 1583 750 1630 sunt
768 1570 822 1643 iis,
842 1570 894 1650 qni
910 1570 1079 1630 rectissime
1105 1592 1217 1633 consu·
1319 1640 1322 1647 ,

80 1663 141 1730 luat:
155 1654 210 1728 illi,
229 1656 281 1735 qui
300 1677 336 1714 ex
354 1656 472 1717 inscitia
490 1669 542 1715 aut
559 1677 596 1716 ex
612 1655 808 1736 improbitate
827 1657 1039 1716 adversantur:
1056 1670 1127 1736 post
1145 1656 1218 1715 haee
1246 1679 1249 1686 ·

80 1758 155 1807 autem
171 1740 285 1814 omnia,
310 1763 385 1819 <aaut
398 1743 456 1801 iam
474 1743 679 1801 etdeeretum·
697 1741 812 1821 aliquid
829 1742 923 1802 luerit
941 1757 972 1802 et
989 1742 1047 1800 iam
1072 1741 1217 1801 conduci-

79 1831 123 1892 bile
140 1844 197 1888 esse
213 1826 343 1899 videtur,
361 1828 490 1908 spatium
510 1828 642 1887 dandum
658 1840 707 1886 est
720 1819 924 1887 multitudinis
936 1828 1089 1900 tenuitati,
1107 1827 1217 1906 inquo

79 1938 104 1977 ea
119 1909 291 1993 comparent,
318 1934 448 1991 quorum
467 1913 623 1995 indigent,
647 1925 683 1972 ut
701 1913 821 1972 decreta
841 1913 930 1973 etia'm
950 1912 1074 1991 exsequi
1091 1912 1217 1991 possint.
1289 1930 1297 1935 ·
1320 1918 1323 1923 ’

79 2000 127 2076 Qui
140 1999 224 2080 igitur
239 2009 376 2078 tempora
401 1999 524 2058 sustulit
541 1999 572 2056 in
590 1997 658 2070 t'ali,
684 1997 778 2076 qualis
797 1995 948 2080 apud'vos
968 2012 1033 2071 est,
1051 1998 1218 2078 republica,

72 2088 160 2146 'isuou
173 2096 306 2164 tempora
324 2083 457 2156 sustulit,
472 2104 549 2156 uon,
567 2082 619 2142 sed
638 2083 716 2164 ipsas
725 2085 869 2145 ‘actiones
884 2075 974 2165 plane
991 2083 1079 2143 vobis
1099 2082 1219 2164 eiipuit.

78 2171 130 2230 Etsi
137 2181 223 2229 autem
237 2170 269 2228 in
280 2182 402 2250 promtu
419 2181 464 2228 est
475 2170 621 2248 quaedam
633 2169 748 2249 iis,·qui
760 2191 815 2229 vos
831 2171 970 2251 decipere
986 2171 1104 2243 volunt,
1117 2168 1217 2229 omni-

78 2256 124 2317 bus
137 2253 234 2315 oratio:
258 2255 324 2328 llli,
351 2254 404 2334 qui
424 2255 573 2315 civitatem
592 2255 732 2327 turbant,
759 2256 812 2334 qui
829 2256 1004 2337 Philippum
1030 2255 1216 2337 reipublicae
1239 2253 1303 2313 254

79 2340 225 2401 benefacere
243 2340 425 2420 prohibent:
452 2341 488 2399 iis
507 2354 608 2401 tamen
628 2347 685 2422 c'go
704 2339 780 2398 nihil
805 2341 1016 2421 respondebo,
1041 2343 1095 2400 sed
1114 2342 1216 2401 literas

79 2426 147 2487 vobis
160 2424 285 2507 Philippi
303 2426 417 2508 legam,
436 2439 467 2485 et
483 2439 620 2507 tempora
638 2426 904 2508 singula,'quibus
924 2428 1043 2507 decepti
1062 2428 1151 2500 estis,
1168 2448 1218 2486 re-

80 2512 159 2594 digam
172 2510 252 2570 robis
270 2511 302 2570 in
320 2511 507 2585 memoriam,
525 2526 560 2573 ut
577 2511 694 2585 sciatis,
712 2511 856 2593 frigidum
875 2512 952 2572 illud
970 2530 1100 2586 nomen,
1119 2513 1154 2572 ad
1174 2513 1218 2572 sa-

80 2596 178 2658 stidium
192 2602 285 2677 usque
303 2598 477 2678 repetitum,
496 2597 684 2678 decipiendis
702 2596 789 2657 vobis
807 2597 893 2657 illum
912 2598 1122 2658 consumsisse.
1174 2622 1177 2627 ·

352 2750 593 2794 LITERAE
632 2747 911 2791 PlllLlPPI.

31 2904 39 2915 „
150 2847 214 2911 Cum
231 2850 324 2936 igitur
340 2867 401 2914 tam
419 2853 535 2935 turpia,
553 2865 614 2912 tam
633 2852 744 2925 multa,
770 2851 871 2910 omnia
890 2850 1022 2930 denique
1042 2864 1147 2911 eontra
1165 2872 1219 2910 vos
1260 2862 1264 2879 ¹

79 2937 251 3020 inlegatione
270 2941 471 3013 commiserit,
488 2939 600 3021 passim
618 2938 752 2998 dictitat:
789 2937 872 3012 Quid
891 2937 928 2996 ‹le
946 2937 1155 2998 Demosthene
1174 2949 1221 2996 est
1242 2936 1246 2940 ’

79 3021 229 3097 dicendum,
247 3025 302 3104 qui
322 3026 485 3110 collegatos
503 3025 645 3086 accuset?
664 3023 857 3096 Mehercule,
875 3023 937 3083 sive
955 3023 1061 3098 velim,
1079 3023 1142 3083 sive
1161 3043 1220 3081 ru:-¹
1252 3076 1254 3080 .

74 3107 136 3182 lim,
157 3111 302 3174 cuin‘simf
313 3124 344 3171 et
360 3124 408 3172 tot
425 3134 441 3170 a
460 3125 489 3172 te
508 3112 539 3171 in
558 3124 625 3171 toto
645 3110 754 3170 itinere
773 3110 891 3171 insidiis
909 3109 1078 3190 appetitus,
1097 3121 1128 3168 et
1146 3108 1220 3167 dua-.

77 3215 134 3252 run
146 3216 216 3255 aune
233 3196 308 3255 mihi
326 3204 428 3257 rerum
452 3199 541 3256 detur
554 3197 662 3278 opti0,
689 3209 741 3255 aut
757 3209 793 3255 ut
809 3196 914 3256 talium
940 3209 1076 3256 actorum
1102 3196 1220 3253 vestro-

77 3299 131 3337 rum
145 3281 235 3341 socius
254 3300 320 3364 esse
338 3283 450 3355 videar,
469 3294 520 3343 aut
533 3305 586 3342 vos
604 3295 638 3342 ut
651 3302 802 3341 accusem:
822 3303 878 3364 ego
898 3301 972 3340 vero
989 3293 1077 3340 tuum
1089 3299 1136 3339 me
1156 3278 1220 3339 eol·
1252 3278 1256 3285 “

77 3362 155 3446 legam
169 3365 258 3427 fnisse
277 3388 369 3451 nego,
390 3383 420 3429 et
432 3380 463 3427 te
479 3368 509 3426 in
529 3368 680 3450 legatione
699 3368 794 3426 multa
811 3386 874 3426 non
893 3367 1017 3426 serenda
1037 3366 1221 3448 designasse,

77 3459 105 3507 et
118 3471 145 3509 ea
159 3474 199 3513 me
216 3453 326 3514 fecisse
346 3454 425 3528 dieo,
445 3474 520 3534 quae
541 3467 641 3513 esseut
658 3452 843 3534 reipublicae
861 3452 1029 3512 utilissima.
1064 3451 1221 3510 Philocra-

76 3537 237 3615 tequidem
256 3540 375 3622 collega
394 3554 463 3601 tuus
480 3538 553 3612 suit,
577 3551 613 3597 ut
629 3551 663 3599 tu
683 3539 781 3611 illius,
809 3552 839 3598 et
857 3539 1013 3622 Phrynen·
1056 3542 1119 3597 Vos
1140 3535 1222 3596 enim

76 3619 120 3679 ista
139 3623 304 3704 agitabatis:
337 3627 392 3686 ista
410 3625 497 3686 robis
525 3623 665 3685 omnibus
693 3623 908 3704 probabantur.
944 3623 1004 3682 Ubi
1031 3635 1132 3683 autem
1157 3620 1231 3680 salt

75 3703 330 3774 obuersatum
356 3711 539 3773 libationes?
564 3712 632 3770 Hoc
659 3710 740 3770 enim
764 3710 874 3790 passim
900 3708 1014 3791 tragice
1033 3707 1221 3767 ‹lcclamitatz

76 3792 141 3869 quasi
155 3817 215 3855 non
241 3795 382 3858 homines
407 3797 511 3857 iniurii
534 3817 636 3856 rerum
660 3796 781 3856 illarum
808 3796 869 3856 sint
898 3795 1090 3877 proditores,
1116 3792 1171 3851 sed
1188 3791 1221 3862 it,

75 3876 115 3953 qui
129 3879 223 3941 allicio
240 3881 419 3967 funguntur.
454 3885 521 3964 Ego
541 3903 614 3943 vero
632 3883 714 3956 scio,
734 3903 787 3942 eos
806 3903 930 3955 omnes,
949 3881 1001 3960 qui
1020 3898 1154 3940 summae
1171 3897 1221 3935 re-

73 3980 124 4021 rum
145 3980 301 4045 praesunt,
334 3990 452 4050 semper
474 3989 539 4027 rem
565 3968 697 4027 divinam
721 3969 820 4027 lacere
844 3966 1063 4036 communiter,
1092 3976 1130 4022 et³
1147 3984 1221 4023 con-

74 4066 178 4110 coenare
200 4053 282 4112 iuter
299 4076 347 4128 se,
375 4068 404 4115 et
420 4077 481 4115 uua
498 4055 610 4115 libare:
635 4073 737 4133 neque
754 4066 855 4114 tamen
879 4065 1039 4134 propterea
1066 4048 1141 4108 boni
1159 4070 1223 4109 ma·
1286 4073 1292 4082 ⁴

73 4129 107 4191 los
128 4135 304 4213 imitantur,
320 4141 392 4213 sed,
417 4140 441 4199 si
466 4157 557 4220 quem
582 4153 707 4199 suorum
736 4139 769 4197 in
791 4140 926 4200 facinore
953 4134 1224 4217 deprehenderint,

72 4220 133 4313 tptjd
154 4235 289 4284 senatum
308 4237 339 4285 et
355 4226 502 4306 populum
527 4226 678 4286 deserunt
722 4225 850 4286 Senatus
876 4225 949 4284 item
976 4220 1148 4281 eommunia
1175 4243 1221 4280 sa·
1306 4260 1319 4285 ,-

72 4305 209 4368 erahabet
226 4310 445 4392 auspiciorum,
472 4306 644 4374 communia
663 4310 816 4383 comitia,
834 4331 898 4369 una.
914 4307 1025 4378 libant,
1053 4326 1112 4366 una
1130 4305 1221 4365 sacri:
1287 4367 1289 4371 ,
1321 4382 1326 4389 ι

71 4385 151 4452 itam.
160 4394 268 4470 duces,
291 4416 395 4477 parum
412 4388 530 4473 abest,
542 4399 615 4478 quin
634 4398 838 4481 magistratus·
851 4394 948 4455 dicam
968 4413 1082 4453 ornnes.
1107 4391 1222 4451 -sNunn
1322 4456 1325 4461 ⁵
