2722 4754
353 172 360 189 ‘
444 182 932 268 χιιιΑι>ιιοιιιιιιῑι..,ι
1003 187 1052 280 Ἰ
1183 176 1260 256 ἰιι

85 343 172 442 pisse
197 343 255 424 ipsi
280 363 312 402 se
338 345 531 419 confitentur,
550 336 695 426 'quaeque
719 347 793 407 istos
818 347 930 408 habere
954 349 1077 407 necesse
1103 357 1156 410 est.
1191 347 1260 407 Hoc

40 486 48 498 ⁴
83 427 201 510 igitur,
230 429 347 488 etiamsi
372 430 496 509 reliquis
524 431 665 509 omnihus
689 432 879 506 fraudarent,
906 453 937 492 se
963 431 1076 491 habere
1102 444 1260 513 negantes,

81 513 220 573 reddere
239 513 469 578 conveniebat:
493 514 645 593 siquidem
661 515 742 577 haud
758 516 869 576 infitias
889 529 979 615 eunt,
1013 517 1063 576 illa
1082 517 1119 576 de
1137 537 1219 576 meo·
1226 535 1266 576 se,

83 599 249 683 accepisse.
269 598 359 670 Nunc
377 617 449 658 vero
469 599 547 683 quid
560 601 695 662 faciunt?
714 603 841 660 Usuram
859 601 1006 681 pecuniae
1023 599 1137 661 nullam
1148 591 1283 683 profe-

83 695 172 757 runt,
195 696 383 762 sortemque
380 702 512 742 omnem
529 706 589 743 una
608 706 676 744 cum
695 684 884 766 septuaginta
903 698 1019 764 septem
1031 687 1126 745 minis
1146 707 1285 788 erpen

83 789 152 829 sam
175 767 253 829 mihi
276 768 394 828 ferunt
427 768 501 847 quin
510 766 708 868 Demophon
732 788 788 829 nos
813 769 938 849 insuper
963 769 1106 829 dehere
1097 773 1257 872 mscripsit.

82 852 226 912 Nonne
216 865 273 912 asta
292 866 337 913 est
354 873 462 934 magna
480 866 512 912 et
527 853 655 934 insignis
674 853 881 933 impudentia?
898 854 948 934 An
967 853 1129 941 quicquam
1147 857 1210 916 ad
1200 880 1257 919 rm·
1283 863 1324 919 10

81 958 207 998 mensas
226 937 330 997 sordes
349 949 379 994 et
393 937 586 1016 rapacitatem
604 938 690 998 istam
707 938 780 998 addi
797 935 909 1017 queat?
927 937 1013 1021 Quid
1017 928 1149 998 tandem
1167 963 1257 1022 grave

82 1044 121 1082 ac
139 1022 301 1104 indignum
318 1020 537 1094 videbitur,
512 1042 538 1078 ιι
561 1021 618 1082 ista
641 1035 702 1082 tarn
725 1022 871 1082 immensa
896 1034 926 1081 et
948 1021 1100 1082 immania
1107 1026 1208 1108 gravia
1227 1039 1257 1086 et
1296 1095 1299 1099 Δ
1322 1081 1326 1087 .

82 1106 214 1188 indigna
231 1125 295 1164 non
312 1105 517 1165 videbuntur?
535 1107 622 1165 Iste
613 1108 707 1188 igitur
723 1127 780 1188 pro
799 1111 865 1167 sese
883 1106 979 1166 minas
998 1119 1120 1169 centum
1140 1121 1169 1170 et
1185 1123 1255 1170 octo

15 1222 20 1231 ·
82 1212 119 1253 se
147 1189 307 1290 accepisse
299 1190 505 1289 confitetur,
533 1211 604 1269 quas
632 1205 662 1251 et
686 1192 765 1272 ipsas
791 1191 882 1252 habet
906 1204 937 1250 et
961 1192 1101 1252 decennii
1124 1183 1270 1269 usuram,

83 1295 167 1356 qnae
190 1275 247 1333 tria
271 1275 398 1333 maxime
421 1275 534 1334 talenta
558 1287 588 1335 ct
613 1276 694 1334 mille
714 1274 868 1336 drachmas
892 1276 1066 1341 conficiunt.
1100 1278 1183 1341 Haec
1206 1299 1255 1339 me

37 1390 57 1399 -
81 1382 160 1422 vere
179 1359 295 1432 dicere,
321 1372 351 1418 et
373 1360 405 1418 in
424 1359 536 1418 tutelae
555 1360 724 1420 rationibus
740 1381 1008 1440 unumquemque,
1034 1374 1151 1425 tanturn
1171 1383 1254 1423 emo
1272 1390 1302 1436 ᾗ,

84 1443 218 1511 lumenti
235 1464 268 1501 se
286 1445 436 1542 accepisse
456 1443 669 1542 confitentem,
698 1445 880 1538 universnm
898 1466 1075 1526 expensum
1070 1447 1171 1508 mihi
1174 1448 1254 1508 serre
1304 1522 1307 1530 Ι

83 1530 141 1592 uti
154 1527 285 1590 constet:
305 1529 406 1609 accipe
424 1528 597 1588 testimonia
616 1543 647 1590 et
657 1530 765 1590 recita.

392 1676 394 1680 ’
492 1672 856 1749 Tnsulntonln.

136 1773 142 1821 ἕ
175 1782 316 1863 Arbitror
333 1772 443 1864 igitur,
461 1781 597 1856 ludices,
616 1783 699 1862 quod
717 1783 754 1842 ad
772 1782 847 1844 hacc
865 1782 983 1856 attinet,
1000 1805 1055 1845 vos
1074 1783 1144 1845 satis
1162 1784 1254 1846 intel-

41 1903 44 1909 ·
88 1868 210 1942 lenisse,
227 1880 292 1928 tum
311 1886 401 1944 quam
420 1867 513 1925 multa
530 1867 680 1942 iurentur,
697 1881 762 1927 tum
781 1867 891 1948 quibus
910 1868 1002 1928 malis
1014 1869 1129 1930 artibus
1148 1890 1253 1930 eorum

86 1952 298 2033 unusquisque
315 1963 426 2010 utatur
469 1952 571 2030 Atque
591 1953 664 2012 haec
682 1952 902 2033 cognovissetis
921 1955 1104 2026 accuratius,
1134 1977 1161 2014 st
1151 1954 1254 2014 mihi
1321 2009 1328 2016 .

84 2049 301 2097 testamentum
325 2058 341 2094 a
364 2047 448 2115 patre
466 2035 631 2095 relictum
623 2037 673 2095 rsti
689 2037 817 2095 reddere
835 2032 1011 2096 voluissent
1040 2036 1157 2096 Nam
1141 2061 1173 2096 ιιι
1198 2038 1253 2099 illo
1316 2059 1327 2090 ·.

84 2121 254 2202 perscripta
271 2121 412 2192 fuerunt,
430 2131 466 2177 ut
482 2141 547 2179 mea
566 2134 661 2180 mater
678 2121 823 2193 affirmat,
846 2121 963 2193 omnia,
983 2142 1073 2199 quae
1078 2134 1164 2200 pater
1180 2121 1252 2190 reli·
1289 2159 1291 2162 ·

85 2206 179 2285 quit,
201 2218 231 2265 et
254 2205 335 2264 un'dc
360 2203 484 2286 legata
475 2202 539 2263 istis
558 2205 747 2284 accipienda,
775 2216 806 2264 et
824 2205 944 2282 quanti
949 2164 1057 2264 domus
1085 2218 1165 2265 esset
1188 2206 1253 2266 elo-

85 2290 190 2351 canda
226 2288 315 2349 Nunc
333 2309 381 2347 me
399 2288 515 2347 tabulas
533 2303 728 2368 reposcente,
748 2289 867 2348 relictas
888 2309 953 2348 esse
971 2289 1105 2375 fatentur
1121 2289 1166 2348 illi
1185 2290 1252 2369 qui
1260 2287 1265 2293 ’

54 2393 63 2415 ⁸
84 2375 179 2448 dem,
185 2372 306 2434 sedeas
325 2393 389 2431 non
406 2372 571 2452 proferunt
590 2374 717 2432 Faciunt
734 2385 834 2433 autem
853 2372 922 2445 hoc,
939 2386 1003 2432 turn
1023 2367 1104 2452 qnia,
1123 2386 1259 2452 quantae-

15 2467 19 2475 '
85 2480 161 2553 opes
180 2458 242 2518 sint
258 2458 396 2529 relictae,
416 2478 488 2536 quas
507 2457 564 2538 ipsi
583 2458 790 2538 deripuerunt,
812 2457 910 2537 palam
927 2458 1025 2517 facere
1045 2457 1169 2531 nolunt,
1187 2468 1253 2518 tum

42 2600 52 2615 ,
84 2565 124 2602 ne
144 2543 256 2603 habere
275 2543 372 2624 legata
389 2541 566 2614 rideantur,
597 2543 680 2621 quod
698 2540 837 2622 alioquin
852 2541 916 2620 ipsa
933 2546 966 2600 r'e
985 2540 1071 2601 lacile
1091 2541 1252 2603 convince-

31 2704 34 2711 ,
84 2641 200 2689 rentur.
244 2622 325 2708 Cape
343 2625 532 2699 testimonia,
551 2628 706 2707 quomodo
724 2625 955 2706 responderint,
973 2648 1006 2686 ac
1024 2626 1126 2689 recita.

492 2772 849 2821 TESTIMONNJIA
911 2741 915 2753 =

141 2898 144 2902 ’
165 2868 231 2939 'nic
249 2873 467 2939 testamentum¹
483 2899 547 2939 esse
566 2879 678 2939 sactum
697 2881 754 2952 ait,
775 2892 806 2938 et
824 2880 884 2937 dno
903 2879 1016 2938 talenta
1033 2877 1254 2976 Demophonti,

23 2969 27 2976 “
78 2976 117 3024 ct
136 2965 291 3046 octoginta
309 2965 404 3024 minas
423 2964 472 3023 isti
491 2984 556 3023 esse
576 2966 657 3024 datas
675 2977 809 3024 testatur
854 2963 914 3037 Sed
939 2963 1130 3045 septuaginta
1147 2961 1255 3035 minan,

29 3090 34 3102 ·
86 3051 161 3128 q'nas
181 3049 381 3130 Therippides
401 3050 567 3129 acceperit,
594 3063 629 3109 nt
648 3062 678 3108 et
696 3069 841 3108 summam
859 3047 982 3107 relictae
1000 3047 1194 3147 hereditatis,
1212 3059 1253 3119 et,

86 3155 149 3213 quo
166 3146 256 3214 pacto
276 3135 383 3193 domus
404 3135 547 3194 elocanda
565 3135 620 3208 sit,
639 3135 821 3214 adscriptum
840 3152 905 3192 esse
924 3145 1030 3233 negat:
1048 3153 1106 3194 nec
1124 3132 1206 3199 enim
1224 3128 1253 3190 ei

86 3220 223 3300 expedit,
242 3219 317 3278 hacc
336 3220 425 3279 etiam
445 3216 591 3279 confiteri.
628 3215 707 3300 Cape
727 3232 759 3278 et
776 3217 863 3278 istius
881 3217 1100 3278 testimoninm

490 3360 849 3414 TESTIMONIA.

170 3472 257 3532 Hic
249 3493 347 3552 rpsum
367 3471 489 3551 quidem
506 3486 722 3533 testamentum
740 3493 804 3532 esse
822 3473 933 3531 factum
952 3465 1083 3542 asserit,
1092 3478 1128 3527 ut
1145 3434 1253 3551 argen-

85 3569 150 3616 tum
177 3558 216 3616 de
241 3577 308 3615 aere
335 3569 365 3615 ct
390 3558 466 3636 galla
488 3559 647 3616 redactum
654 3557 869 3637 ,Therippidae
894 3556 1088 3627 redderetur,
1119 3549 1238 3630 quod
1227 3570 1255 3608 rs

84 3655 195 3723 negat,
222 3654 252 3701 et
277 3643 340 3700 duo
362 3641 473 3700 talenta
491 3643 708 3723 Demophonti.
742 3644 789 3703 De
813 3641 860 3700 his
884 3660 973 3740 vero,
1001 3637 1163 3720 quaesibi
1187 3636 1254 3694 data
1282 3637 1319 3693 11

83 3727 164 3800 sint,
196 3727 357 3806 scriptum
362 3727 484 3804 quidem
504 3746 569 3785 esse
587 3728 645 3800 ait,
671 3747 703 3786 se
721 3747 793 3786 vcro
811 3725 1003 3787 consensisse
1021 3736 1129 3822 negat,
1160 3733 1252 3780 utne

15 3823 17 3827 ’
84 3811 238 3910 accepisse
266 3811 410 3871 videatur.
460 3813 614 3884 Quantum
642 3825 741 3872 autern
768 3833 876 3918 ιιιιιιιιι
886 3811 1024 3871 relictum
1051 3806 1183 3878 suerit,
1195 3804 1253 3864 iste

86 3896 214 3956 omnino
236 3918 298 3974 non
318 3891 464 3967 declarat,
496 3916 529 3955 ac
546 3917 585 3955 ne
605 3897 711 3955 domus
732 3897 854 3975 quidem
862 3880 1091 3956 elocationem:
1126 3912 1195 3950 narn
1213 3907 1254 3948 ne

85 3982 115 4040 ei
133 3976 261 4060 quidem
279 3982 399 4059 expedit
417 3981 490 4040 haec
509 4002 632 4063 quoque
651 3981 797 4040 confiteri.
829 3981 934 4040 Nihilo
953 3981 1053 4039 minus
1071 3991 1183 4038 tamen
1188 3995 1253 4034 arn

83 4067 205 4147 plitudo
225 4064 401 4125 hereditatis
421 4079 467 4125 est
485 4067 624 4139 evidens,
652 4087 831 4157 quamquam
835 4067 902 4125 isti
916 4087 981 4124 rein
999 4047 1176 4141 familiarem
1190 4059 1252 4121 dis

86 4149 287 4223 simulant,-
284 4171 319 4209 ex
337 4163 535 4211 testamento:
570 4165 631 4252 qno
654 4153 769 4211 tantam
787 4150 845 4210 sihi
863 4149 1021 4232 pecuniam
1038 4148 1167 4229 legatam
1185 4161 1251 4205 esse

86 4236 218 4297 invicem
224 4236 430 4309 confirmant
474 4237 536 4311 Qui
569 4237 649 4296 enirn
675 4237 712 4295 de
739 4249 871 4316 quatuor
894 4234 1015 4294 talentis
1042 4245 1072 4292 et
1097 4244 1158 4292 ter
1168 4229 1252 4289 mille

88 4316 238 4382 drachmis
256 4321 313 4379 tria
330 4321 441 4380 talenta
461 4321 555 4382 ethis
574 4321 655 4382 mille
675 4322 828 4383 drachmas
847 4321 964 4409 dotem·
968 4316 1077 4414 alteris·
1089 4315 1190 4390 dedit,
1208 4314 1251 4374 al-
