2722 4754
123 156 208 237 'saa
267 178 272 185 ’
388 171 778 240 osnozsrnsnrs
820 174 1041 238 nesano

125 327 247 391 studita
270 325 524 386 auscultationem
545 340 718 401 mereatur,
743 329 796 388 sed
815 329 948 412 singulas
966 353 990 390 a
1000 331 1060 391 reis
1079 327 1251 390 sexcenties
1270 330 1313 390 in-

145 414 283 474 sulcatas
317 411 422 493 Atque
439 411 528 470 etiam
547 433 563 470 e
581 414 754 473 senioribus
759 415 881 488 audio,
900 415 1034 489 ludices,
1053 416 1198 476 violatori
1215 415 1313 498 legum

20 527 52 570 χ
98 542 102 548 -
147 498 223 559 nibil
244 497 369 557 omnino
381 497 529 596 'cuiquam
550 499 738 559 esseveniae
758 499 969 560 tribuendum:
995 502 1042 560 sin
1063 523 1219 582 quippiam
1238 501 1312 560 lorte

59 588 61 592 ’
108 603 112 610 ·
146 583 201 655 ιί1,
220 603 283 640 ιιοιι
308 583 501 643 continenter
525 583 690 683 improbis,
715 595 841 664 propter
866 584 1023 653 sordidum
1050 599 1210 665 quaestum
1235 585 1314 666 leges

87 678 88 681 ’
144 667 376 749 aspernantibus
394 666 508 750 (neque
528 669 608 728 enim
626 670 670 727 las
689 667 758 749 est),
777 669 856 729 sed
849 669 902 741 ris,
920 671 973 749 qui
992 692 1028 730 ex
1045 671 1198 751 imperitia
1216 692 1313 729 rerum

96 788 100 792 ·
145 754 272 834 scriptas
290 752 502 834 alicubileges
520 754 609 813 inviti
627 754 824 835 neglexerint.
859 755 999 828 Quorum
1018 757 1110 815 istum
1130 776 1197 814 esse
1215 755 1315 814 Tbeo-

147 840 261 899 crinem
281 856 370 921 uerno
390 838 515 912 dixerit,
542 852 707 917 contraque
726 839 757 897 in
775 839 878 921 legum
897 840 1032 898 omnium
1052 841 1233 921 cognitione
1251 861 1314 898 ver-

146 915 337 984 satissimum.
372 924 474 997 Quare
494 925 660 983 cavendus·
654 936 723 997 est,
742 938 843 1004 neq'ne
860 924 908 984 vel
927 925 973 983 ad
982 944 1059 997 mea,
1075 925 1171 984 tel
1143 947 1210 985 erus
1228 925 1314 984 verba

145 1009 378 1090 respiciendum.
413 1007 520 1086 Neque
541 1009 620 1067 enim
639 1030 769 1087 aequum
790 1023 853 1082 est,
870 1021 923 1081 ut,
943 1009 994 1087 qui
1013 1030 1068 1089 pro
1088 1009 1192 1092 legum
1213 1010 1313 1071 delen-

145 1097 233 1157 sione
253 1095 379 1165 adsunt,
405 1093 530 1173 prolixis
555 1092 665 1151 fabulis
689 1107 719 1152 et
742 1093 1004 1154 criminationibus
1028 1095 1197 1175 praebeant
1222 1116 1315 1168 aures,

84 1205 104 1217 'f
130 1179 239 1241 ‘sed”
219 1201 266 1250 ιιι,
284 1199 361 1256 quae
380 1177 480 1237 facile
487 1199 591 1237 omnes
610 1179 818 1256 assequamini.
850 1181 952 1254 Quare
969 1180 1138 1281 perspicuis
1158 1180 1314 1240 verbisne

147 1287 217 1326 eum
236 1265 433 1346 interrogate,
451 1275 486 1321 ut
504 1263 646 1322 omnibus
666 1264 780 1323 civibus
800 1265 877 1323 bane
894 1264 985 1324 delat
964 1279 1089 1339 tionem,
1110 1267 1152 1325 ita
1171 1266 1218 1324 uti
1236 1265 1313 1347 leges

145 1349 313 1451 postulant,
331 1349 478 1408 indicasse
498 1348 673 1408 videamini:
692 1349 820 1423 Quid
787 1372 860 1422 ¹·ars,
864 1348 1045 1422 lbeoerine,
1064 1368 1183 1431 vosque
1203 1370 1312 1432 omnes,

147 1459 204 1516 qut
192 1435 327 1495 iisdem
345 1432 502 1493 constricti
520 1433 591 1492 estis
611 1433 809 1494 criminibus?
843 1434 923 1493 Num
942 1436 1137 1516 postulatis,
1135 1449 1181 1495 ut
1199 1436 1251 1515 qui
1269 1458 1312 1496 sa-

74 1586 80 1591 ,
146 1533 302 1582 cremento
322 1519 418 1578 adacti
436 1540 556 1590 sumus,
581 1540 638 1577 nos
664 1521 830 1578 secundum
850 1520 933 1601 leges
957 1521 1229 1601 pronuntiaturos,
1246 1542 1313 1601 pro-

145 1619 215 1688 pter
231 1618 360 1664 vestram
380 1603 584 1680 eloquentiam
603 1615 708 1662 eontra
727 1606 845 1663 easdem
865 1606 1082 1665 decernamus?
1107 1605 1217 1678 Nobis,
1234 1605 1312 1664 ludi-

84 1752 86 1761 ,
148 1711 215 1765 ees,
235 1703 266 1749 et
283 1689 386 1748 Micon
404 1688 613 1747 testimonium
634 1689 726 1785 dixit,
752 1711 842 1769 quem
860 1691 1047 1750 Tbeocriaes
1067 1691 1233 1749 indicatum
1250 1711 1311 1749 non

63 1777 124 1840 3⁴9
147 1788 198 1837 est
211 1785 407 1855 persecutns,
424 1773 577 1852 istumque
597 1773 750 1854 coarguit:
776 1788 806 1834 et
823 1775 918 1834 scriba
937 1775 1064 1847 latetur,
1084 1797 1116 1834 se
1136 1775 1202 1835 ab
1193 1789 1251 1834 isto
1269 1775 1312 1833 in-

133 1861 331 1934 dicationem
356 1859 527 1938 accepisse·
551 1872 581 1919 et
604 1859 765 1918 recitatum
781 1860 872 1939 paulo
888 1873 960 1918 ante
987 1860 1201 1919 testimonium
1227 1860 1312 1918 istum

148 1944 294 2008 convicit:
320 1956 351 2002 et
367 1944 427 2002 lori
447 1944 536 2002 etiam
556 1956 725 2016 curatores,
745 1965 832 2026 aegre
851 1943 896 2002 illi
915 1944 1055 2023 quidem,
1075 1947 1250 2004 sed'tamen
1268 1966 1313 2003 ea-

148 2033 234 2105 dem,
252 2050 335 2113 quae
348 2029 565 2101 bi,·testilicati
583 2041 668 2088 sunt:
698 2030 800 2108 etqui
824 2028 1040 2089 indicationem
1066 2031 1254 2130 propositam
1272 2029 1312 2088 vi-

147 2119 284 2187 derunt,
296 2115 410 2194 quique
429 2116 467 2173 ad
484 2127 639 2194 praetores
664 2127 871 2185 accesserunt,
896 2113 955 2173 tale
972 2115 1184 2174 testimonium
1203 2117 1312 2186 dieunt,

148 2201 244 2282 quale
256 2200 347 2280 paulo
366 2211 434 2257 ante
453 2198 617 2271 audivistis.
653 2199 764 2272 Quid
756 2199 866 2297 agitur·
867 2198 934 2258 fieri
953 2206 1044 2279 queat
1061 2198 1216 2280 iniquius,
1235 2200 1312 2258 ludi-

149 2307 210 2386 ces,
228 2306 318 2385 quam
337 2283 362 2342 si
380 2278 470 2342 istum
490 2282 701 2343 absolveritis?
734 2284 799 2343 Nec
818 2283 901 2342 enim
915 2286 1054 2364 prolecto
1073 2299 1199 2366 propter
1216 2306 1311 2344 mores

149 2371 194 2431 rei
218 2370 371 2447 vitamque
396 2382 447 2427 ant
436 2381 561 2427 teactam
587 2368 672 2426 falsa
679 2389 751 2427 esse
769 2369 827 2427 iam
853 2369 931 2427 lecta
952 2370 1127 2429 testimonia
1154 2370 1312 2450 putabitis.

112 2473 113 2476 ’
149 2477 219 2516 ιιιιιι
237 2454 327 2514 talem
347 2475 412 2513 esse
431 2452 643 2526 Tbeocrinem,
663 2473 679 2510 c
697 2455 833 2513 moribus
851 2454 948 2512 multo
968 2455 1079 2537 magis,
1098 2477 1185 2535 quam
1205 2476 1241 2513 ex
1256 2455 1312 2526 bis,
1331 2455 1336 2464 ’

78 2614 84 2618 ,
147 2552 227 2620 ‘quae
248 2539 431 2611 dictasunt,
457 2539 563 2604 elucet
597 2537 680 2612 Quid
699 2539 778 2597 enim
804 2539 1006 2618 praetermisit
1023 2541 1097 2614 iste,
1122 2541 1206 2620 qnod
1223 2539 1311 2599 homo

46 2682 58 2701 χ
127 2623 306 2705 ιἰιιιριὊΙιιιι
326 2638 357 2684 et
375 2623 573 2683 calumniator
597 2623 696 2683 lacere
714 2624 830 2704 possit?
865 2625 980 2684 Annon
1005 2638 1134 2705 propter
1157 2624 1243 2683 istius
1260 2625 1310 2683 im-

116 2736 123 2741 ·
148 2710 332 2791 probitatem
357 2709 450 2768 irater
468 2709 548 2780 eius,
574 2730 641 2767 cum
657 2709 765 2768 Sexvir
789 2721 884 2782 esset,
912 2731 1042 2788 cumque
1067 2709 1156 2770 istius
1183 2710 1309 2769 consiliis

148 2808 304 2868 uteretur,
322 2794 390 2868 talis
409 2795 488 2874 apud
506 2814 559 2852 vos
579 2793 671 2873 bomo
690 2794 771 2853 visus
791 2806 851 2866 est,
868 2805 914 2871 ,nt
931 2793 993 2852 non
1013 2795 1077 2875 ipse
1096 2796 1197 2854 solum
1215 2795 1309 2875 repul-

111 2917 129 2943 «.
149 2903 212 2942 sam
239 2879 359 2951 tulerit,
387 2880 458 2948 sed
466 2890 496 2937 et
519 2876 695 2939 universum
720 2879 928 2962 magistratum
948 2879 985 2936 in
1012 2881 1140 2940 eandem
1168 2880 1309 2939 calamita-

149 2978 212 3026 tem
225 2963 417 3024 coniecerit?
443 2963 554 3062 Qui
523 2963 597 3023 nrsi
601 2977 748 3037 orassent,
767 2977 797 3023 et
813 2963 1042 3044 supplicassent,
1061 2986 1094 3024 ac
1113 2965 1308 3024 Tbeocrinem

88 3108 91 3113 .
130 3047 293 3110 'accedere
312 3048 348 3107 ad
372 3040 595 3136 magistratum
604 3049 717 3108 desisse
743 3049 904 3121 dixissent,
927 3070 1044 3129 vosque
1062 3050 1173 3130 placati
1192 3060 1309 3109 ’coronas

90 3183 98 3200 s
120 3177 124 3182 -
151 3136 194 3194 eis
213 3133 445 3193 restituissetis.·
458 3114 637 3214 collegae
611 3155 804 3196 erussumma
822 3134 988 3216 ignominia
1008 3148 1112 3194 essent
1130 3134 1239 3194 allecti
1254 3135 1309 3193 Ne-

84 3229 89 3238 ‘
150 3240 223 3301 que.
236 3238 308 3277 vero
334 3218 404 3279 ullis
427 3217 502 3274 milri
527 3217 709 3279 testimoniis
737 3231 806 3278 est
797 3239 885 3298 opus
909 3220 988 3299 apud
1014 3242 1090 3280 vos·
1117 3219 1202 3279 scitis
1206 3219 1310 3298 enim,

149 3325 258 3365 omnes
276 3303 433 3375 Servitus,
448 3324 505 3380 qut
496 3289 648 3384 Lycisco
666 3316 804 3382 praetore
816 3304 956 3376 suerunt,
973 3292 1101 3385 propter
1118 3304 1211 3366 istum
1230 3325 1310 3385 apo-

72 3380 80 3392 ‘
150 3390 224 3491 pulo
248 3389 341 3458 fuisse
366 3387 562 3486 improbatos.
589 3388 746 3462 Quibus
736 3411 769 3446 ιιι
795 3389 967 3452 memoriam
993 3390 1161 3462 revocatis,
1188 3391 1338 3448 eundem¹

74 3498 76 3504 ⁴
106 3483 110 3490 “
148 3477 243 3536 istum
262 3495 326 3533 esse
345 3495 436 3546 nunc,
456 3472 590 3552 quitum
609 3473 677 3544 suit,
696 3472 864 3532 existimare
883 3474 1008 3535 debetis
1032 3475 1167 3546 Deinde,
1185 3495 1247 3534 non
1265 3475 1310 3533 din

108 3629 111 3635 λ
148 3571 230 3640 post
238 3559 388 3638 repulsam
407 3557 543 3617 fratre'
516 3579 580 3640 erus
607 3557 739 3616 niolenta
766 3570 863 3615 morte
880 3556 1034 3636 peremto,
1061 3560 1119 3618 iste
1137 3559 1180 3618 ita
1199 3580 1230 3618 se
1249 3579 1311 3640 erga

91 3660 97 3664 ·
149 3646 236 3704 illum
255 3645 358 3731 gessit,
376 3657 411 3703 ut
429 3656 459 3702 et
469 3664 541 3744 teos,
559 3666 613 3723 qm
604 3643 751 3702 caedem
769 3641 918 3740 fecerant,
927 3643 1111 3722 quaesierit,
1131 3657 1162 3703 et
1181 3665 1310 3724 comper-

149 3741 210 3802 tos,
228 3743 348 3809 accepta
367 3728 512 3807 pecunia,
538 3727 692 3788 dimiserit
725 3726 772 3785 Ac
791 3727 997 3808 magistratum
1017 3730 1158 3807 quidem,
1186 3750 1247 3808 qno
1265 3728 1311 3788 ille

149 3815 280 3897 fungens
300 3812 466 3896 (sacrificus
485 3826 584 3872 autem
602 3812 716 3894 suerat)
735 3812 894 3885 occubuit,
912 3827 1016 3875 contra
1035 3814 1147 3896 leges
1139 3827 1198 3873 rste
1217 3814 1312 3896 gessit,

96 3892 98 3897 ¹
149 3922 251 3983 neque
268 3899 430 3958 sortitrone
448 3899 542 3972 facta,
560 3921 663 3978 neque
686 3897 915 3957 subsortitione.
950 3899 1033 3958 lllius
1052 3919 1125 3958 vero
1146 3921 1248 3959 casum
1265 3898 1312 3957 ha

150 3998 257 4045 etenus
282 3984 408 4066 indigne
431 3984 517 4055 tulit,
543 3999 578 4046 nt
602 3984 711 4064 passim
739 3978 951 4062 quiritaretur,
977 4005 1071 4063 seque
1096 3978 1336 4044 Demochareni·

112 4062 120 4076 Χ
150 4072 230 4149 apud
239 4070 442 4169 Areopagum
463 4069 631 4128 delaturum
650 4069 861 4149 profiteretur,
879 4070 977 4128 donec
994 4091 1062 4127 cum
1081 4068 1135 4143 iis,
1155 4070 1266 4148 quibus
1283 4088 1313 4128 ca

140 4157 256 4227 ,caedes
276 4154 395 4214 crimini
414 4153 549 4254 dabatur,
567 4154 770 4236 transegisset.
804 4149 995 4212 Bonusne
967 4176 1013 4213 var
1030 4166 1076 4212 est
1095 4166 1128 4213 et
1146 4155 1268 4214 alienus
1280 4153 1312 4213 ab

64 4298 68 4316 λ
150 4239 304 4299 avaritia?
327 4240 425 4303 Nec*
411 4261 481 4321 ipse
513 4240 613 4299 dicere
650 4251 748 4319 queat.
782 4237 846 4298 Nec
871 4238 950 4297 enim
979 4239 1006 4296 ei
1032 4251 1092 4297 tarn
1122 4240 1226 4301 multis
1253 4245 1313 4298 esse

49 4347 54 4352 ·
115 4376 121 4389 „
152 4321 397 4404 opus.oportere
422 4325 546 4398 dicunt,
571 4325 623 4404 qui
641 4324 721 4392 inste
740 4337 771 4385 et
788 4325 944 4402 moderate
968 4324 1189 4405 rempublicam
1207 4325 1248 4395 sit
1264 4345 1312 4407 ge-
