2722 4754
71 157 73 161 ’
148 193 280 268 164³·
376 164 1021 335 ἰιιιιιοιιιιιιιιιοιιιιιο

146 383 206 443 que
225 359 350 421 maxima
369 372 399 419 et
416 358 528 439 prima',
552 371 587 418 nt
597 379 695 418 nemo
713 371 860 433 vestrum,
884 357 1002 458 siquid
1020 336 1068 416 me
1087 356 1241 428 dicentem
1260 374 1314 419 au-

147 447 237 509 dierit
256 457 367 505 efacta
385 456 591 536 accusantem,
623 444 753 518 diffidat,
785 444 904 524 idque
895 444 1034 522 iniquum
1053 455 1084 501 et
1101 442 1315 521 importunum

147 552 213 592 esse
219 543 335 628 putet,
360 550 410 601 ac,
437 549 506 586 cur
514 539 579 587 tum
602 529 653 588 illa
672 548 740 589 non
760 529 918 589 dixerim
908 551 940 587 ιιι
963 549 996 586 ιι
1021 527 1183 626 praesenti
1202 539 1233 585 et
1257 544 1318 584 tos
1351 557 1352 560 ¹

146 614 320 685 docuerim,
339 612 523 683 demiretur:
556 615 611 673 sed
627 614 888 694 pollicitationes
879 626 1007 673 istorum
1021 611 1216 685 ιιιιιιιιιιιιιι,
1243 610 1316 690 qui·
1343 682 1347 687 ,

90 767 94 775 ,
146 701 202 760 bus
220 697 358 797 singulis.
364 690 563 797 temporibus
569 712 691 757 utentes
708 699 828 758 dicendi
846 698 987 757 facultate
1006 696 1080 756 alios
1099 696 1316 767 excludebant,

147 797 179 845 et
195 781 452 861 renuntiationem
476 781 563 844 istius
581 783 762 862 praeclaram
780 783 879 856 illam,
908 795 943 841 ut
961 782 1082 880 sciatis,
1104 795 1226 861 praeter
1244 800 1314 839 cae-

146 880 227 930 tera
236 867 338 928 omnia
362 868 452 928 etiam
478 867 554 926 hanc
575 867 617 934 ‘ab
642 867 696 927 illo
713 867 800 928 vobis
819 889 884 929 esse
909 866 1049 926 laetam
1041 865 1199 938 rniuriam,
1227 864 1315 945 quod

145 975 251 1014 verum
269 952 369 1013 statim
389 965 428 1025 et,
447 973 514 1011 cum
534 971 610 1030 opus
629 965 703 1024 erat,
720 951 823 1014 audire
838 950 989 1050 prohibiti
1005 951 1089 1024 estis,
1111 973 1171 1050 spe¹
1184 963 1215 1010 et
1229 949 1312 1009 sucis

145 1052 178 1101 et
194 1036 465 1118 pollicitationibus
483 1036 609 1117 decepti
643 1036 812 1095 Primum
804 1038 898 1117 igitur
916 1037 987 1108 bae,
1006 1048 1037 1095 et
1055 1056 1089 1113 ca
1106 1035 1313 1115 potissimum,

146 1145 205 1205 qua
224 1123 301 1194 dixi,
319 1122 413 1202 gratia
432 1120 505 1179 haee
523 1121 763 1195 commemoravi
795 1121 915 1181 Deinde
942 1121 1069 1199 quadam
1089 1133 1120 1179 et
1138 1122 1192 1179 hac
1211 1119 1312 1179 nihilo

56 1212 59 1217 ’
144 1208 264 1286 minore
282 1208 319 1265 de
339 1227 442 1279 causa,
476 1217 512 1264 ut
530 1205 611 1280 eius,
645 1219 806 1285 antequam
825 1217 1071 1284 corrumperetur
1087 1194 1313 1287 largitionibus,

146 1293 318 1353 institutum
337 1292 368 1350 in
386 1289 540 1370 republica
557 1291 723 1364 recordati,
749 1313 837 1370 qnam
857 1292 888 1350 id
907 1290 1057 1349 munitum
1075 1290 1185 1362 luerit,
1199 1300 1312 1388 qnam-

116 1383 123 1392 '
146 1399 206 1458 que
229 1374 371 1457 Philippo
397 1375 553 1448 diffidens,
577 1389 711 1439 secutam
735 1389 806 1456 post
827 1388 953 1454 repente
978 1364 1069 1433 fidem
1095 1388 1125 1433 et
1148 1374 1312 1442 amicitiam

146 1461 352 1536 consideretis.
394 1460 531 1533 Deinde,
549 1460 578 1519 si·
593 1473 761 1520 evenerunt
780 1472 823 1533 ea,
842 1482 919 1558 quae
936 1460 992 1519 iste
1011 1460 1096 1519 ιοιιὶι
1115 1457 1313 1531 renuntiavit,

147 1562 177 1608 et
194 1559 258 1611 acta
276 1545 426 1626 praeclare
445 1503 588 1619 ιιιιιιιιιι,
604 1558 640 1604 ut
655 1559 783 1627 propter
799 1544 957 1604 veritatem
976 1557 1007 1603 et
1023 1545 1208 1625 reipublicae
1226 1541 1311 1603 utili·
1330 1536 1334 1546 ’

144 1647 238 1715 tatem
263 1652 328 1691 esse
352 1631 429 1691 facta
454 1629 636 1691 existimetis
679 1630 733 1689 Sin
758 1631 858 1689 omnia
883 1640 1017 1702 eontra,
1030 1653 1120 1708 quam
1142 1630 1200 1690 iste
1226 1628 1313 1700 dixit,

106 1721 110 1733 ¹
132 1727 209 1778 xacta
226 1729 298 1787 sunt
316 1726 346 1775 et
363 1716 492 1775 multum
512 1715 668 1776 dedecoris
696 1728 727 1775 et
748 1739 863 1817 magna
875 1714 1059 1799 reipublicae
1077 1715 1213 1796 pericula
1232 1725 1312 1775 attu-

77 1830 84 1846 Ι
117 1832 125 1842 ι
145 1804 262 1876 lerunt,
288 1813 415 1880 propter
432 1801 564 1861 sordes
555 1802 642 1862 istius
663 1815 693 1862 et
710 1802 865 1863 ueritatem
885 1802 934 1862 ab.
942 1823 979 1861 eo
998 1801 1125 1882 pecunia
1143 1800 1313 1861 venditam.

72 1898 76 1907 ’
143 1901 180 1949 ut
196 1899 344 1947 mutatum
364 1901 433 1967 eunt
453 1907 517 1946 esse
535 1886 669 1959 videatis.
690 1888 796 1948 Dicam
815 1902 916 1948 autern
934 1886 1070 1970 (quando
1085 1888 1149 1947 ‘huc
1164 1897 1313 1967 provecta

136 1986 191 2041 ,est
208 1969 321 2053 οιιιίο)
346 1968 476 2051 primuni
495 1973 647 2072 omnium,
684 1994 745 2052 quo
763 1985 851 2054 pacto
869 1973 955 2032 vobis
973 1972 1131 2032 Phocense
1151 1971 1313 2054 negotium

143 2057 330 2138 eripuerint
353 2056 558 2135 Nequeuern
572 2058 731 2138 quisquam
749 2071 899 2131 vestrum,
908 2058 1050 2158 iudices,
1063 2058 1312 2140 magnitudinem

52 2172 61 2179 ·
120 2156 245 2242 ¹rernm
271 2141 410 2223 intuens,
435 2143 641 2202 accusationes
661 2155 692 2202 et
709 2143 833 2203 erimina
858 2143 970 2203 maiora
997 2164 1061 2202 esse
1088 2156 1194 2224 putet,
1222 2162 1312 2222 quam

144 2249 200 2310 pro
218 2227 305 2287 istius
329 2226 523 2303 auctoritate·
552 2229 604 2287 sed
624 2227 700 2287 illud
717 2242 866 2309 spectate,
893 2229 918 2287 si
943 2250 1158 2328 quemcunque
1172 2240 1242 2287 'vos
1268 2225 1315 2285 illi

144 2313 264 2373 muneri
286 2298 505 2392 p'uaefecissetis¹
531 2325 562 2372 et
586 2313 700 2372 oblatas
726 2313 898 2373 occasiones
924 2314 988 2372 eius
1006 2314 1078 2372 fidei
1102 2310 1314 2382 mandassetis,

142 2399 245 2459 illum
247 2398 355 2472 etiam,
373 2397 399 2455 si
422 2396 509 2463 istius
526 2399 665 2478 exemplo
683 2399 845 2483 voluisset,
865 2420 965 2479 opera
973 2402 1027 2457 s'ua
1045 2400 1142 2458 locata
1161 2394 1314 2467 hostibus,

80 2517 84 2533 ι
142 2494 197 2557 v'os
211 2482 298 2565 decip
301 2503 351 2541 ere
367 2495 398 2541 et
413 2481 565 2542 fraude
539 2484 767 2557 circumuenire,
787 2485 901 2557 eadem,
920 2505 996 2563 quae
1014 2496 1045 2542 et
1058 2483 1159 2556 istum,
1179 2483 1311 2542 excitare

142 2552 218 2641 mala
236 2568 402 2648 potuisse.
423 2567 495 2626 Non
513 2570 611 2641 euim,
636 2569 662 2626 si
681 2572 733 2629 vbs
752 2569 869 2629 letibus
887 2590 976 2649 saepe
995 2569 1169 2629 hominibus
1187 2566 1313 2648 publica

141 2651 438 2733 mandatisnegotia,
456 2673 503 2712 res
521 2654 610 2712 etiam
625 2654 705 2714 leves
722 2666 802 2725 sunt,
822 2674 898 2735 quae
915 2654 1027 2713 honori
1043 2653 1170 2714 civitatis
1186 2665 1310 2731 nostrae

94 2770 97 2778 ·
139 2738 178 2800 ab
197 2737 336 2797 aliisdcf
334 2750 472 2803 eruntne:
500 2759 600 2817 neque
619 2740 722 2799 multis
741 2739 840 2799 verbis
860 2753 906 2799 est
909 2761 1008 2838 opus.
1045 2741 1150 2819 ltaque
1168 2738 1310 2801 Phocen-

70 2858 72 2865 ·
141 2845 189 2883 ιιι
216 2824 307 2896 etiam
332 2821 489 2903 Philippus
514 2846 587 2882 sane
611 2824 757 2905 perdidit.
787 2826 840 2885 sed
867 2823 918 2884 isti
944 2823 972 2883 ci
997 2824 1151 2893 adiutores
1177 2824 1311 2887 luerunt

56 2900 323 2990 223.Hoc1gitur
340 2909 592 2985 considerandum
611 2923 642 2968 et
658 2910 824 2977 uidendum
843 2921 903 2982 est,
921 2922 1039 2985 utrum,
1060 2923 1211 2989 quatenns
1226 2907 1308 2967 Pho·
1337 2908 1340 2915 ’

138 2993 277 3066 ιιιιιιιιιιι
295 2992 375 3051 salus
394 3015 410 3057 a
426 2980 579 3077 legatione
595 2994 756 3094 pendebat,
775 3007 899 3054 eatenus
919 2994 969 3055 isti
985 2995 1178 3076 corruperint
1192 3006 1225 3057 ιι
1239 3014 1308 3074 per-

141 3078 275 3139 diderint
292 3079 407 3139 omnia:
409 3099 500 3150 ιιοιι,
519 3081 605 3157 quasi
622 3080 679 3138 iste
697 3101 801 3160 perse
820 3081 947 3160 perdere
960 3080 1135 3140 Phocenses
1147 3079 1308 3160 'potuisset
1327 3080 1331 3089 '

43 3180 47 3185 ’
141 3164 213 3238 Quo
232 3163 306 3245 quid
325 3161 504 3223 absurdius?
530 3164 590 3225 Sed
609 3165 645 3225 da
663 3164 737 3234 mihi
754 3166 1068 3241 senatusconsultum,
1089 3166 1173 3244 quod
1191 3184 1241 3224 me
1249 3184 1308 3229 ,ιι-

48 3249 50 3252 ’
140 3249 258 3326 serente
274 3238 389 3307 lactum
409 3262 468 3322 est,
487 3262 520 3315 et
537 3249 745 3313 testimoninm
764 3251 846 3323 eius,
866 3251 1000 3349 quitum
1020 3251 1050 3309 id
1068 3250 1156 3309 fecit·
1178 3261 1229 3309 ut
1233 3244 1307 3308 scia-

137 3333 198 3407 ιιι,
217 3347 248 3395 ct
266 3353 314 3392 me
332 3355 395 3393 non
414 3347 478 3393 tum
497 3335 644 3419 tacuisse,
667 3357 749 3394 nnnc
767 3335 803 3404 ab
822 3336 894 3395 actis
913 3358 961 3395 me
979 3354 1157 3409 remouere,
1174 3334 1229 3397 sed
1246 3346 1306 3393 sta-

108 3447 111 3451 *
139 3419 194 3479 tim
213 3432 380 3479 accusasse
377 3433 416 3492 ιι
433 3420 616 3500 praevidisse
635 3421 750 3484 sutura:
778 3434 808 3479 et
826 3414 981 3493 senatum,
1008 3421 1098 3500 qui
1080 3443 1116 3480 er
1134 3441 1183 3479 me
1203 3418 1308 3518 audire

138 3525 244 3563 verum
262 3476 434 3583 prohibitus
452 3506 608 3579 nonfuit,
633 3527 737 3585 neque
751 3506 915 3567 laudasse
907 3519 997 3578 istos,
1022 3527 1123 3586 neque
1142 3504 1174 3565 in
1192 3504 1308 3564 curiam

138 3591 290 3650 vocandos
310 3591 470 3651 censuisse.
514 3591 610 3672 Atqui
632 3590 661 3651 id
681 3591 718 3651 ab
736 3591 812 3650 urbe
831 3592 953 3651 condita
971 3591 1042 3652 ullis
1060 3591 1206 3651 accidisse
1225 3589 1309 3671 lega-

138 3674 194 3746 tis,
215 3695 306 3733 nemo
325 3675 479 3736 meminit:
507 3698 544 3736 ne
562 3677 741 3760 Timagorae
761 3676 899 3755 quidem,
919 3698 1009 3775 quem
1029 3676 1134 3756 capitis
1139 3675 1311 3735 damnavit

128 3760 276 3843 'populus
326 3759 404 3820 Αι’
395 3761 460 3821 ιιιίι
490 3762 562 3822 haec
590 3762 772 3825 acciderunt
804 3761 928 3822 Recita
955 3762 1054 3858 primo
1084 3760 1311 3837 testimonium,

136 3845 246 3905 deinde
262 3847 578 3909 senatusconsultum·

321 3947 639 4007 tEsTIMnNItJM,
672 3951 1120 3995 SENATUSCONSULTUM

220 4015 278 4075 llic
296 4037 396 4096 neque
416 4016 498 4091 laus,
515 4041 616 4101 neque
633 4020 772 4083 invitatio
791 4020 987 4106 legatorum
979 4043 1010 4081 ιιι
1029 4021 1143 4080 curiam
1162 4042 1179 4079 ι
1198 4031 1309 4079 senatu

134 4099 316 4173 continetur.
353 4100 434 4160 Sin
420 4115 482 4162 rste
501 4105 650 4165 contineri
668 4105 726 4165 ιιιι
751 4108 893 4167 ostendat
909 4119 1000 4186 atque
1020 4105 1177 4178 exhibeat,
1198 4119 1229 4165 et
1250 4116 1313 4188 ego·

107 4206 109 4211 ·
132 4185 321 4245 descendam.
345 4184 406 4256 Sed
424 4209 487 4247 non
506 4191 687 4255 continetur.
713 4191 833 4264 Quodsi
851 4214 957 4252 omues
975 4192 1107 4253 eadem
1098 4214 1131 4250 m
1150 4189 1310 4272 legatione

108 4302 111 4306 -
132 4269 308 4357 egissemus,
327 4270 392 4331 iure
411 4273 563 4334 neminem
581 4275 740 4335 laudasset
747 4289 884 4337 senatus:
903 4299 1005 4337 ιιιιιι
1026 4276 1108 4337 ιιιιιιι
1127 4275 1312 4367 vituperan-

130 4355 168 4415 da
187 4367 289 4417 essent
306 4368 369 4417 acta
389 4358 534 4449 omnium.
569 4360 629 4419 Sin
641 4359 691 4421 alii
710 4360 790 4427 bona
807 4363 867 4423 sade
884 4385 949 4431 rem
968 4373 1140 4458 gesserunt,
1159 4362 1213 4422 alii
1233 4376 1313 4425 ιοιιὲ
