2722 4754
63 236 67 246 .
142 171 204 248 ἰιι
277 146 310 163 ”
479 175 920 271 ourros'runurs.

124 309 309 405 Arbitror,
336 333 444 392 decere
463 351 532 403 vos,
560 331 781 433 Athenienses,
807 333 898 395 tantis
923 333 961 391 de
986 332 1084 391 rebus
1101 331 1309 408 deliberantes,

141 425 212 483 dare
231 419 402 479 libertatern
422 415 543 476 dicendi
562 415 674 517 cnivis,
696 424 749 498 qur
740 419 838 480 'dare
857 416 1019 492 sensilium
1038 415 1120 478 velit
1156 415 1225 498 Ego
1242 438 1308 478 vero

140 525 298 582 nunquam
317 523 383 562 esse
402 501 525 562 difficile
543 496 665 583 pu'tavi,
694 494 810 569 docere
824 524 895 575 vos,
925 522 1000 582 quae
1021 502 1136 584 optima
1154 501 1237 561 sactu
1255 503 1309 563 sint

141 589 242 674 (uam,
269 601 304 648 ut
320 587 455 670 ingenue
474 586 590 661 dicam,
616 608 651 646 ea
668 609 722 648 vos
743 610 848 650 omnes
868 587 926 648 iam
945 587 1021 647 scire
1039 585 1148 670 puto):
1176 588 1229 646 sed
1246 609 1308 668 per-

141 675 270 757 suadere
294 671 397 746 vobis,
423 684 460 732 ut
483 672 578 754 agatis
604 674 724 746 eadem,
750 674 804 733 ιιι
799 685 872 734 vero
898 693 963 731 esse
981 672 1114 732 difficile.
1150 668 1308 752 Postquam

142 759 223 821 enim
220 748 404 837 aliquid
375 762 474 817 vrsur'u
493 759 710 837 decretumque
729 759 838 832 fuerit,
863 771 927 818 tum
952 759 1135 817 tantundem
1153 756 1256 839 abest,
1279 771 1309 819 ιιι

140 846 209 919 liat,
234 855 382 924 quantum
400 855 487 921 ante,
513 864 602 937 qeam
621 844 844 927 decerneretur
880 844 982 901 Unum
1001 855 1102 924 autem
1123 842 1184 901 hoc
1203 863 1239 901 ex
1256 843 1307 907 illis

134 941 205 1003 est,
229 941 358 1029 propter
376 949 453 1008 qnae
472 948 525 988 vos
545 930 603 1010 ego
622 927 679 988 diis
703 918 828 1010 gratiam
847 927 963 989 debere
978 947 1108 998 censeo,
1137 923 1238 1006 quod,
1262 929 1306 1007 qui
1334 933 1337 938 “

140 1035 205 1075 uon
228 1013 270 1074 ita
290 1012 408 1094 pridem
426 1025 554 1094 propter
571 1034 655 1073 suam
672 1013 870 1095 petulantiam
889 1009 1003 1073 bellum
1021 1011 1109 1072 vobis
1136 1011 1308 1086 intulemnt,

140 1099 163 1159 ii
179 1098 261 1173 nunc
279 1097 311 1157 in
328 1097 400 1158 solis
416 1097 504 1157 vobis
518 1118 603 1178 spem
618 1119 690 1158 suae
708 1097 813 1161 salutis
829 1097 987 1162 collocant
1015 1097 1071 1157 Est
1087 1108 1203 1167 autem,
1220 1095 1305 1157 Atbe-

142 1183 282 1256 nienses,
300 1183 494 1264 gaudendum
513 1181 570 1242 hac
589 1183 764 1255 occasione.
782 1205 842 1265 qua
860 1205 886 1243 ει
877 1183 1072 1263 prudenter
1087 1179 1240 1253 ntemrm
1255 1181 1304 1243 hoc

140 1269 228 1329 vobis
245 1290 304 1328 usu
322 1268 448 1347 veniet,
474 1279 634 1328 uteorum
652 1268 826 1342 maledieta,
862 1267 916 1349 qui
933 1280 1069 1328 nostram
1086 1264 1198 1325 urbem
1218 1266 1305 1325 crini

141 1365 271 1428 uantur,
288 1373 322 1412 re
341 1351 405 1432 ipsa
424 1375 493 1412 cum
512 1353 640 1413 honesta
658 1352 734 1414 sama
753 1353 901 1418 refutetis

114 1663 225 1777 Χιιρεε
249 1707 351 1746 rerum
375 1676 677 1749 commemoratarum
702 1689 818 1771 amplae
842 1699 929 1759 suut,
955 1685 1180 1767 Athenienses,
1206 1687 1302 1767 quibus

140 1776 304 1857 plerosque
330 1771 396 1831 sine
420 1771 539 1833 ratione
557 1778 676 1833 morem·
665 1772 834 1833 nonnihil
860 1771 997 1832 arbitror.
1031 1762 1110 1831 Mihi
1136 1792 1210 1832 vero
1235 1782 1306 1847 nuu-

128 1879 232 1948 quam
256 1854 447 1938 proposituin
465 1857 548 1932 luit,
578 1859 744 1940 praesentis
770 1856 883 1942 gratiae
908 1878 997 1918 causa
1015 1857 1189 1938 quicquam
1214 1842 1307 1918 dicere

128 1931 221 2026 apud
243 1963 308 2015 tos,
335 1942 418 2022 quod
442 1965 506 2002 non
533 1944 623 2004 etiam
647 1941 858 2024 inposterum
881 1941 1078 2022 profuturum
1105 1941 1307 2003 existimarem.

56 2035 115 2093 421
142 2028 336 2107 Quamquam
352 2038 404 2095 aut
391 2038 452 2095 tem
470 2027 542 2088 hoc
547 2026 611 2088 fere
629 2029 664 2088 fit
681 2029 718 2088 ab
738 2027 890 2100 omnibus,
909 2039 944 2086 ιιι
957 2047 1021 2101 eos,
1039 2026 1093 2106 qui
1111 2039 1308 2102 assectantur,

141 2113 287 2195 diligant,
305 2111 537 2191 monitorebus
528 2125 710 2185 nascantur:
726 2112 886 2194 prudentis
904 2124 1005 2172 tamen
1023 2111 1158 2176 hominis
1178 2113 1307 2173 officium

141 2211 197 2272 est,
223 2197 293 2267 dare
318 2215 452 2275 operam,
477 2209 513 2256 ιιι
536 2197 704 2280 appetitum
726 2197 982 2279 rationisempcr
1004 2196 1203 2258 obedientem
1225 2218 1308 2279 prae-

132 2282 216 2344 beat.
251 2281 318 2362 Ego
337 2300 411 2340 vero
429 2301 575 2361 perquam
600 2304 672 2343 sane
689 2282 798 2357 velim,
828 2303 863 2342 ea
880 2280 967 2341 vobis
986 2281 1068 2342 factu
1087 2303 1153 2342 esse
1170 2282 1308 2354 iucunda,

140 2377 216 2448 quae
234 2364 395 2446 profutura
412 2380 500 2439 sunt,
519 2379 554 2427 ιιι
572 2381 603 2427 et
620 2380 703 2450 grata
722 2381 753 2427 et
768 2365 855 2428 utilia
874 2367 974 2440 dicere
992 2367 1128 2429 viderer:
1152 2368 1204 2428 sed
1221 2380 1303 2467 post-

139 2474 229 2533 quam
253 2441 359 2522 video,
386 2471 439 2519 tos
466 2452 616 2512 contraria
642 2453 688 2513 his
712 2446 830 2525 moliri,
855 2451 1076 2511 adversandum
1101 2471 1166 2511 esse
1190 2453 1309 2533 opinor„

80 2612 83 2616 ι
139 2538 197 2597 etsi
216 2536 413 2617 quorundum
433 2537 503 2595 odia
521 2536 711 2637 suscipienda
729 2538 850 2597 luerint.
886 2536 1007 2610 Quodsi
1024 2556 1084 2595 uec
1102 2535 1207 2596 audire
1226 2536 1310 2637 quie

37 2656 42 2667 -
73 2633 79 2641 '
139 2643 229 2702 quam
248 2619 455 2692 sustinebitis,
484 2640 546 2680 non
565 2621 668 2704 inopia
688 2622 793 2682 iudicii
812 2641 928 2693 errare,
955 2622 1008 2680 sed
1027 2620 1176 2701 praestate
1194 2620 1307 2720 ingenii

136 2719 280 2788 appetere
299 2715 390 2783 atque
408 2705 533 2787 aggredi
550 2707 621 2767 talia
640 2706 834 2767 videbimini.
863 2705 911 2766 sin
930 2705 1105 2778 audieritis,
1129 2706 1306 2765 senteutiam

136 2793 265 2852 sortasse
288 2788 481 2863 mutabitis,
498 2792 581 2869 quod
607 2813 664 2875 ego
689 2792 811 2852 vobis
802 2790 939 2873 inprimis
962 2791 1109 2870 prodesse
1134 2803 1228 2870 puto:
1262 2791 1304 2849 sin

74 2917 86 2927 κ
136 2898 225 2938 aures
245 2873 370 2936 dicturis
388 2874 534 2976 praebere
552 2877 730 2950 nolueritis,
755 2878 850 2951 alius,
874 2876 1016 2958 ignorare
1031 2896 1107 2947 vos,
1127 2875 1202 2954 quid
1222 2895 1304 2955 expe-

63 2980 83 3019 .·
137 2962 217 3034 diat,
234 2961 328 3033 alius,
347 2959 431 3039 quod
449 2959 561 3040 cuique
580 2962 678 3022 visum
686 2962 803 3055 suerit,
821 2921 850 3019 id
871 2962 983 3021 dicet

134 3268 280 3359 Primum
298 3293 376 3360 nibil
393 3294 467 3359 novi
485 3307 552 3368 est,
570 3290 794 3368 Athenienses,
818 3295 1121 3376 aliquos-exsistere,
1144 3295 1217 3376 qni,
1241 3318 1300 3357 euru

134 3404 184 3445 res
202 3379 354 3463 gerendae
372 3392 455 3452 suut,
472 3378 582 3461 vestris
599 3380 728 3440 decretis
746 3381 951 3453 adversentur.
969 3380 1092 3456 Quibus
1110 3379 1138 3440 si
1154 3402 1222 3454 vos,
1240 3403 1301 3441 cum

135 3463 364 3564 epnsultaretis,
398 3463 520 3524 dicendi
538 3463 657 3544 copiam
673 3463 840 3537 fecissetis,
871 3468 962 3544 atque
980 3464 1048 3565 ³2⁸5,
1057 3465 1141 3540 idem
1158 3466 1301 3525 facerent:

49 3577 52 3583 ’
131 3549 328 3619 accusatione
342 3548 432 3630 digni
446 3561 558 3620 essent,
576 3550 669 3628 quod,
688 3549 827 3628 quibus
817 3571 849 3609 m
867 3551 959 3610 rebus
977 3549 1049 3609 vieti
1069 3562 1183 3622 essent,
1201 3551 1274 3610 de''
1252 3574 1301 3610 us-

133 3639 204 3705 ‘dem
226 3633 320 3694 rebus
344 3655 467 3696 rursum
488 3633 642 3694 dicere
614 3656 643 3692 vr
668 3647 859 3694 conarentur.
894 3634 983 3695 Nunc
1002 3647 1033 3694 et
1051 3634 1096 3696 illi
1113 3634 1203 3695 venia
1223 3635 1302 3731 digni

133 3734 221 3794 snut,
245 3719 272 3779 si
291 3739 342 3792 ea,
368 3739 445 3797 quae
463 3729 529 3781 tum
547 3717 652 3779 audire
669 3719 835 3818 noluistis,⁸
853 3740 1005 3819 exponere
1021 3721 1167 3792 student,
1195 3733 1228 3780 et
1242 3741 1302 3792 vos,

132 3804 370 3875 Athenienses,
389 3802 634 3883 reprehendendi
662 3803 750 3877 estis,
782 3804 836 3903 qui
863 3804 896 3864 in
921 3803 1198 3866 deliberationibus
1223 3827 1302 3866 suam

77 3921 83 3942 ι
133 3909 286 3972 quemque
303 3888 413 3952 dicere
437 3888 623 3949 sententiaru-
644 3909 708 3948 non
732 3888 898 3969 patiamini,
926 3891 990 3964 sed,
1010 3889 1070 3949 ubi
1094 3910 1149 3949 vos
1175 3884 1228 3949 alii
1254 3912 1303 3968 sua

133 3976 277 4039 oratioue
291 3973 486 4055 occuparint,
515 3972 590 4032 alios
609 3973 734 4034 minime
751 3973 886 4034 audiatis.
922 3977 980 4034 lsta
998 3974 1095 4057 igitur
1111 3976 1302 4044 consuetudo

64 4126 73 4132 ,
131 4059 284 4129 molestias
302 4057 390 4120 vobis
407 4057 502 4140 parit:
524 4059 754 4137 quorum-enim
767 4059 980 4120 antecladeau
995 4071 1150 4140 acceptam
1171 4061 1303 4121 consiliis

130 4162 235 4223 parere
247 4142 404 4218 licuisset„
423 4163 475 4210 eos
490 4142 599 4225 postea
619 4156 794 4203 accusantes
813 4143 949 4203 laudatis.
967 4145 1063 4224 quue
1081 4143 1175 4205 vobis
1192 4168 1304 4219 rursus,

130 4227 258 4306 opinor,
283 4227 414 4301 accidet,
440 4227 500 4287 nisi
519 4226 624 4307 aequis
641 4227 749 4287 animis
769 4235 875 4288 omnes
892 4228 1055 4288 audieritis
1069 4228 1103 4288 iu
1122 4231 1304 4310 praesentia,

88 4393 92 4397 ⁵
129 4330 229 4388 eoque
246 4310 350 4372 labore
368 4324 528 4392 suscepto,
546 4311 682 4392 probatis
699 4312 838 4394 optimis,
857 4332 920 4384 eos,
939 4313 991 4392 qui
1009 4312 1163 4397 quicquid
1182 4311 1311 4378 tandem>
