2722 4754
454 155 974 297 inamoenum.
1058 178 1062 183 ‘
1184 198 1302 262 eor-‘-

58 349 194 439 fotius,
211 369 304 428 quam
322 346 462 422 eiuraret,
480 368 542 427 quo
559 346 686 430 negotio
705 336 906 410 libdraretur?
926 352 1190 430 cumpraesertim
1208 336 1251 412 de*

60 435 129 498 lis
146 433 237 494 etiam
255 434 365 494 vellem
384 432 495 493 dedere
506 454 651 512 puerum,
668 432 837 499 testimonii
851 435 1040 516 scriptorem,
1058 438 1111 517 qui
1129 451 1160 498 et
1177 456 1246 498 suas

60 520 182 584 literas
208 518 370 600 agniturus
393 531 473 591 erat,
500 529 532 577 et
545 518 619 579 satis
636 518 831 591 meminerat,
857 520 949 579 istum
975 523 1085 583 dixisse
1108 523 1253 599 testim.

68 605 172 666 nium.
191 630 204 641 „
216 605 257 663 Et
268 603 349 663 'baec
366 602 484 675 obtuli,
510 623 573 662 non
592 602 718 683 penuria
734 603 875 675 testium,
902 607 955 682 qui
972 605 1266 691 adfuerant-(erant¹

71 688 163 751 'enim
182 684 335 771 praesto),
353 687 407 747 sed
425 708 473 761 eo,
490 700 527 747 ut
543 706 600 747 nec
617 687 766 747 mendacii
785 707 837 746 eos
855 688 1075 769 criminaretur,
1093 705 1123 752 et
1141 713 1247 753 eorum

84 775 155 837 fides
175 772 407 854 quaestionibus
435 772 690 853 comprobaretur.
725 771 790 846 Qui
806 793 878 832 vero
898 775 1002 847 decet,
1020 790 1148 856 propter
1164 778 1246 838 istud
1275 778 1315 834 26

88 859 217 919 damnari
236 871 349 931 testes,
371 858 425 937 qui
443 858 501 917 soli
520 857 674 931 omnium,
699 856 903 936 quiunquam
921 859 1070 921 inforum
1088 875 1250 936 venerunt,
1319 933 1322 937 ¹

87 943 180 1024 ipsum
204 957 410 1006 accusatorem
436 963 537 1001 earum
562 964 665 1002 rerum
690 942 748 1001 sibi
766 943 916 1003 exstitisse
934 936 1042 1004 testem
1062 947 1248 1008 ostendunt?

86 1028 124 1090 dc
139 1041 178 1089 ut
197 1050 247 1089 me
266 1049 335 1093 vera
352 1020 453 1086 dicer'e
472 1039 605 1102 constet,
624 1048 695 1108 cape
714 1029 963 1108 provocationem
981 1051 1014 1090 ac
1032 1030 1248 1092 testimonium.

310 1150 312 1155 Α
342 1179 629 1225 rraouocnrm.
671 1181 1018 1254 castanearum

83 1320 95 1331 ›
165 1277 264 1343 Taiita
284 1283 377 1366 igitur
399 1283 464 1342 iura
489 1283 546 1342 iste
571 1296 722 1366 aversatus
749 1296 780 1343 et
802 1296 850 1343 tot
873 1284 968 1366 signis
989 1285 1248 1344 calumniaecon-

72 1368 190 1442 victus,
209 1369 272 1428 suis
290 1368 418 1439 testibus
434 1367 544 1427 habere
561 1368 652 1426 fidem
669 1388 722 1426 vos
735 1368 879 1447 postulat,
897 1388 982 1428 meos
997 1390 1070 1430 vero
1087 1366 1266 1430 calumnia-³
1335 1414 1338 1423 «

70 1467 128 1514 tur
147 1466 181 1513 et
200 1453 399 1537 vera-dixisse
418 1466 515 1535 negat.
540 1452 709 1531 Disputabo
728 1453 982 1526 autem,'etiamsi
1000 1455 1249 1536 verisimilitudo

62 1551 256 1619 spectetur,
275 1537 418 1617 quidnam
438 1538 475 1596 de
496 1537 537 1597 eis
556 1537 663 1597 sentiri
682 1531 849 1597 conveniat.
878 1538 961 1598 Inter
977 1539 1157 1614 vos'omnes
1176 1552 1250 1600 con-

61 1635 161 1706 stare
188 1623 270 1696 scio,
299 1644 369 1696 eos,
395 1622 448 1702 qui
469 1622 577 1685 falsum
595 1612 804 1682 testimonium
825 1622 947 1698 dicunt,
964 1636 1028 1683 'aut
1052 1625 1092 1684 ob
1116 1625 1251 1707 inopiam

58 1707 297 1791 largitionibus
323 1701 579 1788 corruptos,'aut
601 1719 727 1794 propter
750 1708 959 1781 sodalitatem,
986 1722 1037 1768 aut
1064 1711 1152 1788 etiam
1178 1710 1251 1787 odio
1280 1756 1285 1769 ,
1314 1778 1318 1782 Α

61 1793 325 1871 adversariorum
343 1794 488 1852 adductos
513 1813 528 1851 a
553 1792 762 1853 tali·facinore
780 1814 844 1853 non
863 1786 1033 1854 abhorrere.
1067 1794 1110 1854 At
1126 1808 1254 1876 propter

65 1879 312 1946 harumrerum
330 1878 443 1936 nullam
462 1898 517 1958 pro
536 1876 706 1948 sne-dicere
722 1878 930 1937 testimonium
948 1874 1252 1959 potuerunt.Neque
1286 1945 1289 1955 ¹

68 1963 171 2022 enim
195 1962 366 2027 sodalitates
392 1962 452 2022 illis
470 1983 589 2020 mecum
607 1962 803 2031 intercedunt
817 1960 864 2044 (id
883 1963 963 2021 en'im
983 1963 1037 2042 qul
1053 1965 1157 2038 fieret,
1183 1979 1251 2024 cum

64 2068 144 2109 mec
161 2048 196 2107 in
213 2047 321 2108 iisdem
339 2047 448 2107 studiis
465 2046 585 2118 versati,
605 2059 635 2105 et
653 2067 758 2106 eorum
778 2047 899 2126 quidam
917 2068 980 2106 non
999 2049 1091 2107 modo
1109 2049 1179 2123 mei,
1197 2050 1280 2108 sed·
1339 2096 1347 2111 ..

66 2154 123 2193 ne
152 2125 235 2193 inter
249 2153 291 2193 se
317 2132 439 2211 quidem
456 2132 604 2210 aequales
623 2128 715 2213 sint),
740 2152 796 2190 nec
810 2131 865 2190 isti
882 2131 1100 2191 sunt'inimici:
1126 2155 1195 2192 nam
1215 2145 1254 2196 ‚et
1332 2125 1335 2129 ’

71 2219 148 2278 ltoc
165 2218 401 2277 constat.Unus
421 2217 501 2276 enim
512 2216 612 2286 ‚frater
625 2211 759 2274 'ciusest
778 2228 809 2275 et
825 2217 1001 2275 advocatus:
1018 2215 1190 2297 Stephanus
1208 2218 1253 2278 fa'-

76 2302 213 2364 miliaris
234 2315 264 2362 et
280 2301 417 2362 tribulis:
445 2301 602 2383 Philippus
621 2320 678 2361 nec
696 2301 808 2362 amicus
826 2322 883 2360 nec
901 2300 1057 2360 inimicus:
1085 2320 1178 2380 quare
1197 2304 1254 2362 nec

77 2389 146 2449 boc
173 2388 288 2447 crimen
306 2387 372 2447 iure
392 2387 550 2466 quisquam
569 2385 611 2445 eis
629 2386 797 2467 impegerit
831 2385 939 2465 Neque
964 2385 1062 2446 etiam
1078 2398 1255 2466 paupertate
1282 2442 1293 2458 ,

68 2474 237 2558 deductos
264 2493 329 2532 esse
348 2471 649 2551 quisquam-dixerit,
676 2492 744 2530 cum
759 2483 864 2531 tantas
884 2491 957 2550 opes
982 2469 1112 2529 babeant
1137 2490 1255 2545 omnes,

87 2571 174 2619 nt-et
191 2578 316 2617 munera
333 2555 419 2616 vobis
439 2556 576 2616 alacriter
594 2556 721 2627 obeant,
741 2568 922 2636 reparcam,
940 2555 965 2614 si
984 2555 1255 2637 quidimperatum
1277 2573 1280 2578 ·

92 2644 134 2704 eis
159 2643 260 2703 luerit.
295 2643 453 2701 Praeterea
471 2663 527 2700 nec
552 2640 650 2721 ignoti
667 2641 772 2712 vobis,
798 2663 854 2700 uec
877 2641 909 2699 in
932 2640 1115 2700 deteriorem
1138 2653 1255 2721 partem
1321 2672 1324 2677 ,

94 2727 217 2812 cogniti
225 2738 311 2786 sunt:
330 2728 382 2786 sed
401 2726 550 2786 moderati
568 2723 883 2785 bomines‘babentur.
907 2723 1003 2803 Atqui
1022 2724 1047 2782 si
1064 2745 1121 2784 nec
1139 2725 1258 2805 inopes,
1302 2757 1306 2763 1

89 2829 151 2874 ‘nec
167 2812 253 2873 istius
271 2810 402 2883 inimici,
421 2831 477 2870 nec
495 2809 583 2869 amici
600 2811 660 2869 mei
678 2822 771 2869 sunts-
790 2809 844 2889 qul
861 2802 1004 2870 conv'enit
1021 2809 1183 2889 suspicari,
1200 2809 1256 2870 fal-

63 2963 79 2968 ,
97 2921 159 2959 sum
178 2917 231 2957 eos
250 2897 359 2956 dixisse
377 2894 604 2955 testimonium?
622 2897 688 2977 Ego
707 2895 829 2973 quidem
847 2916 910 2954 non
927 2894 1026 2953 video.
1047 2895 1132 2969 Quae
1152 2915 1257 2974 quam-

97 3004 183 3071 quam
200 2982 259 3042 iste
275 2980 409 3054 sciebat,
435 2993 466 3040 et
482 2980 620 3040 omnium
639 2981 753 3061 optime
771 2992 876 3052 norat,
902 2999 953 3040 eos
972 2999 1042 3040 vera
1055 2979 1187 3040 dixisse:
1212 2993 1259 3041 ta-

96 3090 163 3130 men
182 3067 399 3138 calumniatur,
423 3088 456 3145 ac
475 3088 538 3126 non
556 3066 650 3125 modo
668 3065 791 3141 selbaec
809 3065 919 3126 dixisse
937 3077 1044 3147 negat,
1070 3083 1148 3144 quae
1164 3065 1201 3124 ab
1216 3078 1259 3125 ‘eo

97 3155 172 3214 dicta
200 3173 266 3213 esse
294 3148 359 3231 quo
382 3163 470 3230 pacto
498 3151 740 3233 magis—ostendi
765 3151 877 3230 queat?
908 3151 961 3210 sed
987 3149 1076 3209 etiam
1103 3149 1259 3211 hominem

98 3239 221 3300 omnino
241 3257 308 3297 esse
326 3257 444 3296 servum
468 3236 604 3295 affirmat
645 3236 727 3294 Volo
753 3247 854 3296 autem
878 3257 971 3316 pauca
997 3237 1141 3295 duntaxat
1159 3236 1260 3295 dicere

96 3326 128 3385 ad
148 3325 208 3383 boc
227 3344 351 3402 quoque
370 3321 559 3381 mendacium
579 3319 643 3380 eius
661 3321 862 3380 refutandum.
897 3321 982 3402 Ego,
1009 3321 1144 3394 ludices,
1171 3321 1260 3381 etiam

69 3421 221 3491 <propter
245 3408 319 3476 haec
344 3407 375 3466 in
400 3406 608 3485 quaestionem
622 3404 661 3492 *ei
679 3405 790 3466 dedere
808 3405 930 3465 ancillas
948 3405 1048 3479 volui,
1074 3425 1150 3484 quae
1176 3418 1260 3486 patre
1330 3469 1337 3474 ,

94 3496 249 3556 moriente
277 3512 347 3551 eum
375 3492 591 3551 manumissum
619 3512 653 3551 ac
677 3504 742 3551 tum
770 3490 863 3550 fuisse
891 3489 1020 3549 liberum
1049 3491 1262 3550 meminerunt
1338 3553 1347 3562 ,

93 3580 257 3641 Praeterea
275 3599 341 3637 mea
360 3591 456 3636 mater
475 3577 567 3636 fidem
591 3576 690 3636 facere
714 3576 826 3650 voluit,
851 3597 867 3634 a
891 3588 976 3655 patre
994 3575 1143 3634 morituro
1162 3557 1261 3634 bomi-

71 3687 163 3727 nem
184 3666 269 3724 bunc
288 3663 429 3723 emissum
455 3681 520 3721 esse
547 3683 636 3721 manu
663 3673 753 3740 atque
777 3661 856 3742 apud
881 3681 938 3719 nos
956 3659 1061 3719 baberi
1079 3681 1135 3745 pro
1153 3660 1261 3732 libero,
1288 3670 1328 3724 27

94 3765 141 3826 et,
160 3752 194 3810 ni
213 3750 257 3808 ita
275 3742 437 3820 es'set,'me
457 3758 487 3805 et
503 3767 641 3806 sororem
659 3747 840 3827 productos,
858 3767 941 3825 quos·
953 3745 1060 3805 u‘nicos
1078 3745 1190 3805 liberos
1209 3744 1262 3804 ba·
1342 3744 1347 3749 ’

93 3837 163 3910 bet,
191 3846 320 3917 propter
346 3853 421 3911 quos
446 3831 538 3891 vidua
562 3831 653 3890 vitam
678 3833 842 3913 transegit,
869 3831 1027 3891 devovere,
1060 3830 1168 3910 Neque
1184 3837 1265 3890 'vero
1332 3862 1338 3871 κ

90 3923 260 4002 ‘quisquam
280 3931 376 3999 putet,
396 3938 460 3977 eam
479 3916 510 3974 in
529 3929 631 3978 nostra
650 3915 746 3995 capita
764 3917 837 3975 haec
855 3937 988 3995 unquam
1007 3917 1105 3974 iurare
1123 3914 1266 3987 voluisse,
1315 3934 1318 3939 ·

96 4009 155 4068 nisi
175 4028 211 4067 se
229 4005 261 4064 id
279 4003 396 4082 liquido
415 4003 561 4061 facturam
578 4000 774 4084 intelligeret,
798 4004 841 4060 Ut
858 4012 1113 4074 autemconstet,
1132 4022 1180 4061 me
1191 4020 1267 4062 *vera

79 4148 82 4155 ,
100 4094 214 4167 dicere,
233 4106 352 4168 nosque
371 4088 445 4148 baec
462 4087 560 4148 lacere
579 4077 674 4166 fuisse
689 4099 827 4167 paratos,
837 4100 911 4146 voca
928 4086 1033 4146 barum
1049 4094 1157 4147 rerum'
1165 4084 1269 4151 testes.

54 2820 78 2835 Χ

583 4214 788 4284 rascas.

131 4394 133 4400 ·
184 4345 264 4410 cum
282 4344 377 4428 igitul
393 4366 449 4406 nos
470 4356 516 4404 tot
533 4344 626 4423 instas
645 4345 778 4406 'rationes
796 4344 904 4404 alicrre
925 4319 1088 4424 queamus,
1118 4356 1148 4408 et
1166 4342 1202 4417 ad
1220 4342 1268 4401 a'r-

573 4438 580 4466 ,
1018 4437 1238 4531 26.,
