2722 4754
334 180 958 273 ·ooarnsjrncocnmnu.3z
1017 274 1030 283 Ι
1119 147 1231 263 ‘flers

496 362 768 437 ·”'nrx.'

150 521 212 579 Lex
229 518 313 589 haec,
332 514 466 585 ludices,
485 511 716 575 instituentibus
736 524 787 571 aut
804 511 924 591 publice
943 529 1098 581 accusare,
1118 517 1169 566 aut
1187 505 1233 564 in:

65 605 177 676 dicare,
197 617 248 662 aut
267 598 520 682 quippiarn'aliud
539 619 645 658 eorum
664 599 773 668 sarcre,
796 616 872 676 quae
890 596 928 659 in,
941 597 1008 679 lege
1027 594 1135 673 scripta
1154 605 1234 664 sunt,

68 690 227 772 perspicue
247 685 423 757 denuntiat,
447 684 557 763 quibus
577 682 804 742 conditionibus
824 682 931 739 borum
951 676 1234 759 quaelibet-lacien-

40 770 50 781 ’
66 778 104 835 da
123 777 191 834 sint.
226 774 410 831 Hae-autem
428 781 572 842 sunt·,··ut
588 789 622 828 ex
641 769 704 848 ipsa
721 767 789 849 lege
807 765 980 826 audivistis:
1004 765 1037 822 Si
1055 765 1122 843 quis
1140 763 1235 822 actio·
1324 770 1328 776 ’

66 883 136 919 nem
156 869 332 940 persecutus
351 852 487 934 quintam
505 853 722 936 suffragiorum·
731 865 852 933 partem
873 849 1075 920 contulerit,
1098 861 1135 908 nt
1152 847 1235 924 mille
1333 896 1336 901 .

68 945 223 1004 drachmas
243 941 354 1002 solvat:
381 939 492 1018 quodsi
509 959 573 998 non
596 951 814 1019 persequatur,
838 936 1027 1006 Theocrinc,
1046 930 1237 992 alias‘millei
1319 992 1336 1003 ,Ἰ

25 1036 27 1043 ’
67 1044 104 1090 ut
121 1024 486 1109 nequeealumniatorem
501 1037 580 1106 ‘agat
598 1024 773 1104 quisquam,
797 1026 900 1115 neque
926 1020 1105 1101 impunitate
1123 1038 1237 1099 propo-

68 1117 125 1175 sita
144 1113 375 1195 praevaricetur,
394 1123 445 1184 aut
460 1110 614 1168 condonet
627 1109 748 1190 publica
765 1107 894 1190 negotia.
914 1105 1042 1186 Assumo
1061 1102 1164 1186 igitui,
1184 1104 1238 1162 bac

69 1201 222 1276 delatione
247 1196 347 1257 teneri
370 1194 589 1267 Thraeciam,
611 1193 699 1274 'quod
717 1193 871 1253 Miconem
891 1188 1063 1250 Cbollidcm
1088 1189 1251 1259 indicarit,¹

71 1307 127 1345 nec
146 1286 185 1345 sit
211 1295 405 1364 persecutus,
430 1281 484 1340 sed
511 1293 631 1360 accepta
656 1278 785 1360 pecnnia
812 1278 970 1360 negotium
998 1275 1184 1334 vendiderit:
1209 1285 1240 1332 ct

71 1371 130 1430 boc
149 1382 250 1450 aperte
271 1366 500 1437 demonstrabo,
525 1378 560 1423 nt
578 1386 634 1446 ego
654 1364 791 1422 arbitror.
823 1360 1117 1440 'Quamquam‘en-im
1136 1359 1244 1421 Theo-¹

71 1455 186 1527 crines,
214 1475 232 1512 o
252 1452 386 1524 ludices,
413 1450 521 1528 suique
547 1448 684 1531 gregales
710 1446 786 1506 nihil
806 1469 868 1505 non
892 1447 1031 1506 lecerunt
1054 1442 1240 1524 appellandis

25 1540 39 1573 ⁷
70 1541 212 1612 testibus,
231 1539 273 1597 eis
291 1537 400 1617 partim
412 1535 610 1607 minitantes,
629 1530 737 1616 partim
756 1533 953 1612 pollicentes,
973 1552 1011 1588 ne
1029 1528 1240 1588 testimonium

73 1626 191 1685 dicant:
217 1637 335 1692 tamen,
354 1622 379 1680 si
398 1641 451 1680 vos
470 1642 527 1699 pro
546 1619 649 1679 officio
668 1640 715 1677 me
734 1609 929 1688 adiuveritis,
949 1636 1062 1695 eosque
1082 1613 1241 1686 iusseritis,
1270 1648 1273 1657 ·

71 1732 106 1769 ac
124 1710 227 1790 potius
245 1708 385 1788 adigente
403 1725 525 1764 mcvos
542 1726 602 1763 nna
620 1703 782 1786 adegeritis
802 1724 873 1776 eos,
897 1715 949 1777 aut
965 1700 1088 1787 testari,
1106 1713 1158 1758 aut
1177 1698 1242 1757 ciu-

72 1816 158 1866 rarc,
176 1813 276 1872 neque
295 1791 427 1866 cavillari
443 1811 497 1849 eos
516 1790 664 1863 siveritis„
688 1809 793 1848 verum
811 1785 996 1848 invenietur}
1027 1786 1132 1846 Recita
1149 1785 1244 1868 igitur

74 1879 208 1960 primum
223 1876 583 1961 indicationem-deinde
601 1874 783 1935 testimonia
877 1956 879 1960 Α
925 1914 948 1953 4
1021 1912 1023 1916 »

472 2024 816 2094 stnorcarto

161 2132 247 2190 Hanc
271 2127 488 2187 indicationem
516 2128 654 2188 exhibuit
676 2129 750 2199 iste,
781 2127 918 2199 ludices,
945 2125 1070 2185 Micone
1095 2120 1246 2201 accusato,¹

75 2237 203 2296 eamque
218 2215 318 2274 scriba
336 2216 485 2272 mercatus
504 2225 686 2287 curatorum,
704 2210 949 2295 Eutbypbcmus,
965 2211 1087 2291 accepit,
1117 2204 1246 2290 -lliuquc

75 2313 146 2360 ante
166 2300 328 2360 concilium
347 2298 491 2356 indicatio
511 2299 666 2377 proposita
685 2297 787 2371 iacuit,
809 2297 908 2375 quoad
928 2296 996 2367 iste,
1015 2285 1134 2377 acdepta
1148 2317 1246 2376 pecu-
1278 2300 1279 2304 ’

76 2385 137 2457 nia,
155 2386 274 2443 missam
292 2405 359 2441 cam
378 2381 465 2454 lecit,
490 2374 719 2455 recensentibus
745 2381 936 2463 praetoribus
962 2393 1079 2439 etcum
1098 2383 1134 2440 ad
1154 2401 1246 2462 quae-

40 2508 44 2513 ‚
77 2471 209 2529 stioncm
226 2468 413 2528 vocantibus.
448 2467 530 2526 Haec
548 2481 583 2527 ut
600 2493 615 2529 a
635 2470 681 2527 me
700 2488 773 2528 vere
789 2467 856 2547 diei„
867 2478 997 2537 constet,
1014 2466 1145 2546 primum
1163 2486 1248 2540 voca,

80 2555 133 2635 qui
151 2555 378 2637 magistratuum
397 2552 494 2612 scriba
507 2565 579 2644 ,tum
595 2554 663 2627 suit,
680 2552 984 2636 Euthyplremum..'
1062 2584 1065 2591 ·
1118 2622 1123 2630 Ι
1155 2548 1160 2559 ’

461 2670 989 2767 rssr1m0n1uM.'s'

163 2809 269 2869 Recita
296 2806 386 2866 ctiam
412 2818 535 2880 eorum,
569 2790 825 2888 qui‘propb'sitam
845 2829 909 2867 cam
927 2808 1084 2885 viderunt,
1109 2807 1248 2867 testimo.

80 2892 329 2956 niums‘liccita.
427 2926 429 2931 ·
722 2892 725 2898 '
763 2900 800 2930 ·÷
990 2912 993 2917 -
1123 2893 1164 2917 -·=

404 3004 1086 3109 'flrcsrtmosrnbeffssn
1146 3010 1172 3101 J,
1244 3005 1335 3103 :Mb

83 3194 93 3201 ,.
165 3151 250 3226 Voea
268 3146 358 3205 etiam
376 3129 714 3221 mercatus-curatores,
732 3149 893 3230 ipsumque
911 3136 1080 3219 Miconem,
1099 3146 1185 3207 cuins
1201 3144 1251 3205 in-

82 3232 194 3292 dlfflllll
212 3232 375 3314 navigium,
395 3245 425 3291 θῑ
441 3229 618 3291 testimonia
635 3233 751 3318 lege
828 3268 831 3275 .
933 3254 936 3259 -
987 3248 1009 3256 ··
1145 3231 1161 3256 ’.

385 3347 854 3445 ..srcsrvmonrm
920 3340 1041 3428 'Uia
1169 3391 1242 3426 ;,

149 3484 373 3545 ι-Τὴεοωὶηειῐι
392 3484 486 3567 igitur
504 3485 652 3557 indicasse
667 3487 801 3547 Miconis
817 3486 988 3570 navigium,
1006 3485 1140 3558 ludices,
1155 3485 1254 3549 etim
1276 3499 1279 3515 ¹
1343 3539 1347 3546 .

84 3571 267 3631 dicationem
293 3571 344 3629 diu
370 3570 464 3642 fuisse
489 3571 695 3650 propositam,
728 3583 757 3630 et
772 3574 956 3632 'arcessitum
981 3573 1024 3630 ad·
1044 3574 1254 3653 quaestionem
1325 3584 1327 3589 ’

83 3679 147 3716 non
165 3656 310 3737 paruisse,
330 3676 430 3735 neque
448 3657 619 3729 accessisse,
638 3678 690 3717 eos
708 3658 812 3717 testari
826 3657 996 3729 audivistis,
1015 3670 1092 3736 quos
1111 3656 1146 3715 id
1159 3656 1255 3737 inpri-

82 3743 140 3800 mis
160 3742 271 3801 habere
296 3754 488 3820 compertum·
505 3742 655 3802 convenit
679 3743 769 3802 ‘llutn
786 3764 859 3802 vcro
872 3760 947 3802 oon
965 3744 1057 3802 modo
1087 3732 1255 3801 inilledra'-

36 3863 39 3868 ·
84 3827 186 3886 elimas
205 3826 334 3898 debere,
358 3827 411 3886 sed
432 3826 511 3886 etin
537 3848 687 3886 carcerem
711 3827 922 3888 abducendum
942 3841 973 3888 ct
995 3821 1122 3906 reliq'iris
1138 3819 1255 3908 poenis

84 3912 278 3972 afficiendum
299 3932 388 3984 esse,
406 3912 486 3994 quas·
499 3911 572 3970 hacc
591 3912 638 3971 lex
656 3912 693 3971 iis
712 3913 857 3985 minatur,
883 3913 934 3993 qui
954 3925 1134 3973 mercatores
1155 3925 1185 3971 et
1204 3906 1257 3971 nas·

85 3995 249 4056 vicularios
269 3996 556 4071 calumniantuc,fex
574 3996 638 4076 ipsa
656 3997 724 4078 lege
743 3999 829 4057 facile
848 3997 1051 4081 cognoscetis.
1078 3993 1156 4057 Gom
1177 3997 1257 4058 'enim

85 4082 180 4142 vellet
198 4081 364 4162 legislator,
382 4103 482 4161 neque
502 4080 714 4161 delinquentes
724 4096 911 4143 'mercatores
930 4082 1088 4142 indemnes
1109 4082 1258 4154 essunt.
1300 4101 1311 4106 ·

87 4188 148 4247 que
168 4167 305 4225 insontes
323 4167 442 4239 venari,
465 4166 590 4225 omnino
616 4168 724 4241 vetuit,
743 4169 801 4228 boc
825 4162 982 4228 liominum
1002 4186 1107 4251 genus·
1121 4168 1260 4242 indicari,

53 4260 57 4264 ’
86 4252 121 4310 ni
140 4252 208 4330 quis
227 4249 292 4329 ipse
310 4250 368 4310 sibi
394 4251 544 4324 confidat,-
570 4273 602 4311 sc
621 4264 814 4313 ostensurum
841 4255 923 4335 apud
938 4253 1112 4327 tom-lacta
1130 4264 1262 4335 esseflea‘,
1336 4304 1338 4310 ,

89 4357 172 4417 quae
186 4334 318 4396 indicat:
343 4336 453 4418 quodsi
471 4336 538 4417 quis
566 4338 931 4400 calumniatorutn²secrts
947 4333 1073 4414 lecerit,
1090 4336 1261 4408 licctclott‘s
1339 4391 1341 4397 ,
