2722 4754
276 169 933 271 s‘aovnnsusincurrunt*
1063 174 1066 183 ’
1142 198 1204 271 ιιι

41 369 132 418 ants
156 363 282 437 0uod
272 364 368 447 igitur
394 363 539 423 orationis
557 363 646 423 ιιιιιιο
665 364 770 445 posui,
796 363 884 425 vobis
905 364 993 428 etiam
1013 385 1076 423 non
1095 362 1210 456 minor,
1254 392 1258 402 =

41 458 130 505 utam
126 449 235 508 nobis
253 449 466 529 creditoribus,
484 449 540 508 fit
531 446 648 508 iniuria.
667 446 865 509 Considerate
883 451 987 525 modo,
1006 444 1134 522 ludices,
1152 470 1206 508 an-

41 548 89 589 ιιιι
111 531 296 608 riolemini,
325 550 391 593 cum
410 535 477 613 quis
495 535 622 618 legibus
646 534 753 592 restris
775 535 881 593 studet
900 556 965 595 esse
990 535 1167 617 superior,
1167 547 1207 594 et

41 634 82 689 ιιι
130 621 225 700 aphas
244 620 378 679 nauticas
397 619 585 680 irritaslacit
603 632 633 679 et
647 618 787 701 ‘abrogat3
805 641 820 676 a
835 618 924 679 nubis
940 634 1059 701 accepta
1078 620 1207 702 pecunia

41 704 202 764 rhium
220 704 400 766 transmissa.
428 705 540 765 Nonne
557 705 624 764 talis
644 705 736 763 homo
754 724 809 763 vos
828 703 916 762 etiam
936 704 1050 806 vidiat?
1068 707 1128 769 Ac
1125 705 1209 764 mihi

41 717 164 850 uidem
184 814 251 851 cum
271 791 336 860 istis
354 810 403 849 res
422 804 468 850 est
485 783 543 874 (eis
563 788 643 850 enim
668 789 827 870 pecuniam
846 787 979 869 dedi):
970 791 1027 869 ipsi
1045 812 1118 850 iero
1138 813 1207 850 cum

41 868 191 936 *liaselira
210 876 264 936 illo
284 876 472 936 naviculario
492 888 598 959 agant,
626 875 691 934 cive
710 895 783 946 suo,
810 874 859 934 cui
876 894 908 934 se
932 874 1100 933 credidisse
1113 897 1208 955 pecu·
1257 868 1267 887 ²

41 956 117 1020 ιίιιιιι
138 960 246 1021 dicunt
263 962 376 1041 absque
394 974 497 1020 nostra
512 961 690 1021 auctoritate
705 973 809 1020 contra
823 959 1030 1061 syngrapham.
1048 959 1111 1018 Nos
1126 961 1207 1019 enim
1270 982 1303 1024 .··

41 1042 115 1105 rihil
135 1048 262 1106 omuino
282 1047 409 1117 scimus,
434 1047 536 1126 quid
528 1048 586 1128 ipsi
605 1047 722 1130 egerint
740 1068 808 1106 eum
825 1046 892 1104 cive
910 1058 981 1104 suo:
1005 1045 1065 1125 ipsi
1085 1045 1207 1124 quidem
1267 1068 1270 1073 ·

42 1126 199 1205 dsciunt.
242 1132 324 1193 Haec
343 1150 409 1191 esse
426 1153 521 1213 aequa
539 1145 697 1213 putamus,
724 1152 839 1210 vosque
860 1152 997 1204 oramus,
1023 1130 1156 1202 ludices,
1174 1142 1210 1189 ut
1290 1132 1295 1147 ¹

41 1215 235 1296 rpitulemini
253 1216 376 1276 nobis
368 1218 507 1276 iniuriam
511 1218 641 1301 passis,
669 1231 700 1277 et
724 1216 856 1298 puniatis
882 1217 1029 1277 malarum
1051 1215 1159 1274 artium
1179 1227 1210 1274 et

41 1298 269 1382 deceptionum,
288 1302 455 1383 qualibus
445 1304 495 1362 isti
512 1316 651 1375 utuntur,
670 1302 832 1361 studiosos
861 1300 992 1374 Quae
967 1323 993 1360 ιι
1011 1299 1158 1361 feceritis.
1175 1312 1210 1360 et

41 1386 154 1446 robis
146 1388 218 1469 ipsis
235 1386 322 1446 utilia
341 1389 524 1461 decernetis,
551 1389 639 1447 etim
637 1374 753 1449 robis
769 1380 946 1446 hominibus
965 1406 1071 1444 omnes
1090 1378 1209 1444 cavilla·-

41 1467 146 1554 nopes
143 1469 307 1606 errpietis,
326 1473 436 1552 quibus
454 1494 536 1534 nunc
554 1473 648 1575 aliqui
666 1485 837 1579 contractus
855 1472 995 1581 nauticos
1014 1471 1149 1585 eludunt.

52 1836 1147 2017 ιιιιῖιιι-ιιοιίιιορι-ιιιιιιιιιιιιιιις
1236 1890 1241 1899 ’

498 2110 754 2120 m—

398 2237 840 2371 ARGUAlENTUM

41 2346 144 2466 blasio
163 2408 330 2468 mensarius
349 2409 499 2484 moriens,
526 2362 638 2470 relictis
659 2409 778 2468 dnobus
796 2407 867 2468 filiis
884 2428 923 2494 ex
940 2409 1092 2490 Archippa
1112 2382 1213 2493 susce·
1278 2468 1284 2476 ,

41 2492 115 2564 stis,
133 2486 327 2573 Apollodoro
348 2506 378 2554 et
395 2495 527 2569 Pasicle,
543 2495 780 2565 Phormionem
798 2513 916 2553 servum
936 2503 1042 2594 suum,
1062 2492 1113 2572 qui
1131 2488 1214 2573 prius

41 2598 148 2638 amen
161 2580 297 2639 donatus
317 2579 455 2640 libertate
474 2581 587 2655 suerat,
604 2593 738 2640 tutorem
756 2537 813 2638 Alii
830 2593 911 2639 natu
922 2579 1063 2650 minoris,
1080 2577 1215 2650 Periclis,
1242 2587 1282 2641 88

41 2662 186 2743 reliquit:
212 2665 301 2744 eique
319 2679 444 2724 matrem
464 2687 587 2740 eorum,
615 2665 814 2725 concubinam
833 2687 932 2737 suam,
952 2665 1031 2723 dicta
1049 2665 1120 2722 dote'
1138 2683 1215 2723 uxo-

41 2768 114 2808 rem
133 2748 224 2808 dedit.
241 2750 477 2830 Apollodorus
468 2746 562 2834 igitur
575 2753 643 2812 cum
657 2751 749 2810 sratre
764 2749 979 2830 patrimonium
995 2748 1111 2820 dividit,
1129 2770 1216 2807 men-

41 2834 80 2894 sa
101 2845 222 2915 excepta
242 2849 272 2895 et
290 2836 423 2895 officina
430 2851 592 2897 scutorum.
621 2837 683 2895 llas
702 2836 783 2894 enim
802 2856 870 2916 cum
889 2834 1033 2895 Phormio
1053 2856 1069 2894 a
1087 2833 1216 2893 Pusione

42 2921 90 2979 acl
99 2933 215 2979 certum
230 2922 382 3000 quoddam
395 2935 515 3003 tempus
527 2921 757 2993 conduxisset,
748 2910 869 2981 interim
884 2920 1043 2980 locationis
1063 2919 1218 2979 semissem

41 3016 180 3084 uterque
199 3007 379 3087 accipiebat.
398 3008 518 3066 demum
533 3021 565 3067 et
578 3009 630 3067 has
650 3006 797 3082 dividunt,
816 3028 849 3067 ae
868 3004 987 3066 officina
1008 3005 1130 3086 quidem
1150 3024 1218 3063 scu

46 3103 152 3151 torum
170 3092 379 3172 Apollodoro,
402 3092 511 3152 Pasicli
535 3106 635 3153 autem
662 3112 763 3151 mensa
789 3094 883 3154 datur.
928 3091 989 3151 Sed
1013 3103 1099 3173 post,
1123 3102 1219 3155 matre

51 3175 149 3235 etiam
161 3177 313 3265 defuncta,
330 3177 457 3258 partitus
478 3192 508 3238 et
525 3177 615 3237 huius
634 3197 716 3249 rem,
734 3175 969 3249 Phormionem
988 3190 1024 3237 ut
1043 3199 1096 3256 qur
1087 3175 1219 3246 multa,

53 3281 129 3340 quae
148 3283 201 3320 sua
216 3275 325 3333 essent,
340 3275 471 3336 teneret,
490 3277 608 3323 accusat
625 3221 841 3343 Apollodorus
860 3261 944 3323 Cum
951 3263 1046 3345 igitur
1061 3260 1218 3321 arbitrium

54 3344 124 3405 sibi
128 3346 325 3419 sumsisseut,
342 3360 377 3406 ut
395 3348 540 3407 Phormio
560 3348 618 3422 ait,
633 3347 818 3429 Apollodori
840 3349 977 3431 cognati,
995 3346 1096 3407 Nicias
1116 3358 1147 3404 et
1163 3343 1218 3405 Di

55 3430 116 3490 nias
136 3445 168 3490 et
182 3431 411 3508 Andromenes.
429 3447 644 3514 persuaserunt
661 3432 863 3518 Apollodoro,
881 3446 925 3493 ut·
934 3431 1064 3512 acceptis
1084 3430 1219 3513 quinque

56 3516 261 3575 drachmarum
280 3517 413 3579 millibus
433 3530 500 3578 cum
519 3513 719 3587 Phormione
715 3519 910 3619 transigeret.
939 3517 1148 3618 Apollodorus
1166 3534 1220 3571 au-

56 3612 113 3660 tem
133 3616 204 3682 post
222 3623 325 3661 rursus
338 3602 515 3662 Phormioni
535 3606 613 3664 diem
633 3604 709 3667 drxrt
725 3597 804 3684 ιφο
806 3603 865 3678 nir
884 3596 979 3682 ’ρΛφο
981 3591 1032 3676 μήν
1045 3612 1152 3659 autem
1164 3597 1220 3656 At·
1237 3602 1262 3619 '⁸

56 3686 107 3745 tici
126 3689 256 3760 dicunt,
269 3689 351 3767 quod
370 3709 426 3747 nos
444 3679 567 3762 ἔιθῆκην,
586 3690 645 3749 hoc
665 3703 727 3763 est,
752 3688 911 3769 pecuniam
931 3708 983 3746 seu
1004 3698 1116 3746 sortem
1134 3704 1222 3742 men·
1306 3686 1309 3692 “

57 3790 110 3832 sae.
154 3773 300 3832 Phormio
318 3794 391 3833 uero
410 3775 602 3855 praescribit,
622 3789 652 3835 et
669 3775 767 3858 legem
786 3773 1021 3852 adducitrqme
1038 3771 1133 3842 iubet,
1153 3767 1221 3847 qu'i-
1233 3845 1238 3850 Ι
1291 3771 1293 3777 '

57 3855 111 3917 bus
130 3858 167 3917 de
185 3858 278 3917 rebus
297 3857 422 3938 aliquis,
447 3881 480 3918 re
499 3871 664 3933 transacta,
689 3858 783 3920 semel
801 3857 932 3937 aliquem
956 3857 1080 3916 missum
1105 3853 1222 3924 lecerit,
1299 3878 1302 3885 ι

57 3964 117 4002 non
136 3943 229 4004 licere
257 3945 358 4003 denuo
377 3943 523 4004 iudicium
542 3945 674 4027 adipisci.
717 3945 756 4004 Et
772 3955 874 4031 tamen
898 3955 1015 4003 rectum
1034 3941 1124 4002 etiam
1141 3938 1223 3999 iudi-

57 4030 140 4090 cium·
154 4028 278 4112 attingit
289 4027 425 4103 Orator,
444 4031 651 4104 ostendendo,
668 4050 803 4111 mensam
821 4050 884 4087 non
904 4024 1062 4087 habuisse
1050 4023 1222 4107 pecuniam
1262 4028 1272 4038 ’
1307 4030 1312 4037 ’

56 4113 238 4197 peculiarem
257 4113 403 4178 Parionis.
430 4116 539 4190 Quod
563 4135 599 4176 eo
617 4115 705 4187 fecit,
730 4127 766 4175 ut
782 4113 980 4196 praescriptio
1006 4103 1090 4194 plus
1101 4110 1223 4183 valeret,

58 4222 122 4261 cum
141 4210 262 4261 rectam
274 4199 459 4280 Apollodori
476 4201 628 4303 actionem
645 4201 798 4261 infirmam
814 4212 880 4305 esse
884 4199 1170 4303 demonstraret.
1299 4194 1304 4203 ’
