2722 4754
549 27 761 64 ''⁸''

10 132 14 145 Ι
29 136 42 159 ιι
86 112 118 175 ι’,
173 134 184 153 Ι

330 154 605 295 inversus
631 171 1043 258 tnrsrocnarsn
1197 141 1267 264 ios
1305 146 1348 241 ss

56 424 68 434 ³
87 343 162 407 sine
180 341 248 429 ullo
264 340 488 422 additamento,
507 340 685 420 nominato,
701 358 809 428 postea
825 349 926 410 statim
944 347 1121 429 subiecisti,
1134 355 1267 436 proscri-

87 442 184 512 ptum
202 446 276 489 esse.
319 427 456 489 Tertium
479 427 575 511 igitur
597 427 656 491 hoc
673 430 821 493 indicium
839 448 870 496 et
887 435 977 498 huius
996 437 1135 503 instituta
1151 455 1183 502 te
1200 442 1267 503 rio.

13 552 16 557 ·
77 516 173 577 ,lasse
186 516 319 574 'constat
349 516 410 572 lam
422 514 465 573 ad
483 512 558 576 haec
576 529 716 596 quartum
734 517 840 594 etiem,
858 520 935 581 illud
953 523 990 582 ad
1007 525 1200 608 Prytaneum.
1213 514 1266 588 ’td

14 674 19 681 .
89 620 169 665 vcro
195 596 367 660 cuiusmodi
392 597 458 659 est?
490 598 638 681 stupis,
664 615 716 680 ant
738 599 874 684 liguum,
900 615 952 667 aut
974 600 1110 687 ferrum,
1130 625 1183 675 aut
1205 613 1266 674 t'ale
1308 617 1316 625 ”

94 685 252 771 quippiam
270 684 425 765 delapsum
443 686 643 764 percusserit,
668 699 758 770 atque
776 688 902 768 aliquis,
926 713 943 751 a
961 713 1023 771 qno
1041 696 1073 754 id
1092 698 1265 759 coniectum

95 774 152 848 sit,
168 772 302 854 ignoret,
320 769 386 851 ipse
403 790 478 831 vero
496 770 580 831 norit
598 783 629 831 et
646 772 755 833 habeat
772 774 884 851 telum,
903 796 964 855 quo
976 779 1089 841 ‚caedes
1108 782 1185 847 laeta
1203 787 1266 845 e's‘tt
1311 826 1315 835 f

93 857 142 943 his
174 855 324 925 rehus‘in
354 855 414 914 h'oc
441 856 681 918 loco‚iudicium
711 859 852 920 ffictatur.
896 862 1018 937 Quodsi
1041 883 1089 925 res
1117 867 1265 930 inanimae
1301 858 1305 864 ’

89 961 264 1021 sensusque
282 952 314 999 et
330 939 458 1000 rationis
476 963 601 1022 prorsus
622 949 774 1026 eupertes,
792 944 852 1006 hoc
869 945 994 1009 crimine
1008 970 1091 1024 reas,
1108 949 1264 1014 nefasha-
1336 1000 1344 1018 ,

88 1029 186 1111 betur
203 1040 267 1087 non
286 1026 436 1088 adducere
455 1026 487 1085 in
505 1028 667 1113 iudicium:
685 1030 782 1092 multo
801 1043 888 1093 certe.
900 1034 1000 1117 magis
1014 1055 1099 1110 eum,
1118 1037 1171 1117 qui
1188 1038 1265 1098 nihil

30 1132 37 1147 ⁸
86 1115 223 1177 fortasse
242 1111 424 1191 deliquerit,
448 1132 559 1194 ponam
578 1114 759 1195 deliquisse,
785 1129 815 1177 at
832 1117 988 1179 hominem
1005 1135 1109 1183 tamen
1125 1135 1156 1182 et
1174 1119 1264 1184 derir‘n

87 1201 252 1263 voluntate
276 1197 448 1274 communis
471 1212 593 1259 nostrae
611 1213 736 1261 naturae
753 1202 949 1283 participem,
973 1190 1056 1267 nefas
1077 1221 1111 1268 et·
1124 1207 1266 1287 iniquum

69 1286 205 1359 luerit,
228 1283 343 1344 indicta
361 1304 449 1343 causa
469 1297 500 1343 et
517 1284 630 1363 absque
648 1285 762 1346 iudicio
781 1287 855 1347 talis
868 1288 1001 1350 criminis
1018 1290 1114 1375 gra'tia
1131 1292 1264 1374 proscri-

89 1373 177 1435 bere
218 1366 400 1429 Cuiusmodi
418 1389 511 1450 porro
534 1369 617 1430 aliud
635 1371 776 1450 quintum
792 1370 940 1433 iudicium
958 1375 1094 1452 violarit,
1107 1391 1265 1459 spectate,

90 1456 313 1533 Phre'attae'qm
358 1456 393 1512 ln
412 1475 473 1533 quo
493 1476 611 1515 causam
630 1455 730 1516 dicere
747 1457 816 1540 lege
832 1457 976 1535 iubetur„
1005 1453 1031 1521 si
1050 1463 1121 1543 quis
1137 1462 1178 1522 ob
1196 1465 1264 1524 cai-

90 1545 164 1609 dem
187 1540 345 1601 fortuitam
370 1539 403 1605 in
430 1539 567 1600 exsilium
591 1541 762 1624 profectus,
791 1544 928 1604 nondum
953 1548 1161 1608 reconciliatis
1184 1549 1264 1610 eaesi
1333 1590 1342 1595 -

86 1626 289 1712 propinquis,
321 1625 445 1685 alterius
470 1626 659 1687 voluntariae
684 1628 782 1688 caedis
806 1627 1008 1691 insimuletur.
1047 1632 1156 1714 Neque
1179 1640 1284 1710 vero,.

88 1714 166 1796 qnia
190 1714 254 1773 huo
274 1711 303 1772 ei
320 1709 426 1772 venirc
444 1732 508 1772 non
527 1725 573 1772 est
595 1714 766 1795 integrum,
791 1732 860 1773 eum
885 1716 1019 1798 neglexit
1042 1716 1085 1789 is,
1108 1718 1164 1798 qui
1188 1714 1264 1781 haec
1289 1705 1308 1782 z·
1339 1737 1343 1773 ἰ

87 1796 215 1884 singula
232 1796 400 1876 ordinavit,
427 1817 528 1887 neque
545 1798 707 1880 propterea
725 1799 813 1884 quod
826 1798 909 1880 prius
929 1801 1018 1865 etiam
1037 1802 1096 1862 tale
1116 1803 1190 1882 qnid
1208 1803 1262 1864 de‘·

90 1884 239 1970 signarit,
256 1881 354 1942 simile
373 1881 486 1941 crimen
504 1883 536 1942 in
556 1904 592 1943 eo
611 1883 683 1944 satis
703 1904 768 1943 csse
785 1885 946 1964 probatum
965 1886 1097 1947 censuit:
1123 1877 1176 1947 sed
1196 1896 1262 1949 eam'

26 2012 33 2029 ,
86 1972 245 2038 rationem
260 1967 396 2041 invenit,
414 1989 472 2046 qua
491 1980 522 2027 et
538 1968 644 2048 pietati
662 1970 837 2028 consuleret
856 1981 887 2028 et
903 1970 988 2033 ilbrm
1007 1991 1064 2031 nee
1083 1962 1262 2034 defensione

41 2132 46 2139 Ι
87 2053 282 2117 meoiudicio
301 2053 441 2133 privaret
485 2052 569 2128 Quid
587 2054 681 2136 igitur
698 2053 793 2116 fecit?
820 2052 939 2114 Iudices
958 2054 1014 2114 illo
1031 2056 1172 2130 adduxit,
1198 2078 1261 2138 quo

86 2141 145 2203 illi·
155 2140 299 2209 accedere
317 2137 361 2197 fas
381 2149 461 2211 erat,
490 2138 648 2220 designato
667 2139 798 2217 quodam
815 2139 951 2220 regionis
970 2137 1090 2200 nostrae
1109 2141 1261 2202 maritim0

87 2228 180 2300 loco,
208 2224 318 2304 quiad
335 2223 507 2282 Phreattam
526 2224 701 2304 appellatur.
744 2225 819 2285 Post
842 2223 894 2283 ille
911 2245 987 2284 nave
1005 2227 1156 2286 accedens
1169 2225 1261 2286 verba
1284 2268 1298 2279 .-

88 2311 173 2386 tacit,
189 2323 272 2370 terra
288 2329 351 2368 non
370 2320 524 2380 contacte:
543 2309 588 2368 illi
604 2309 636 2369 in
653 2322 734 2379 terra
750 2308 921 2370 auscultant
937 2322 967 2370 et
981 2309 1123 2372 iudicant
1142 2309 1264 2386 Quodsi

22 2402 26 2409 ”
89 2394 295 2468 convincitur,
314 2413 426 2475 poenas
445 2392 503 2454 luit
521 2392 807 2455 caedi'voluntariae
822 2394 1012 2468 constitutas,
1030 2395 1123 2476 idque
1137 2396 1277 2456 merito:-

26 2498 39 2550 “,
88 2482 140 2544 sin
166 2479 351 2553 absolvitur,
376 2479 528 2539 indemnis
548 2479 670 2559 quidem
695 2478 759 2538 eius
785 2479 918 2540 criminis
943 2478 1021 2552 abit,
1046 2482 1100 2541 sed
1124 2480 1264 2541 exsilium
1323 2472 1326 2477 ¹

90 2568 135 2629 ob
152 2566 287 2648 priorem
307 2565 428 2625 caedem
446 2563 595 2624 indictum
613 2564 749 2624 sustinet
784 2566 853 2639 Qua
871 2565 965 2647 igitur
981 2565 1077 2646 gratia
1094 2579 1181 2626 tanto
1197 2577 1263 2626 stu-

91 2654 147 2717 dio
169 2663 296 2722 tractata
313 2662 386 2710 sunt
403 2649 477 2709 haec
497 2649 618 2709 omnia?
653 2650 736 2710 Paris
760 2649 924 2730 impietatis
943 2649 1048 2709 harum
1071 2652 1263 2711 sanctionum
1346 2658 1349 2663 '

93 2750 203 2800 auctor
219 2757 284 2799 esse
302 2735 438 2809 censuit,
468 2735 572 2795 vel‘ad
589 2734 722 2794 facinora
741 2734 921 2809 connivere,
951 2734 999 2794 vel
1016 2735 1172 2795 insontem
1188 2754 1264 2815 pro-
1286 2740 1347 2801 411

20 2882 25 2888 .
92 2822 234 2896 scribere
276 2820 441 2891 Enimvero
460 2819 621 2880 sitantum
639 2820 773 2878 studium
792 2819 970 2893 adhibetur,
1000 2830 1037 2878 ut
1054 2818 1104 2893 hi,
1127 2802 1186 2899 'qui
1203 2819 1264 2879 iam

11 2922 16 2933 “
90 2907 265 2970 homicidae
282 2905 408 2966 iudicati
425 2919 506 2979 sunt,
525 2906 562 2965 de
579 2903 756 2964 criminibus
772 2916 843 2985 post
861 2903 988 2966 obiectis
1006 2923 1039 2963 se
1056 2906 1197 2987 purgare,
1211 2925 1264 2965 ve-

89 2995 160 3055 nire
178 2993 211 3053 in
228 2991 375 3053 indicium
395 3003 426 3050 et
444 3011 567 3052 omnem
584 2989 768 3070 aequitatem
785 2990 935 3070 consequi
949 2989 1080 3071 possint:
1107 2989 1264 3080 iniquissi-

90 3101 175 3141 mum
194 3070 335 3160 profecto
352 3076 460 3151 fuerit,
493 3077 531 3136 de
549 3076 687 3135 nondum
705 3050 863 3149 convitio,
893 3074 1084 3135 renondunr
1102 3064 1285 3155 explorata,

90 3177 196 3227 utrum
213 3163 339 3236 lecerit,
357 3184 414 3222 nec
432 3182 489 3235 ne,
507 3160 581 3221 item
605 3173 708 3220 utrum
727 3160 840 3220 invitus
858 3182 896 3220 an
913 3160 1020 3221 volens
1038 3159 1163 3234 lec'er'it,
1189 3159 1264 3221 scri-

93 3251 184 3323 bere,
201 3249 377 3310 dedendum
396 3242 466 3307 eum
484 3265 550 3306 csse
563 3259 639 3315 ‚ante
658 3245 802 3304 iudicium
820 3245 893 3326 ipsis
912 3244 1146 3323 accusatoribus.
1175 3242 1265 3305 Sexta

16 3410 19 3419 Ι
91 3356 186 3417 porro
201 3332 372 3395 ulciscendi
385 3332 464 3393 ratio
476 3344 572 3393 restat
588 3342 709 3411 praeter
724 3330 777 3389 has
796 3351 916 3391 omnes:
935 3353 994 3410 qua
1006 3329 1112 3390 itidem
1130 3342 1267 3410 praeter-

92 3422 152 3495 ita,
179 3420 337 3481 decretum
363 3417 423 3477 hoc
446 3417 566 3498 scripsit
583 3419 647 3476 iste.
691 3415 724 3474 Si
743 3415 810 3495 quis
830 3415 903 3475 haec
921 3414 1073 3497 ignoravit
1091 3415 1210 3489 omnia,
1237 3413 1264 3472 si

48 3515 54 3533 ¹
92 3519 250 3587 tempora,
269 3504 380 3586 quibus
399 3503 473 3562 baec
490 3502 609 3585 singula
626 3501 763 3561 sarienda
782 3500 929 3574 soissent,
946 3499 1146 3580 praeteriere,
1164 3499 1190 3560 si
1208 3497 1265 3559 alia

92 3591 236 3674 quapiam
254 3586 298 3651 de'
313 3610 400 3650 causa
417 3586 471 3649 tali
488 3589 581 3647 modo
600 3608 687 3647 suum
706 3587 752 3646 ius
770 3585 914 3666 persequi
932 3606 995 3645 non
1013 3585 1094 3658 vult,
1117 3582 1265 3645 et'homi·

92 3670 191 3759 eidam
208 3689 277 3737 turn
295 3675 327 3733 in
345 3673 482 3755 templis,
500 3687 565 3734 tum
584 3694 639 3752 per
655 3673 756 3732 sorum
775 3670 1021 3732 obambulantem
1033 3669 1135 3731 ¹videt:
1154 3671 1266 3730 ducere

90 3763 179 3825 illum
198 3763 273 3823 licet
290 3760 323 3820 in
342 3778 509 3832 carcerem,
540 3779 604 3819 non
623 3759 766 3829 domum,
795 3768 853 3817 ne'c
871 3778 933 3837 quo
952 3756 1063 3836 cuique
1080 3755 1200 3815 libitum
1220 3764 1268 3813 est

29 3846 37 3861 ⁸
90 3846 146 3934 (id
164 3849 250 3931 qnod
268 3859 304 3908 tu
322 3841 528 3926 concessisti)
561 3844 669 3923 quue
688 3842 868 3915 coniectus,
889 3842 1066 3902 antelatam
1084 3838 1267 3900 sententiani

90 3918 170 3995 nibil
189 3931 319 3996 omnino
336 3930 486 4012 patietur:
504 3928 659 3988 convictus
679 3927 802 4007 quidem
821 3938 919 3987 mo'rte
937 3925 1150 3999 mulctabitur,
1162 3925 1221 3984 'sed
1239 3922 1267 3984 si

90 4034 252 4083 accusator
270 4016 408 4098 quintam
427 4013 641 4097 suffragiorum
659 4024 775 4093 partem
792 4032 857 4072 non
874 4011 989 4089 tulerit,
1003 4010 1096 4071 'mille'
1111 4008 1267 4095 drachmas

91 4106 157 4188 ipse
175 4107 306 4184 insuper
323 4102 442 4161 solvet>
470 4099 514 4160 bt
531 4119 595 4160 non
613 4099 673 4158 hoe
690 4098 784 4158 modo
801 4097 859 4157 iste
877 4096 1014 4178 scripsit,
1028 4096 1092 4171 sed
1111 4095 1266 4156 ct‘inson-

90 4203 154 4253 tem
181 4187 424 4260 criminandum,
450 4198 481 4246 et
502 4184 717 4246 indemnatum·
735 4182 837 4243 statim
855 4182 1028 4245 dedendum
1047 4187 1132 4241 essee
1155 4177 1267 4261 quodsi

93 4274 346 4358 quis-hominum
363 4285 417 4332 aut
434 4284 500 4332 tota
523 4271 613 4330 etiam
637 4269 741 4330 civitas
765 4280 814 4328 tot
830 4267 950 4350 legibus
969 4278 1001 4326 et
1016 4265 1164 4327 institutis
1181 4287 1199 4325 a
1216 4271 1266 4325 nie

61 4406 64 4410 -
93 4359 303 4434 enomeratis,
327 4378 366 4419 ne
383 4351 739 4441 destruantur·(quaejet
757 4366 878 4416 ostensa
897 4350 1061 4424 divinitus,
1078 4365 1111 4415 et
1126 4347 1267 4414 ab'ornni
1347 4425 1349 4429 Ι

169 4456 185 4479 a
1327 4448 1332 4457 ,

925 4447 1062 4515 '20

913 4658 919 4688 l
