2722 4754
263 128 579 266 ¹stravius-ns
614 141 977 252 nicenus-run.
1067 174 1107 272 J
1166 127 1230 266 ⁵⁰⁵⁵
1307 145 1323 201 ³

60 359 92 406 et
108 356 193 405 actor
210 339 363 425 sportulas
379 345 563 424 ponatsuae
579 337 680 427 partis.
716 336 780 412 Qui
797 348 898 398 autem
925 335 1150 421 condemnatus
1161 329 1231 390 lue-2

50 432 114 504 rit,
142 451 212 490 eum
229 442 385 510 praetores
404 425 614 498 inscribunto,
631 423 712 504 apud
731 443 809 502 quos
826 421 974 482 iudicium
992 423 1063 494 liet,
1082 415 1229 480 exactori-

60 517 117 576 bus
137 516 175 574 de
194 535 250 588 eo,
268 512 414 594 quadiu
431 509 694 580 aerarium-redit,
721 507 934 586 quaestoribus
952 508 1106 567 Minervae
1124 505 1168 563 de·
1180 521 1230 574 eo,

63 602 146 682 quod
173 601 246 660 deae
272 609 481 658 consecratum
508 609 561 656 est
597 593 725 670 Quodni
749 592 974 671 inscripserint:
1005 592 1063 674 ipsi
1088 589 1231 650 debente.

147 687 209 744 Lex
221 683 345 765 quidem
363 682 437 741 haec
454 682 539 741 firma
557 693 608 740 est
628 680 705 739 lllud
723 677 974 759 autemlcogitate
989 676 1234 757 ipsivobiseum,
1262 754 1265 757 Δ

62 762 198 842 ludices,
224 768 368 847 quidnam
387 768 500 848 putetis
519 788 576 827 nos
593 770 753 847 'perpessos
772 759 1019 843 esse'superiore
1038 776 1175 843 tempore
1194 759 1236 818 al)

60 857 127 916 'istis
147 855 337 933 istorumque
355 853 540 934 petulantia,
565 852 619 930 qui
636 863 749 911 tantam
775 862 904 909 vestram
929 847 1040 933 urbem!
1061 860 1233 907 contemse-

41 952 43 959 '
64 953 137 1003 runt
156 951 187 999 et
203 941 285 1020 leges
305 951 430 1011 vestras,
449 938 590 1017 et‚¹quod
609 948 714 1016 aperte
729 934 849 1017 legibus
867 932 1063 993 interdictum
1077 942 1137 1004 est,
1155 933 1232 990 adeo
1254 937 1259 947 ‘
1282 953 1285 957 ’

66 1025 287 1097 contumeliose
305 1023 427 1103 praedia
452 1024 664 1095 devastarunt,
685 1024 767 1100 'quae
784 1019 910 1100 reliquit
926 1018 1079 1100 Hagnias.·
1099 1018 1162 1076 Lex
1180 1031 1234 1074 au-'

65 1125 127 1172 tem
146 1123 229 1170 vetat
245 1108 293 1170 vel
311 1109 344 1168 in
361 1109 485 1189 proprio
512 1100 696 1188 patrimonio
715 1105 773 1165 ista
791 1104 865 1164 fieri.
900 1104 1031 1165 lllultum
1049 1101 1166 1162 scilicet
1183 1099 1236 1159 isti
1340 1109 1345 1114 '

67 1209 182 1267 curant,
201 1217 238 1254 an
257 1193 376 1276 legibus
394 1193 501 1254 vestris
522 1193 743 1272 obtemperent,
761 1203 813 1250 aut
830 1189 966 1274 Hagniae
984 1189 1096 1249 familia
1115 1185 1235 1247 desole-

67 1295 124 1342 tur.
161 1281 235 1361 Ego.
246 1301 320 1339 vero
340 1280 377 1338 de
401 1280 541 1358 meipso
560 1299 653 1357 pauca
678 1277 775 1343 dicam
792 1269 872 1354 apud
890 1296 960 1347 vos,
985 1274 1130 1346 ludices,¹
1144 1284 1235 1350 atque

68 1366 235 1437 ostendam,
254 1365 351 1437 aliter,
370 1386 458 1442 quarn
476 1363 552 1434 istis,
571 1382 659 1421 curae
678 1361 753 1419 mihi
767 1360 861 1419 fuisse
876 1358 1063 1441 Hagnianam
1081 1357 1238 1428 familiam,-
1300 1393 1307 1400 -

67 1465 101 1511 ut
119 1471 159 1508 ne
176 1450 324 1509 interiret
349 1448 426 1506 Nam
445 1461 476 1513 et
493 1447 557 1527 ipse
576 1442 644 1506 sum
661 1445 800 1505 Buselini
816 1445 944 1528 generis
970 1441 1237 1512 Habronisenim,
1301 1468 1304 1473 ·

66 1535 172 1595 Buseli
190 1535 255 1615 lilii,
273 1546 395 1614 neptem
414 1554 432 1591 e
447 1532 509 1592 filia
527 1531 612 1592 duxit
626 1527 823 1606 Callistratus,
839 1530 1010 1590 Eubulidas
1022 1528 1116 1599 filius,
1132 1525 1238 1586 Buseli

69 1642 179 1701 nepos:
207 1634 237 1680 et
256 1642 292 1678 ex
310 1618 462 1677 Habronis
481 1630 572 1697 nepte
591 1629 622 1675 et
641 1613 829 1688 Callistrato,
848 1628 960 1695 nepote
978 1613 1149 1684 llabronis,
1167 1624 1237 1671 nata
1307 1632 1310 1639 *

67 1720 114 1766 est
132 1717 356 1772 maternostra.
374 1703 440 1785 Ego
459 1723 533 1763 vero
553 1714 677 1760 matrem
695 1701 785 1760 huius
805 1700 918 1760 iudicio
932 1699 1059 1779 evictam
1077 1697 1165 1759 duxit
1182 1692 1237 1756 na-

66 1791 156 1870 tique
174 1789 249 1868 milri
267 1789 323 1849 filii
341 1801 413 1849 suut
431 1780 578 1866 quatuor',
595 1809 656 1846 una
674 1786 743 1847 lilia.
778 1787 834 1846 His
852 1786 976 1849 nomina
994 1784 1136 1867 imposui,
1153 1781 1238 1843 ludi·
1260 1777 1321 1834 178

66 1898 134 1948 ces,
162 1876 349 1943 haecsnatu
373 1872 502 1933 maximo
527 1871 650 1943 Sosiae,
683 1872 776 1952 patris
799 1870 877 1944 mei,
903 1885 939 1932 ut
961 1884 1093 1951 aequum
1119 1881 1180 1943 est,
1208 1879 1240 1928 et

65 1973 140 2019 natu
175 1961 304 2019 maximo
329 1960 505 2020 idnomen
537 1956 671 2027 restitui:
705 1956 842 2037 proxime
874 1955 910 2015 ab
936 1956 995 2016 hoc
1018 1950 1091 2014 nato
1124 1963 1241 2034 nometi

64 2045 127 2103 feci
145 2045 334 2117 Eubulidae,
359 2044 442 2122 quod
461 2054 574 2102 nomen
591 2042 650 2101 luit
667 2043 745 2121 patri
763 2042 865 2101 matris
883 2042 971 2122 pueri
990 2041 1095 2099 huius:
1121 2041 1166 2112 ei,
1185 2039 1256 2125 qui⁸
1294 2045 1307 2071 ⁸
1332 2056 1334 2060 '

64 2130 149 2188 hunc
175 2130 331 2208 sequitur,
363 2127 542 2188 Menesthei.
569 2147 682 2196 nornen
712 2127 860 2206 imposui,
892 2148 960 2185 nam
987 2139 1018 2184 et
1043 2125 1240 2185 Menestheus

44 2228 215 2296 cognatus
240 2215 328 2272 uxori
353 2233 437 2271 meae
460 2212 534 2271 suit:
564 2212 691 2271 minimo
717 2212 831 2271 nomen
855 2210 914 2269 leci
941 2206 1129 2282 Callistrato,
1154 2209 1239 2288 quod

66 2320 182 2358 nomen
208 2299 285 2379 patri
311 2297 412 2356 matris
431 2316 515 2355 meae
540 2295 607 2355 fuit.
641 2297 801 2356 Praeterea
823 2296 915 2356 filia'm
935 2296 1024 2355 etiam
1043 2294 1121 2353 nulli
1138 2294 1248 2377 alieno!

67 2383 232 2456 collocavi,
258 2384 312 2454 sed
336 2381 436 2442 fratris
463 2380 523 2443 mei
541 2381 622 2440 filio:
648 2394 698 2454 ut,
716 2381 742 2441 si
767 2381 934 2453 valuerint,
958 2380 1124 2451 ethorum
1150 2379 1240 2451 lilueri

51 2483 105 2530 'ex
124 2471 227 2529 eadem
246 2468 308 2528 sint
325 2490 393 2527 curn
411 2466 530 2548 Hagnia
554 2466 672 2526 familia.
707 2467 753 2526 Ac
771 2488 829 2548 ego
853 2466 976 2546 quidem
1000 2476 1065 2525 eam
1090 2463 1239 2525 rationem
1299 2457 1301 2464 ’

71 2554 229 2634 inii,‘qua
258 2553 384 2612 maxime
409 2552 539 2611 familiae
566 2551 713 2613 oriundae
738 2552 884 2611 aBuselb
910 2563 1170 2612 conservarentur.
1187 2584 1192 2617 ·.
1204 2550 1266 2609 lu'

71 2640 265 2704 istos—autem
282 2661 387 2700 rursus
405 2636 603 2725 inquiremus.
644 2637 824 2721 Sedlegem
842 2637 925 2719 prius
944 2636 1138 2698 lianoreeita
1244 2711 1250 2722 .

604 2741 728 2859 {aa
783 2850 793 2863 ,

159 2897 286 2956 Praetor
304 2917 406 2955 curam
424 2907 509 2978 gerat
526 2895 712 2976 pupillorum
732 2907 763 2954 et
778 2893 977 2975 pupillarum,
1002 2893 1259 2973 etlamiliarnm,

75 3003 151 3063 quae
170 2983 326 3041 intereunt
335 3024 350 3055 ,¹
372 2993 403 3041 et
412 2976 643 3059 matronarum,
671 3001 748 3060 quae
774 2993 897 3040 manent
914 2980 947 3040 in
973 2981 1099 3040 aedibus
1116 2978 1242 3039 marito-

41 3069 43 3073 ’
74 3091 142 3128 rum
160 3068 392 3140 defunctorum,
418 3087 450 3126 se
468 3079 590 3125 uterum
606 3067 685 3125 serre
712 3066 856 3126 dicentes.
891 3065 1010 3127 Horum
1029 3086 1130 3126 curam
1148 3076 1244 3147 gerat,
1279 3070 1285 3074 “

76 3173 176 3232 neque
196 3153 274 3212 sinat
293 3152 335 3210 eis
362 3151 502 3210 iniuriam
521 3151 605 3224 ficri,
629 3163 682 3210 aut
700 3142 860 3230 quicquam
880 3150 912 3209 in
928 3172 983 3212 eos
1001 3151 1139 3231 iniquum
1159 3170 1244 3209 eom·
1330 3167 1332 3173 ·

76 3238 171 3298 mitti:
190 3249 220 3297 et
231 3249 412 3319 potestatem
431 3235 541 3295 habeat
559 3236 737 3296 auctoritate
756 3237 946 3318 magistratus
965 3228 1243 3318 infligendae'poe-

75 3344 141 3383 nae.
177 3323 231 3382 Sin
249 3322 386 3404 graviore
404 3342 503 3401 poena
522 3322 632 3404 dignus
656 3318 823 3380 videbitur:
847 3322 1023 3381 arcessitum
1042 3333 1176 3392 accuset,
1204 3331 1245 3392 et,

76 3409 188 3468 mulcta
207 3407 262 3466 suo
282 3407 407 3472 arbitrio
426 3406 579 3487 inscripta,
597 3408 629 3466 in
647 3406 802 3465 Heliaeam
821 3406 1004 3470 introducat,
1030 3405 1150 3480 Quodsi
1170 3425 1246 3463 con·
1276 3470 1279 3474 ,

75 3495 173 3553 victus
188 3492 289 3565 luerit,
306 3492 486 3572 pronuntiet
498 3492 633 3563 Heliaea,
649 3485 723 3571 quid
737 3491 766 3550 ei
780 3491 819 3551 sit
831 3491 979 3551 luendum
992 3504 1045 3569 aut
1056 3491 1246 3553 solvendum.

164 3579 235 3652 Quo
255 3590 354 3644 autem
374 3590 463 3657 pacto
482 3578 575 3660 magis
594 3577 651 3637 ulli
668 3576 811 3636 familiam
838 3577 966 3636 alicuius
993 3575 1161 3655 exstirpare
1174 3584 1251 3655 posi

78 3664 156 3736 sint,
185 3685 273 3742 quam
293 3662 319 3721 si
335 3661 471 3745 Hagniae
489 3684 602 3745 genere
620 3663 774 3743 proximos
794 3663 965 3742 expulerint
983 3663 1023 3735 ii,
1049 3661 1102 3741 qui
1120 3672 1192 3720 sunt
1210 3680 1247 3718 ex
1318 3666 1323 3675 ’

78 3749 134 3808 alia
150 3748 259 3808 Stratii
284 3746 414 3818 familia?
442 3759 473 3808 et
488 3770 612 3830 rursus,
630 3747 656 3807 si
675 3747 874 3808 hereditatem
893 3747 1029 3831 Hagniae
1053 3745 1189 3826 postulat
1212 3755 1249 3807 ul

47 3871 49 3875 ,
78 3846 236 3914 cognatus,
254 3852 367 3893 nomen
386 3844 486 3893 autem
504 3833 613 3907 hahet,
632 3829 953 3916 nedumexHagniae
971 3824 1102 3904 familia,
1119 3831 1173 3890 s'ed
1190 3849 1249 3889 nec
1324 3902 1327 3909 Ι

80 3940 97 3977 c
116 3919 230 3991 Stratii,
249 3917 296 3977 sui
314 3913 537 3999 progenitoris,
555 3931 646 3998 atque
665 3919 840 3990 adeo,cum
856 3924 940 3978 tanta
957 3917 1051 3977 suerit
1068 3915 1173 3976 Buseli
1191 3924 1267 3996 pet-¹

80 4003 217 4077 steritas,
241 4014 279 4063 ne
299 4003 421 4062 illorum
447 4003 571 4082 quidem
595 4003 688 4073 ullius
713 4024 828 4063 nomen
853 4002 965 4063 habet?
1000 4003 1076 4062 Nam
1101 4002 1183 4061 unde
1202 4010 1249 4060 est
1297 4050 1300 4054 ,

79 4089 236 4149 Macartati
253 4087 390 4148 nomen?
425 4088 453 4149 Α
471 4102 604 4149 materna
630 4088 755 4148 familia:
779 4089 937 4170 adoptatus
957 4088 1037 4148 enim
1055 4087 1087 4147 in
1105 4086 1249 4146 familiam

41 4218 44 4223 -
80 4175 237 4234 Macartati
253 4173 432 4254 Prospaltii,
458 4175 599 4235 avunculi
623 4174 687 4247 sui,
714 4187 744 4234 et
761 4174 843 4234 illam
870 4175 959 4245 etiam
985 4172 1076 4234 hahet
1099 4171 1250 4233 familiam.

82 4258 185 4339 litque
204 4260 244 4345 ita
268 4258 398 4318 iniurius
418 4271 479 4332 est,
505 4273 556 4333 ut,
582 4273 655 4320 nato
681 4259 739 4318 sibi
757 4258 839 4334 filio,
865 4253 934 4320 eum
954 4249 1043 4320 etiarn
1062 4259 1094 4317 in
1112 4256 1250 4341 Hagniae
1273 4257 1334 4314 179

83 4344 224 4406 familiam
248 4344 443 4414 introducere
461 4344 501 4404 sit
525 4345 658 4430 olilitus,
684 4344 778 4425 idque
802 4367 872 4406 cum
889 4346 1027 4433 Hagniae
1049 4343 1250 4427 hereditatem
