2722 4754
454 92 462 116 Ι

148 153 209 208 osa
267 146 273 159 ⁸
322 227 324 231 Ι
385 139 490 227 “,
501 109 943 233 ιιιιιοιιιιιιιιιι
1032 139 1079 207 ι’
1134 128 1142 135 ’

1155 206 1177 235 x:

64 344 66 349 ,
147 297 290 361 lebretur.
325 304 381 362 ls
372 303 495 402 igitir,'
493 327 560 365 cum
579 328 592 365 s
616 319 773 367 erneretur
790 305 889 380 initio,
902 328 925 366 e
941 307 1077 367 Platonis
1097 303 1303 401 congressibus

40 390 43 397 ‘
145 388 258 445 tantam
275 389 485 449 auctoritatem
503 404 549 450 est
568 329 703 472 adeptus.
738 392 846 471 Neque
864 391 971 463 horum
996 391 1162 470 quicquam
1179 387 1245 446 siue
1261 411 1302 448 ra-

84 544 89 551 (
145 469 232 529 tione
250 469 362 548 factum
381 487 452 534 est:
465 475 526 534 imo
545 452 646 558 longe
657 489 736 539 esset
753 476 929 548 absurdius,
953 498 977 534 ιι
969 475 1034 534 ad
1051 494 1143 554 parva
1164 473 1300 550 quaedam

131 555 338 639 perficienda
345 557 433 622 nobis
459 559 530 620 artis
549 572 638 640 atquc
666 560 888 621 exercitationis
912 581 987 639 opus
1012 571 1095 618 esset
1116 555 1302 630 adiumentis,

130 658 194 704 ,res
212 659 284 700 vero
304 643 446 703 maximae
464 645 576 704 nullam
595 657 704 718 artem,
719 647 838 707 nullum
857 644 1030 712 huiusmodi
1049 640 1188 702 studium
1206 652 1302 719 postu

140 722 251 782 larunt„
286 725 330 784 Ac
351 729 388 788 de
407 727 452 787 bis
468 729 598 828 quidem
611 730 706 808 plura
715 730 834 802 dicere,
860 750 923 788 non
940 728 1051 802 video,
1077 742 1223 824 quorsum
1241 725 1300 784 atti

146 820 238 870 neat:
249 829 349 890 neque
369 813 453 872 enim
466 813 554 873 initio
574 813 617 873 sic
629 815 666 872 in
675 814 752 874 banc
771 813 956 900 mentionem
971 835 1035 872 sum
1037 802 1228 892 ingressus,
1229 831 1300 907 ‘qua-

147 891 173 956 si
191 904 225 951 tu
244 908 277 955 ea
283 917 418 975 prorsus
436 896 609 980 ignorares,
627 899 680 968 sed
697 898 786 958 buius
805 892 924 980 generis
942 893 1236 957 exhortationibus
1227 915 1300 974 rgna-

38 989 58 1016 Ψ
87 1047 89 1051 ,
141 997 197 1036 ros
217 978 348 1052 excitari,
365 982 496 1044 scientes
512 982 690 1043 inflammari
707 983 921 1064 putabam.e
875 983 921 1042 Ne
939 1003 1011 1041 vero
1030 993 1132 1061 putes,
1151 999 1209 1050 me,
1227 980 1298 1056 quod

41 1104 44 1109 ι
130 1060 204 1161 ,ιιιι
229 1063 372 1139 dixerim,
398 1068 435 1126 de
459 1088 506 1126 mc
531 1063 674 1148 polliceri
692 1069 749 1127 tibi
775 1068 942 1128 doctrinam
968 1067 1074 1129 harum
1100 1083 1220 1122 rer-um:
1252 1079 1341 1122 uec>¹

148 1145 228 1206 enim
247 1170 294 1207 ιιιι
313 1149 400 1209 lateri
418 1153 564 1232 pudet,
555 1175 612 1232 rpsr
604 1152 705 1212 mihi
722 1153 819 1214 adhuc
837 1153 931 1213 multa
950 1172 1015 1210 esse
1034 1148 1204 1230 discenda,
1222 1159 1298 1226 atque

146 1230 245 1310 ipsum
263 1234 491 1336 rempublicam
496 1238 584 1296 malle
601 1257 718 1320 gerere,
735 1259 825 1337 quam
838 1228 903 1296 aliis
919 1257 984 1296 eam
1001 1216 1178 1294 doctrinam
1186 1233 1298 1293 ιιιιιιιι.

146 1315 254 1394 Neque
272 1312 388 1378 liaec
364 1342 414 1380 ιιι
431 1321 524 1401 accipi
516 1322 648 1396 'velim,
673 1324 758 1421 quasi
783 1342 925 1402 aspernor
943 1341 1024 1391 eam,
1051 1337 1129 1398 quae
1149 1316 1297 1395 sapientiae

148 1411 186 1487 et
196 1401 387 1481 eloquentiae
406 1406 555 1486 magistris
572 1407 727 1486 proposita
746 1419 808 1477 est,
827 1406 968 1488 gloriam.
987 1404 1041 1463 sed
1060 1403 1110 1474 id,
1130 1401 1214 1500 quod
1231 1401 1297 1477 dico,

146 1505 251 1544 verum
277 1501 328 1548 est
363 1489 433 1550 Scio
453 1490 552 1563 ιιιιιιι,
579 1492 709 1560 multos
703 1513 754 1550 ιιι
780 1489 915 1550 obscuris
944 1501 973 1548 et
991 1486 1155 1551 contemtis
1174 1505 1229 1565 per
1245 1506 1296 1546 eam

146 1569 366 1649 professionem
385 1575 515 1635 illustres
534 1596 599 1635 esse
616 1576 728 1634 factos.
747 1597 780 1634 ac
796 1575 942 1634 Solonem
961 1586 991 1633 et
1008 1573 1162 1632 viventem
1183 1583 1221 1629 ιι
1229 1591 1297 1638 ruor-

146 1665 233 1713 tuum
252 1658 377 1718 maxima
394 1659 490 1740 gloria
500 1658 665 1733 (floruisse,
688 1682 736 1719 cur
728 1659 864 1738 reliqui
890 1657 1031 1717 honores
1042 1652 1146 1737 negati
1165 1675 1228 1713 non
1244 1655 1295 1713 fue

68 1790 72 1798 .
145 1752 225 1798 runt
260 1741 336 1800 Nam
355 1756 387 1803 et
403 1744 590 1805 fortitudinis
609 1764 697 1818 suae,
717 1758 873 1824 tropaeum
892 1744 1070 1824 Megarense
1089 1739 1298 1801 monimentum

144 1824 284 1925 reliquit:
304 1839 334 1885 et
351 1829 487 1902 consilii,
504 1828 662 1888 Salaminis
681 1827 958 1909 recuperationem:
976 1839 1007 1885 et
1024 1825 1152 1884 caeteris
1172 1823 1204 1882 in
1221 1824 1299 1882 rebus

147 1909 329 1988 sapientiae,
344 1912 464 2000 leges,
475 1914 584 1992 quibus
604 1914 693 1973 etiam
711 1913 803 1972 hodie
820 1911 944 1993 plurimi
962 1911 1152 1970 Graecorum
1172 1921 1299 1967 constan-

146 2006 194 2052 ter
210 2008 347 2055 utuntur.
360 1997 451 2073 Qui,
449 2018 634 2097 quamquam
652 2011 700 2058 tot
715 1997 899 2057 ornamentis
919 1995 1099 2066 cumulatus,
1116 2008 1219 2056 tamen
1235 1992 1300 2052 nihil

105 2136 110 2141 .
146 2079 277 2158 perinde
292 2081 411 2142 studuit
427 2094 570 2163 atqucut
587 2082 618 2141 in
637 2092 752 2164 septem
771 2081 939 2162 sapientum
957 2089 1119 2139 numerum
1136 2078 1300 2150 referretur,

146 2162 310 2241 sapientiae
337 2166 471 2226 studium
495 2188 559 2226 non
584 2166 697 2247 probro
723 2167 881 2246 cuiquam,
906 2165 959 2224 sed
977 2164 1058 2223 laudi
1086 2163 1227 2223 omnibus
1244 2183 1301 2221 csse

68 2257 71 2261 ’
147 2247 291 2314 dandum
298 2250 483 2319 existimaus:
505 2253 541 2310 in
560 2272 621 2330 quo
647 2273 741 2331 aeque
759 2264 841 2311 recte
866 2249 978 2322 sensit,
1004 2249 1091 2307 utin
1111 2247 1251 2320 caeteris,
1272 2247 1300 2304 in

65 2342 126 2401 406
150 2329 260 2410 quibus
279 2332 425 2394 excelluit
460 2335 562 2415 Atque
582 2356 638 2417 ego
657 2357 713 2395 nec
731 2336 828 2419 ipse
814 2335 901 2394 aliter
917 2333 1034 2405 sentio,
1052 2346 1084 2392 ct
1100 2332 1156 2392 tibi
1171 2332 1300 2413 pbiloso-

147 2415 302 2495 phandum
327 2439 454 2478 censeo:
479 2441 534 2479 nec
561 2402 828 2493 obliviscendum,
844 2419 962 2499 quantis
986 2430 1017 2476 te
1044 2417 1132 2476 bonis
1155 2430 1257 2476 natura
1273 2427 1302 2474 et

106 2540 110 2545 -
147 2499 269 2568 fortuna
288 2503 454 2591 cumularit
473 2505 559 2579 Quae
577 2504 681 2564 hanc
671 2527 800 2586 ipsam
780 2503 820 2563 ob
839 2524 956 2571 causam
976 2523 1034 2584 ego
1052 2522 1178 2581 quoque
1197 2498 1302 2583 oratio-

148 2585 195 2645 nis
213 2586 301 2645 initio
327 2583 572 2648 commemoravi:
599 2609 662 2648 non
686 2602 746 2650 tam
772 2561 910 2668 qiridem,
935 2598 970 2646 ut
993 2585 1205 2662 laudatione
1196 2575 1303 2666 mgenii

147 2670 194 2730 tui
219 2671 352 2730 animum
377 2685 464 2747 tuum
489 2673 564 2732 mibi
587 2674 797 2746 conciliarem,
822 2695 912 2752 quam
929 2685 965 2733 ut
980 2683 1020 2736 ιι
1031 2671 1069 2731 ad
1078 2669 1301 2756 philosophiam

74 2825 80 2838 x
149 2754 334 2829 adboltarer,
351 2769 387 2816 ut
405 2770 435 2816 et
450 2779 514 2817 eam
529 2779 590 2818 ιιοιι
609 2759 693 2839 parvi
711 2760 847 2830 duceres,
864 2778 930 2830 nec,
949 2754 1065 2815 bonis'
1056 2755 1123 2814 istis
1144 2754 1248 2826 elatus,
1265 2774 1303 2826 ea,

103 2843 105 2852 ’
149 2861 225 2919 quae
242 2853 366 2914 restant,
383 2842 561 2924 negligeres
582 2843 689 2923 Neque
708 2865 791 2916 vero,
808 2842 834 2901 si
852 2842 888 2900 iis
906 2831 1049 2939 praestas,
1068 2837 1291 2938 quibuscum
1263 2861 1300 2897 ιι-

148 2924 203 2997 vis,
221 2926 343 2985 studere
358 2926 427 2986 aliis
437 2947 502 2986 esse
516 2929 717 3027 praestantior
732 2929 829 2998 nolis,
840 2927 892 2986 sed
908 2914 1071 3006 existimes,
1086 2924 1229 2983 eximium
1244 2942 1305 2981 esse

149 2999 346 3070 excellerem
365 3012 522 3110 omnibus,
548 3013 709 3094 magisque
722 3013 881 3092 expedire,
903 3023 939 3070 ut
958 3008 1048 3068 circi
1068 3009 1194 3067 studere
1211 3008 1297 3066 videa·
1343 3059 1345 3063 .

139 3093 200 3173 vris,
219 3117 308 3173 quam
326 3095 409 3155 utin
427 3097 599 3177 eadgaribus
618 3097 766 3174 emineas,
784 3109 835 3155 aut
854 3094 1009 3178 ingenium
1027 3107 1117 3155 tuum
1138 3092 1300 3163 dedecores,

150 3190 201 3236 aut
219 3199 339 3256 eorum,
359 3187 410 3258 qur
402 3180 485 3240 'sibi
505 3183 541 3240 dc
559 3195 589 3240 te
608 3196 715 3264 magna
734 3174 931 3261 pollicentur,
958 3199 1042 3258 spem
1061 3174 1256 3236 frustreris:
1248 3196 1299 3234 uno
1333 3225 1337 3233 .

148 3262 210 3321 tuis
227 3263 387 3325 viribus'
359 3286 479 3325 vancere
497 3266 631 3326 studebis
657 3265 1020 3325 benevolentissimomm
1038 3253 1242 3333 desiderium,
1264 3273 1300 3319 at-

149 3367 209 3426 que
228 3347 426 3421 existimabis,
444 3351 574 3433 reliquas
594 3345 766 3422 orationes,
783 3372 808 3408 ιι
799 3347 1021 3409 mediocriter
1037 3346 1193 3426 placeant,
1213 3342 1300 3404 orato'·

145 3430 231 3491 ribus
251 3453 316 3494 esse
315 3433 457 3514 gloriae,
476 3436 702 3524 praeceptiones
720 3440 819 3493 autem
835 3435 881 3506 iis,
900 3433 953 3512 qui
966 3445 1129 3531 pareant,
1120 3435 1153 3490 ιι
1164 3431 1234 3491 usui
1247 3449 1300 3489 esse

150 3513 184 3575 'e't
200 3515 329 3590 honori,
347 3540 386 3594 ac
397 3518 508 3578 iudicia
526 3520 562 3578 de
581 3520 645 3578 aliis
663 3498 753 3578 rebus
772 3519 864 3577 animi
882 3517 979 3577 nostri
992 3537 1120 3576 sensum
1141 3517 1303 3586 ostendere,

148 3600 328 3660 studiorum
325 3623 408 3661 vero
425 3605 574 3663 delectum
592 3617 690 3666 totum
709 3616 845 3662 nostrum
864 3601 1021 3687 ingenium
1039 3601 1174 3680 aperire:
1194 3601 1231 3659 de
1245 3599 1302 3679 qui-

49 3715 54 3730 r
138 3684 232 3743 ¹bus
222 3687 351 3754 ,interim
365 3687 435 3746 dum
454 3688 585 3761 iudicas,
610 3688 646 3746 ab
666 3687 806 3747 omuibus
827 3689 863 3747 de
882 3701 912 3747 te
936 3686 1005 3756 fieri
1030 3684 1180 3745 iudicium
1209 3704 1303 3764 exspe-

79 3763 91 3773 ’
149 3782 214 3842 cta,
238 3783 269 3829 et
286 3770 374 3844 mihi,
402 3774 453 3851 qui
471 3785 501 3831 te
519 3773 559 3832 ita
577 3731 738 3844 laudarim,
764 3794 819 3852 pro
839 3794 875 3832 eo
895 3794 928 3831 ac
944 3769 1100 3850 specimen
1119 3770 1158 3828 de
1167 3782 1208 3828 ιι
1227 3788 1303 3849 prae-

93 3875 95 3877 ·
147 3853 261 3925 bueris,
279 3857 439 3919 certamina
457 3857 566 3916 fore
542 3878 606 3916 srne
622 3877 704 3915 mora
722 3857 905 3916 sustinenda.
923 3856 1005 3930 Quas
1023 3854 1062 3913 ob
1077 3875 1128 3912 res
1142 3867 1174 3912 et
1186 3867 1218 3914 te
1232 3853 1304 3911 hisce

148 3938 286 3998 laudibus
304 3941 400 3999 videri
418 3941 564 4022 dignum,
583 3941 703 4000 etmihi
722 3941 766 3999 tui
785 3962 917 4000 amorem
935 3961 998 3997 non
1017 3959 1082 3998 esse
1101 3939 1203 3998 fraudi
1223 3958 1306 4018 opor

148 4022 232 4082 tebit
266 4026 309 4083 'le
327 4046 399 4084 vero
419 4046 481 4085 non
499 4027 540 4085 ιιι
552 4038 675 4124 promte
695 4026 730 4083 ad
748 4023 970 4105 philosophiam
990 4004 1283 4097 adhortaremur,
1255 4020 1306 4081 ursi

115 4158 121 4171 χ
148 4125 206 4164 neu
220 4107 307 4167 aliud
332 4131 440 4181 munus
459 4110 588 4170 amicitia
605 4115 718 4169 ιιοιιιι
726 4109 820 4189 magis
839 4110 965 4198 dignum
981 4128 1030 4166 me
1048 4107 1106 4167 tibi
1110 4129 1217 4206 ..posse
1239 4128 1306 4178 eon·

148 4181 227 4271 ferre
246 4191 421 4266 arbitrarer,
447 4207 477 4254 et
494 4194 715 4272 rempublicam
735 4193 886 4271 uiderem,
911 4192 982 4269 dum
1006 4192 1140 4272 penuria
1164 4194 1307 4252 bonorum

129 4266 280 4334 ¹virorum
305 4277 472 4353 quibusvis
488 4279 661 4381 mandatur,
685 4277 726 4336 ob
747 4258 856 4352 borium
877 4236 989 4337 delicta
1013 4276 1154 4338 maximis
1183 4275 1308 4338 cladibus

575 4505 585 4527 1.
