2722 4754
469 172 531 252 ou
568 186 857 253 conoul„
915 176 951 225 ·'
1019 165 1073 240 Ν
1160 198 1220 263 127

153 264 164 297 h

55 358 104 429 tis,
120 351 241 413 nefariis
259 339 433 429 maledictis
452 346 527 428 alios
546 346 596 406 alii
616 345 967 428 proscinderem1m,scd
986 350 1169 420 utiniurios
1187 351 1219 410 iu
1250 352 1252 357 ’
1307 404 1310 409 .

57 437 272 520 rempublicam.
287 437 546 498 convinceremus.
583 434 670 508 Quae
696 449 763 491 cum
783 434 952 496 Aeschines
973 440 1074 517 acque
1088 460 1218 517 *mecum
1241 478 1243 491 .

62 526 147 593 ubet:
173 545 308 584 scurram
327 526 551 607 agerc,-quan'1
571 528 776 578 accusatorem
795 520 909 580 maluit
945 520 1006 583 Sed
1025 520 1075 584 hic
1094 546 1225 605 quoque

63 632 144 680 nmen
161 631 215 691 par
231 609 298 690 pari
315 610 430 669 referre
449 618 495 666 est
520 626 659 695 aequum.
695 606 756 664 lam
783 605 877 689 igitur
896 627 932 665 eo
952 611 1088 686 veniam,
1115 604 1141 671 si
1160 612 1219 671 hoc

67 703 130 788 prius
147 698 357 778 interrogaroc
388 697 496 753 Utrum
511 705 557 766 te,
574 691 738 765 Aeschine,
755 691 947 781 reipublicae
961 688 1080 756 hostem
1099 698 1219 778 aliquis,

69 805 201 852 ,Emeum
212 802 287 840 esse
307 779 411 840 dicat?
429 779 542 838 Meum
560 778 711 836 nimirum.
748 774 811 857 Cur
829 778 939 861 igitur,
968 780 1022 840 ubi
1040 804 1088 842 me
1108 785 1219 843 horum

72 878 142 938 ricem
158 868 277 951 legibus
296 865 404 929 ulcisci
429 865 600 944 potuisses,
627 864 653 922 si
672 863 748 943 quid
765 864 978 945 deliquissem,
1006 870 1169 950 neglexisti
1187 870 1220 929 in

72 958 191 1023 relatione
209 953 382 1025 rationum,
400 952 432 1009 in
451 949 713 1023 accusationibus,
731 949 764 1007 in
783 950 848 1010 aliis
866 951 1011 1012 iudiciis?
1045 954 1100 1013 ubi
1119 969 1224 1014 autem·
1310 982 1314 987 ⁴

51 1056 56 1073 ¹
73 1067 114 1131 ego
127 1042 212 1103 rebus
231 1038 376 1110 omnibus
395 1060 461 1096 sum
480 1037 648 1117 innocens,
667 1035 801 1118 legibus,
820 1050 974 1119 tempore,
992 1040 1219 1121 praefinitione,
1248 1060 1250 1067 ·

72 1125 234 1216 praeiudiciis
254 1143 474 1204 saepenumero
493 1123 577 1203 prius
592 1121 675 1181 hisce
688 1123 832 1182 derebus
844 1124 942 1197 factis,
959 1125 1135 1186 innocentia
1151 1149 1218 1188 mea
1242 1125 1310 1188 172x

73 1215 175 1287 subinde
193 1211 353 1284 declarata,
372 1224 403 1270 et
422 1208 653 1269 existimationis
673 1207 735 1267 sive
753 1208 832 1289 plus,
850 1211 913 1270 sive
932 1211 1033 1283 minus
1051 1211 1101 1294 (ut
1119 1214 1151 1273 in
1169 1220 1226 1274 re-‘

73 1307 116 1366 bns
130 1297 238 1383 publice
257 1295 361 1380 factis)
380 1299 416 1356 ad
434 1293 657 1377 rempublicam*
669 1295 770 1354 redire
789 1316 914 1356 neccsse
934 1311 998 1370 est,
1015 1296 1059 1356 ibi
1078 1321 1217 1360 occursa-

74 1390 119 1452 sti?
134 1386 209 1456 tide,
224 1403 274 1457 ne,
295 1405 363 1442 cum
382 1382 492 1442 horum
511 1381 552 1441 sis
571 1380 685 1455 hostis,
703 1402 805 1440 meum
826 1402 892 1442 esse
910 1395 940 1447 te
958 1382 1091 1465 simules.
1127 1385 1217 1446 Post·
1262 1389 1264 1397 ⁴
1286 1406 1297 1424 ‘

74 1493 146 1562 quam
158 1471 251 1552 igitur,
268 1458 353 1548 quod
368 1468 407 1528 sit
419 1469 504 1548 pium
520 1480 550 1527 ct
562 1467 677 1526 iustum
690 1466 880 1549 suffragium,
894 1466 1036 1529 omnibus
1053 1485 1217 1547 estosten-
1278 1492 1285 1499 ·

72 1581 137 1622 sun:
151 1575 262 1637 meque,
274 1568 310 1619 ut
324 1544 414 1615 video
430 1553 581 1638 (quamvis
595 1574 611 1612 a
627 1553 773 1613 conviciis
788 1567 895 1622 natura
909 1555 1113 1641 abhorream),
1124 1572 1224 1639 opor-³
1268 1602 1273 1611 1

55 1642 231 1726 'tctpropter
249 1653 424 1701 coacervata
442 1640 530 1699 istius
558 1639 716 1699 maledicta
734 1660 790 1721 pro
817 1641 921 1701 multis
939 1655 971 1701 et
989 1643 1070 1719 falsis
1088 1645 1235 1707 maxime'
1268 1672 1272 1679 ¹

28 1748 33 1761 ¹
71 1728 212 1792 necessaria
229 1729 267 1787 de
287 1748 324 1787 eo
344 1726 460 1799 dicere,
480 1738 571 1807 atqqc
590 1727 763 1800 ostendere,
782 1726 850 1806 quis
869 1727 920 1788 ille
940 1751 1008 1788 cum
1027 1730 1082 1804 sit,
1101 1745 1131 1791 et
1149 1731 1218 1812 qui-
1304 1749 1308 1763 *

17 1862 33 1883 ,·
69 1818 115 1878 bns
131 1827 205 1874 ortus
229 1812 397 1885 natalibus,
425 1812 501 1871 adeo
529 1813 704 1892 petulanter
727 1813 908 1882 maledicere
935 1828 1056 1896 coeptet
1079 1829 1109 1877 et
1126 1812 1218 1877 verba

68 1903 195 1983 quaedam
211 1899 357 1982 exagitet:
385 1898 537 1978 cumipse
557 1919 591 1957 ea
609 1886 735 1972 dixerit,
756 1918 850 1978 quae,
879 1900 946 1978 quis
966 1913 1013 1959 est
1030 1901 1123 1962 homo
1141 1924 1217 1984 pau-

69 1989 93 2048 lo
104 1984 284 2059 moderatior,
302 1984 355 2065 qui
373 1984 532 2045 nominare
548 2005 612 2061 non
630 1984 789 2044 vereatur?
807 1983 884 2043 Nam
899 1985 924 2043 si
937 1986 1055 2046 Aeacus
1069 2001 1122 2047 aut
1134 1980 1217 2049 Rhass

69 2073 221 2134 damanthus
239 2082 293 2130 aut
309 2071 411 2128 Minos
431 2083 512 2131 esset
529 2080 752 2144 accusator,·et
770 2090 833 2129 non
852 2070 1027 2153 vitiligator,
1044 2073 1150 2134 rabula
1167 2074 1217 2134 lo·
1278 2100 1283 2107 ·

68 2161 163 2232 rensis,
185 2157 279 2218 scriba
295 2157 452 2237 perditus:
481 2177 549 2216 eum
568 2170 669 2218 tamen
687 2156 758 2216 talia
777 2155 879 2241 ,fuisse
898 2147 1051 2239 dicturum
1069 2178 1133 2220 non
1153 2159 1216 2220 exi·

17 2284 21 2291 ·
71 2246 154 2318 stimo,
167 2265 262 2324 neque
280 2255 341 2302 tam
361 2243 488 2302 niolesta
505 2239 597 2318 verba
616 2242 871 2322 conquisitorum,
888 2244 1078 2322 tanquam‘in
1093 2259 1215 2329 tragoe-

17 2379 20 2387 .
70 2332 125 2390 dia:
145 2330 282 2391 0Tellus
302 2342 333 2388 ct
352 2328 405 2388 Sol
425 2342 455 2388 et
472 2329 589 2401 ¹Virtus,
609 2341 640 2388 et
657 2329 747 2388 buius
765 2328 886 2411 generis
904 2327 976 2390 alia:
997 2343 1027 2390 et
1044 2354 1149 2393 rursus
1168 2333 1232 2399 in-‚
1254 2376 1257 2381 -
1316 2352 1319 2357 ·

17 2490 20 2499 ,
69 2417 240 2499 telligentiam
260 2429 290 2475 et
310 2415 519 2475 cruditionem
531 2415 742 2489 invocantem,
761 2436 820 2500 qua
838 2415 967 2475 honesta
986 2429 1017 2476 et
1033 2419 1134 2499 turpia
1153 2419 1215 2478 dis-

70 2516 212 2562 cernantur.
242 2502 336 2560 'Haec
355 2501 437 2569 enim
455 2501 563 2581 utiquc
582 2484 734 2561 dicentem
748 2520 823 2560 eum
842 2500 1009 2561 audivistis:
1039 2503 1123 2578 Quid
1141 2524 1215 2565 vcro

69 2590 121 2649 tibi
133 2602 173 2649 aut
182 2588 247 2663 tuis,
262 2608 280 2647 o
297 2587 417 2646 sentina
429 2587 626 2669 flagitiorum,
642 2600 688 2646 cst
703 2609 772 2646 cum
785 2586 896 2648 virtute
912 2589 1107 2649 commercii?
1122 2611 1214 2670 quae·
1244 2610 1248 2617 ·

70 2668 101 2734 rc
117 2674 204 2734 talium
220 2694 319 2733 rerum
344 2672 542 2735 diiudicatio?
569 2673 651 2732 unde
675 2686 846 2746 assecutus,
871 2674 925 2753 qui
946 2685 1010 2732 eam
1036 2675 1215 2755 dignitatem

24 2772 26 2777 '
70 2761 179 2841 adeptus
196 2758 243 2819 es?
275 2761 332 2819 Est
350 2779 423 2818 vero
441 2758 500 2818 tibi
517 2757 904 2839 fas,„eruditionis'facere
921 2758 1128 2833 mentionem,
1156 2783 1216 2840 qua

71 2845 461 2926 quiverepcrpoliti‹sunt,’
478 2865 584 2903 eorum
604 2865 695 2903 nemo
716 2845 755 2903 dc
772 2865 804 2904 se
821 2842 887 2908 tale·
909 2844 1071 2924 quicquam
1096 2845 1228 2923 dixerit,
1257 2835 1259 2849 ⁵
1300 2899 1302 2902 .

71 2931 123 3004 sed,
138 2931 178 2991 vel
193 2931 250 2990 alio
269 2932 408 3006 dicente,
421 2929 622 2991 erubesceret
641 2930 768 3004 livero,
787 2930 840 3011 qui
859 2928 997 3001 liberalis,
1011 2930 1215 2993 institutionis
1266 2934 1273 2948 '

70 3029 128 3076 sunt
142 3029 286 3098 expertes,
310 3031 346 3079 ut
361 3033 415 3090 tu,
445 3030 476 3077 et
493 3037 564 3098 prae
582 3016 700 3099 ingenii
725 3029 850 3099 stupore
868 3017 1156 3077 tamen-simulant:
1184 3018 1216 3078 id

17 3098 19 3127 ²
71 3117 282 3184 consequuntur,
299 3117 335 3165 ut
353 3103 508 3164 auditores
526 3102 648 3164 fastidio
669 3117 807 3179 enecent,
817 3125 895 3163 cum
913 3103 984 3162 talia
1002 3101 1131 3178 iactant,
1151 3112 1216 3163 no'n

35 3256 41 3268 Ι
69 3201 99 3247 ut
110 3188 170 3248 tales
188 3210 252 3250 csse
270 3191 438 3251 videantur.
475 3190 666 3274 Quamquam
685 3201 786 3248 autem
805 3189 892 3269 copia
911 3209 974 3248 non
994 3189 1080 3249 deest
1098 3210 1216 3264 corum,
1294 3195 1312 3252 ,“

70 3274 172 3353 quaein
188 3288 218 3335 te
237 3277 352 3357 dicam,
377 3291 480 3337 tamen
495 3275 623 3348 dubito,
642 3274 728 3334 cuius
747 3275 792 3335 rei
810 3275 940 3356 primum
958 3273 1066 3334 faciam
1084 3275 1216 3337 mentio·
1284 3333 1288 3347 ,

69 3379 136 3419 nem:
155 3373 255 3421 utrum
273 3362 350 3422 illud
369 3363 483 3436 dicam,
506 3375 622 3443 patrem
640 3374 728 3420 tuum
746 3363 921 3430 Trometcm
939 3360 1068 3421 servisse
1086 3362 1215 3422 servitu-
1263 3390 1266 3395 f

69 3457 118 3502 tem
132 3448 200 3526 apud
212 3447 343 3528 Elpiam,
362 3449 415 3528 qui
432 3449 534 3509 literas
550 3448 587 3507 ad
603 3447 715 3506 Tltcsci
732 3447 836 3507 fanum
854 3448 990 3520 doceret,
1001 3446 1112 3521 'crassis
1132 3458 1214 3508 tom-

25 3568 28 3573 ·
67 3530 173 3610 pedibus
190 3546 221 3593 ct
236 3534 322 3616 ligno
339 3534 496 3594 vinetum?
516 3547 568 3593 aut
581 3546 707 3600 matrem
721 3546 815 3607 tuam,
834 3532 1026 3614 quotidianas
1044 3534 1165 3614 nuptias
1184 3533 1216 3593 in

66 3615 161 3676 fornice
177 3616 453 3706 apud'Calamitem
472 3621 597 3679 beroem
618 3618 838 3692 celebrantem,
863 3632 895 3679 te
913 3617 1019 3693 nobis,
1046 3612 1216 3702 'elegantem¹

65 3704 132 3771 istam
149 3717 274 3764 statuam
295 3719 325 3766 et
342 3728 493 3767 summum
512 3705 704 3780 histrionem,
723 3705 875 3785 edidisse?
900 3727 937 3764 an
955 3704 1122 3765 utaibicen
1140 3726 1216 3765 nau·
1234 3710 1239 3727 '

64 3786 124 3848 ticus
141 3789 295 3866 Phormio,
312 3783 585 3852 DionisPhrearrii
603 3811 719 3866 servus,
737 3813 802 3851 cam
821 3791 859 3851 ab
876 3791 930 3850 illo
948 3791 1103 3872 praeclaro
1122 3810 1215 3871 quae-

63 3885 101 3933 stu
115 3877 280 3937 revocarit?
305 3877 375 3950 Sed,
393 3877 434 3937 ita
452 3900 501 3938 me
519 3878 635 3959 lupiter
652 3872 756 3958 diique
775 3898 881 3937 omncs
900 3890 1011 3951 ament,
1028 3896 1147 3952 vereor,
1165 3897 1216 3952 nc,

62 3957 121 4035 dum
137 3973 167 4021 tc
184 3962 274 4046 digna
295 3963 375 4036 dico,
394 3965 564 4049 orationem
579 3985 631 4027 me
650 3963 806 4046 indignam
825 3962 995 4024 instituisse
1013 3962 1123 4022 videar.
1158 3963 1215 4023 His

24 4044 42 4085 ·'
61 4042 141 4126 igitur
157 4048 285 4123 omissis,
303 4049 339 4113 ab
358 4049 446 4110 istius
464 4050 559 4131 ipsius
573 4048 634 4109 vita
649 4048 849 4129 primordium
867 4049 988 4130 capiam.
1006 4047 1114 4127 Neque
1134 4049 1215 4109 enim

17 4142 19 4153 '
61 4149 157 4192 corum
173 4134 240 4209 luit,
258 4148 389 4215 quorum
407 4135 479 4198 fuit:
498 4137 551 4195 sed
571 4132 682 4217 eorum!
695 4158 776 4197 unus
794 4135 862 4208 suit,
881 4155 958 4214 quos
978 4134 1110 4216 populus
1130 4156 1215 4196 exse-

59 4210 156 4278 'cratim
198 4219 272 4281 Nam
292 4242 360 4282 sero
378 4223 516 4296 tandem,
535 4242 605 4282 sero
623 4221 764 4301 inquam,
782 4221 848 4281 heri
867 4219 989 4300 quidem
1010 4233 1091 4281 certe
1111 4235 1140 4283 et
1159 4246 1216 4285 nu-

1240 3775 1252 3805 „
1278 3762 1285 3775 ,

60 4300 223 4365 diustertius
240 4307 329 4367 simul
348 4321 378 4368 et
395 4306 593 4368 Atheniensis
611 4307 707 4367 factus
726 4320 773 4368 cst
792 4317 953 4382 ct-orator,
971 4329 1005 4367 ac
1020 4307 1137 4370 duabus
1153 4310 1217 4393 syl-

58 4387 128 4450 labis
141 4390 247 4469 additis
263 4407 379 4477 patrem
397 4415 454 4477 pro
472 4397 617 4458 Tromete
641 4393 714 4454 fecit
732 4393 941 4465 Atrometum,z
967 4408 1092 4479 matrem
1111 4407 1212 4455 antem
1241 4403 1301 4459 173
