2722 4754
46 164 51 169 ’
111 175 121 271 J
149 148 219 233 sm?
471 199 482 222 κ
550 170 941 275 ΒΕΙΜοεΤΗΕΝιει-

48 338 53 345 “
149 338 223 388 tura
239 326 272 385 in
290 303 352 406 quei
371 324 540 383 cumrrecte
564 324 717 398 sentiatis,
740 323 880 406 reliqua,
901 344 977 404 quae
995 326 1065 386 cum
1084 323 1141 385 hac
1166 325 1307 385 sententia
1348 390 1351 402 ¹

63 416 126 491 tte
147 409 354 482 consentiant,
369 409 482 468 *studio
501 428 564 472 non
583 409 715 483 habetis,
741 411 800 470 sed
813 411 943 490 subinde
961 409 998 468 ad
1017 429 1051 476 ea
1069 409 1208 470 sarienda
1224 409 1308 468 indu.
1349 457 1351 467 Α

81 503 91 526 ⁸
148 496 262 566 cimini,
274 514 357 573 quae
375 505 406 551 et
423 492 481 573 ipsi
499 493 599 552 minus
626 515 691 554 esse
708 509 790 556 recta
808 494 968 555 fateamini
1004 495 1203 577 Quamquam
1215 506 1308 553 auten

67 609 72 619 s
148 571 336 660 compertum
356 577 464 649 habeo,
482 578 652 641 laudatores
671 580 812 640 omnibus
831 600 896 640 esse
911 577 1122 653 iucundiores,
1141 599 1232 657 quam
1248 599 1307 638 mo-

119 668 135 737 '¹
148 668 280 732 nitores:
309 675 490 723 nontamen
510 684 557 721 eas
578 662 796 724 blanditiasita
815 664 996 744 expetendas
1015 683 1082 723 esse
1101 662 1178 723 mihi
1196 682 1326 735 censeo„

134 750 267 824 utalia,
286 770 374 828 quam
394 767 471 826 quae
488 749 634 827 prodesse
651 749 738 808 vohis
752 770 927 830 persuasum
945 747 1054 821 hahet),
1074 746 1181 808 dicam.
1199 748 1309 822 Quodsi

148 834 298 925 principio
310 846 399 900 ‚recte
416 832 587 892 sentiretis:
606 832 682 892 nihil
700 835 821 913 publice
838 833 1009 893 laciendum
1028 845 1102 905 erat,
1121 832 1206 911 quod
1220 833 1308 911 priva-

65 968 70 976 .
119 988 124 991 ,
148 922 203 982 tim
221 917 503 999 reprehenderetis,
521 938 560 985 ue
578 917 627 990 id,
639 920 722 997 quod
740 941 821 978 nunc
837 920 889 990 fit,
907 941 965 979 usu
984 918 1113 989 veniret,
1131 929 1176 989 ut,
1194 917 1232 976 de
1250 917 1332 997 qui-=r

149 1007 208 1079 bns
222 1004 351 1085 quisque
366 1001 496 1063 dictitat:
515 1002 615 1074 Quam
634 1016 665 1063 et
681 1004 780 1083 turpia
794 1004 868 1063 haec
886 1016 917 1062 et
934 999 1040 1069 acerba
1060 1001 1211 1078 souti-et:
1230 1003 1306 1077 Quu-

114 1108 127 1142 κ’
148 1111 246 1170 usque
271 1089 394 1149 tandem
419 1086 493 1145 haec
519 1085 776 1167 progredientur?
800 1088 851 1148 illa
876 1088 940 1168 ipsa
958 1087 990 1146 in
1015 1108 1163 1147 consessu
1191 1087 1306 1166 quisque

150 1177 215 1256 ipse
235 1187 267 1234 et
283 1172 427 1254 probaret
444 1183 476 1230 et
487 1171 607 1230 faceret
624 1171 669 1231 Ac
683 1173 793 1232 -vellem
809 1172 960 1252 equidem,
979 1169 1236 1251 quemadmodum
1254 1173 1306 1232 scio

151 1281 219 1320 ere
236 1252 334 1319 vestra
353 1276 435 1328 esse,
453 1267 489 1314 ut
506 1256 620 1335 optima
639 1256 951 1336 dicentemaudiatis,
970 1257 1013 1316 sic
1031 1255 1109 1316 scire
1129 1277 1198 1329 me,
1215 1256 1306 1316 itidem
1325 1248 1332 1266 '

113 1372 116 1377 ·
152 1345 265 1426 optima
284 1340 397 1413 dicenti
408 1345 481 1399 esse
499 1340 707 1420 profuturnm:
735 1344 845 1402 multo·
860 1342 940 1402 enim
965 1341 1112 1405 libentius
1130 1341 1223 1401 verba
1239 1341 1306 1402 lace-

150 1451 224 1489 rem
257 1429 347 1487 Nunc
366 1425 506 1506 equidem
524 1438 645 1507 metuo:
670 1427 725 1487 s'ed
742 1441 844 1488 tamen
863 1448 914 1501 ea,
932 1447 1009 1506 quae
1021 1426 1152 1487 ‚confido
1171 1424 1255 1486 utilia
1269 1428 1305 1487 vi·
1327 1484 1329 1488 ,

55 1551 81 1570 ·.
151 1536 219 1576 sum
236 1513 284 1585 iri,
302 1510 418 1572 etiamsi
435 1530 489 1570 vos
508 1530 571 1591 non
588 1512 727 1591 pareatis,
743 1513 997 1601 tamen‘proserre
1014 1532 1080 1571 non
1097 1506 1235 1571 verebo'r.
1264 1541 1266 1543 >
1339 1545 1341 1549 ·

311 1713 324 1723 .,
397 1683 412 1713 ι
655 1712 662 1719 .

149 1729 225 1818 Etsi
244 1756 336 1837 quis,
352 1754 576 1827 Athenienses,
602 1750 786 1831 quinullam
811 1753 899 1813 aliam
925 1752 1043 1831 causam
1061 1756 1147 1835 prius
1167 1757 1244 1837 apud
1260 1777 1305 1818 vus

105 1868 108 1879 ’
147 1844 278 1928 egisset,
297 1862 379 1905 nuuc
397 1842 434 1902 de
445 1838 649 1911 criminibus,
675 1857 751 1916 quae
769 1837 864 1919 legati
885 1854 1006 1900 nostrae
1023 1841 1096 1900 urbi
1114 1841 1191 1900 falso
1209 1841 1306 1922 impin-

66 1989 87 2002 „
151 1941 238 2014 gunt,
257 1927 360 1992 dicate
371 1924 400 1984 ei
418 1929 514 1997 esset,
525 1923 651 2004 opinor,
665 1922 706 1981 ⁴ah
726 1923 880 1996 omnibus„
891 1925 1124 2006 ignoscendum.
1156 1924 1233 2001 Nam
1250 1926 1306 1985 aliis

144 2011 184 2076 *in
201 2013 292 2092 rebus
309 2010 444 2071 vinci-ah
463 2007 650 2080 adversariis,
669 2027 732 2066 non
750 2021 810 2067 tam
828 2004 1074 2091 fortassecnlpa,
1090 2033 1182 2090 quam
1200 2011 1307 2071 calami-

26 2104 30 2112 '
52 2157 55 2160 .
85 2126 86 2131 ¹
149 2113 195 2161 tas
215 2097 274 2158 dici
293 2109 403 2176 queat:¹
415 2095 527 2174 quippe
547 2116 615 2153 cnm
631 2091 711 2159 etin
728 2091 1073 2183 lonuna‚etpraefectis
1091 2094 1235 2155 etmultis
1250 2097 1308 2156 aliis

29 2202 36 2215 ‘
64 2175 66 2180 ⁵
112 2206 131 2262 j
151 2182 267 2262 aliquid
284 2181 376 2240 situm
401 2179 509 2251 suerit,
539 2200 593 2252 cur
616 2176 699 2256 prius
725 2196 773 2236 res
791 2172 839 2247 vel
863 2179 1033 2255 hene,l‚rel
1050 2181 1127 2247 male
1154 2194 1308 2263 gereretur.

151 2268 212 2348 Sed
223 2266 262 2324 'iu
280 2264 329 2324 sui
346 2262 524 2346 defensione
540 2267 597 2342 'pro
616 2260 763 2343 dignitate
781 2258 891 2333 veteris
908 2264 1024 2346 gloriae
1040 2259 1213 2344 nou‘posse
1226 2265 1309 2326 verba

150 2353 266 2423 facere,
285 2349 315 2408 id
334 2347 401 2408 fieri
418 2347 513 2427 culpa*
523 2346 640 2429 ingenii
658 2355 782 2420 eorum,
805 2348 915 2426 quibus
932 2349 965 2408 id
983 2350 1105 2424 evenit,
1121 2351 1308 2418 inveniemus.
1328 2352 1342 2398 Ἃ

153 2434 273 2512 Quodsi
299 2433 350 2492 alii
366 2433 594 2511 ·essent,'apud
614 2452 690 2510 quos
715 2431 806 2492 verba
825 2433 972 2493 de-vobis
997 2431 1124 2498 fierent:
1147 2457 1244 2515 neque
1261 2435 1309 2495 isti

151 2535 213 2583 tam
232 2518 423 2579 confidenter
439 2516 559 2583 mentiti
578 2528 696 2589 essent,
723 2517 849 2597 opinor,
863 2533 967 2598 neque
987 2520 1143 2580 auditores
1161 2521 1252 2580 multa
1268 2519 1309 2578 ti.
1350 2527 1351 2532 ’

153 2619 200 2667 cta
217 2601 520 2667 istorum'tulissent:
538 2623 619 2663 nunc
638 2613 669 2658 ct
686 2602 811 2661 caeteris
831 2603 862 2660 in
881 2605 971 2663 rebus
990 2605 1041 2663 alii
1058 2617 1159 2664 vestra
1177 2604 1307 2664 facilitate

94 2693 126 2731 ¹»
152 2692 297 2751 fruuntur
316 2707 439 2760 omnes,
466 2686 543 2745 etin
561 2685 621 2762 huc
649 2684 699 2744 isti
717 2686 843 2768 negotio
868 2710 949 2747 nunc
978 2690 1023 2748 vel
1041 2688 1189 2770 inprimis.
1223 2692 1308 2750 Tanta

85 2845 92 2850 ⁸
128 2768 137 2788 s
153 2776 233 2835 euim
252 2772 403 2853 aequitate
421 2783 587 2836 vestrarum
605 2770 723 2829 aurium
747 2784 851 2850 contra
869 2793 923 2832 vos
941 2787 1013 2833 sunt
1029 2774 1093 2846 usi,
1118 2787 1244 2854 quanta,
1269 2797 1307 2834 sa-

74 2903 91 2906 ,⁴
134 2860 190 2919 >tis
210 2859 289 2929 scin,
314 2857 467 2916 nullorum
486 2855 613 2918 aliorum
632 2854 678 2913 uti
694 2850 874 2939 potuissent
910 2858 985 2938 Mihi
1004 2859 1107 2919 autem
1125 2881 1254 2938 aequum
1271 2860 1306 2918 vi-

87 2955 108 2987 -'
153 2944 259 3015 detur,
283 2955 318 3001 ut
335 2953 495 3022 propterea
513 2959 567 2999 vos
586 2951 616 2998 et
635 2939 691 2998 diis
708 2941 835 3021 gratiam
860 2941 1012 3027 habeatis,
1040 2944 1260 3016 Athenienses,
1283 2957 1306 3004 et

55 3052 76 3089 υ
152 3028 227 3088 istos
247 3025 380 3087 oderitis.
415 3025 490 3083 Nam
516 3016 598 3104 quod
617 3023 808 3085 Rhodiorum
823 3027 1065 3108 populum',1qui
1085 3028 1304 3109 aliquanduco-

140 3133 215 3171 ram
233 3110 329 3171 multo
348 3109 532 3191 petulantius
551 3108 583 3166 in
592 3128 655 3167 -vos
673 3109 810 3177 invectus
823 3111 942 3185 luerat,
960 3112 1047 3172 vohis
1067 3114 1234 3195 supplicem
1252 3135 1306 3174 esse

110 3255 117 3271 ,
151 3196 264 3255 factum
281 3194 429 3266 vidimus,
446 3194 476 3252 id
497 3212 554 3275 ego
573 3205 694 3252 nostrae
713 3194 796 3254 urbis
815 3194 952 3256 felicitati
969 3196 1088 3257 tribuo:
1118 3201 1203 3278 quod
1221 3212 1308 3259 autem

44 3308 56 3325 κ
151 3281 256 3341 stolidi
273 3279 325 3339 isti
343 3298 443 3359 neque
462 3279 521 3338 hoc
539 3277 748 3350 considerant,
768 3301 834 3338 cum
853 3281 884 3339 id
902 3281 943 3340 ita
962 3282 1058 3361 palam
1078 3305 1206 3343 cernere
1224 3285 1309 3356 liceat,

150 3360 256 3448 neque
274 3364 351 3424 illud
376 3364 481 3436 etiam,
497 3363 591 3442 quod
610 3383 664 3421 vos
683 3383 900 3444 saepenumero
928 3365 1065 3448 singulos
1091 3368 1223 3429 istorum
1244 3375 1309 3428 'cona

65 3458 126 3519 419
147 3449 310 3522 'set-vastis,
338 3448 417 3507 etin
437 3466 541 3508 eorum
559 3447 730 3506 temeritate
749 3461 838 3528 atque
857 3449 1054 3523 infelicitate,
1073 3454 1199 3530 quoties
1217 3466 1309 3534 suapte

93 3562 104 3597 f
151 3534 331 3595 auctoritate
358 3532 437 3593 hella
457 3529 674 3611 susceperant,
703 3533 895 3616 corrigenda,
923 3535 990 3616 plus
1017 3537 1150 3618 negotii·
1165 3538 1310 3611 habuistis,

59 3624 61 3627 ’
151 3641 241 3700 quam
257 3617 366 3679 uestris
384 3618 520 3698 ipsorum
537 3616 628 3676 rebus
647 3617 787 3698 agendis,
805 3618 836 3690 id
853 3630 918 3695 tos,
931 3640 1001 3693 mea
1021 3621 1148 3700 quidem
1167 3614 1312 3705 opinione,

149 3705 187 3764 a'd
204 3704 361 3786 ingentem
379 3701 563 3764 iracundiam
582 3697 778 3770 commoneat.
813 3703 872 3775 Sed
891 3704 1076 3786 quid‘agas?
1108 3707 1179 3768 lstis
1197 3709 1312 3771 fortasse

148 3788 239 3849 fatale
258 3802 321 3861 est,
335 3813 337 3816 ·
351 3808 514 3866 nunquam·
529 3787 561 3853 in
580 3786 719 3846 secundis
744 3786 835 3868 rehus
861 3810 981 3869 sapere:
1008 3791 1101 3850 nobis
1127 3806 1231 3852 autem
1255 3814 1312 3853 cum

148 3886 276 3956 propter
293 3893 350 3935 nos
368 3872 467 3952 ipsos,
492 3884 558 3932 tum
575 3883 701 3951 propter
724 3885 840 3943 caetera
866 3876 986 3933 nostrae
1003 3874 1090 3934 urbis
1108 3878 1264 3957 praeclara
1277 3878 1314 3942 faa

135 3959 253 4025 ,cinora
273 3977 364 4038 opera
389 3957 485 4016 danda
505 3969 567 4029 est,
593 3969 628 4015 ut
647 3956 787 4016 omnihus
812 3957 986 4018 hominibus
1014 3963 1236 4038 ostendamus,
1257 3983 1314 4035 nos,

150 4043 203 4121 qni
222 4056 252 4102 et
269 4042 413 4114 antehac,
438 4054 469 4101 et
486 4051 583 4113 nunc,
610 4053 641 4111 et
662 4060 784 4122 semper
807 4043 951 4103 colendae
974 4043 1110 4110 iustitiae
1131 4060 1164 4107 et
1182 4049 1274 4109 simus
1290 4059 1315 4107 et

48 4169 51 4178 .
144 4126 296 4186 'fuerimus
315 4124 617 4199 studiosi,'aliorum
645 4128 851 4204 quorundam,
879 4128 933 4207 qui
950 4120 1029 4189 suos‘
1041 4129 1126 4192 cives
1151 4134 1315 4214 opprimere

149 4211 295 4272 servitute
314 4224 473 4284 conentur,
491 4210 555 4290 peti
567 4208 739 4270 calumniis.
986 4227 989 4230 ·
1135 4205 1142 4210 ”
1286 4220 1290 4224 ’
