2746 4748
60 164 193 279 ⁸aas
405 177 1008 245 ouuosruumsonamo
1111 158 1139 189 ’·

62 346 66 353 “
83 413 86 417 p
119 344 245 394 vocatus
262 330 353 403 esset,
370 351 471 410 neque
483 332 594 393 borum
611 335 774 415 quicquam
789 334 931 396 habuisse
944 348 1059 397 ratum:
1079 335 1134 395 sed
1146 334 1305 395 audivisse

118 416 371 494 Demophontem
381 416 566 479 recitantem
574 419 702 492 tabulas,
720 433 751 479 et
763 422 789 478 T
792 420 981 501 herippidem
994 420 1207 491 affirmantem,
1223 440 1305 479 eun

118 501 159 560 ita
176 499 247 557 fieri
271 501 446 575 mandasse,
470 522 543 561 cunr
556 504 640 583 prius
667 504 822 564 introierit
851 506 915 584 ipse
941 517 971 564 et
988 504 1070 585 patri
1087 524 1121 564 se
1145 503 1305 564 factumn

116 582 270 661 receperit
289 585 409 659 omnia,
433 607 510 665 quae
529 587 704 670 consignata
724 589 821 649 literis
839 589 899 649 illis
918 590 969 649 ille
987 589 1174 669 reliquisset
1207 589 1305 648 Pate-

60 678 76 739 ‚'
116 668 209 738 enim,
223 667 355 742 ludices,
373 669 599 751 ingravescente
611 673 720 732 morbo
736 695 806 733 cum
820 672 1086 746 animadverteret,
1103 694 1136 733 se
1151 693 1215 733 non
1224 695 1305 733 eva-

61 802 81 817 ,,
114 771 241 823 surum,
268 755 442 815 convocatis
467 755 566 816 tribus
590 756 673 829 istis,
703 770 733 817 et
750 758 843 818 fratre
861 761 1001 819 Demone
1025 758 1178 818 accubare
1203 758 1305 818 iussn

70 854 77 859 ·
114 854 245 913 corpora
264 851 371 897 nostra
386 836 418 898 in
436 861 541 901 manus
559 841 619 900 illis
639 843 737 914 dedit,
765 843 939 924 depositum
957 843 1143 916 nominans,
1163 854 1194 902 et
1210 863 1305 903 soro-

112 941 180 981 rem
197 919 412 1000 Demophonti
431 937 461 984 et
479 927 540 985 dno
558 927 672 986 talenta
692 925 772 986 dotis
791 929 917 988 nomine
943 927 1045 987 statim
1062 927 1198 1009 legavit,
1216 947 1305 991 eam..

112 1022 175 1085 que
193 1022 324 1064 uxorem
343 1007 389 1067 illi
407 1010 586 1090 despondit:
612 1031 751 1071 movero
777 1013 858 1092 apud
877 1033 982 1072 omnes
1011 1013 1221 1072 communiter
1234 1033 1305 1073 uo=

111 1106 184 1151 cum
200 1089 334 1164 pecunia
354 1094 495 1174 deposuit
513 1108 544 1157 et
560 1097 729 1170 mandauit,
745 1108 781 1155 ut
799 1098 924 1156 domum
942 1098 1084 1161 locarent
1104 1110 1136 1156 et
1150 1098 1305 1178 patrimo-

110 1172 159 1238 nii
179 1179 383 1238 conservandi
399 1180 556 1241 adiutores'
573 1195 683 1256 essent,
702 1202 770 1242 cum
789 1181 879 1259 simul
898 1193 929 1241 et
946 1180 1159 1263 Therippidae
1178 1195 1305 1262 septua-

109 1258 202 1347 ginta
210 1255 285 1353 'illas
305 1261 402 1327 minas
428 1265 559 1346 legaret,
585 1279 617 1345 et
641 1267 692 1327 isti
718 1279 784 1325 tum
802 1279 930 1326 matrem
947 1283 1047 1325 meam
1077 1266 1305 1347 desponderet,

111 1353 274 1420 octogmta
292 1345 384 1408 minis
403 1350 521 1424 additis,
538 1363 604 1410 tum
619 1373 671 1421 me
688 1352 721 1409 in
740 1349 805 1408 eius
823 1371 924 1432 genua
942 1350 1141 1432 imponeret:
1158 1352 1305 1426 Quorum

108 1435 200 1496 iste,
217 1428 358 1491 omnium
382 1425 541 1495 hominum
566 1435 832 1507 sceleratissimus,
863 1436 977 1495 nullius
1003 1435 1165 1495 rationem
1187 1434 1305 1510 reddit..

112 1531 301 1601 quamquam
321 1517 377 1584 his
402 1520 630 1580 conditionibus
655 1520 730 1580 meis
755 1518 864 1597 opibus
888 1520 1021 1601 potitus:
1049 1521 1110 1578 sed
1136 1535 1305 1600 postqum

69 1640 85 1689 ζ
110 1595 246 1691 pecunia
265 1602 351 1661 omni
370 1626 438 1665 cum
463 1605 673 1666 coututoribus
690 1624 738 1662 me
755 1603 923 1678 fraudavit,
950 1625 1033 1664 nunc
1053 1605 1305 1667 misericordiam

112 1687 248 1753 vestran
273 1684 464 1767 implorabit,
497 1689 549 1769 qui
573 1710 630 1750 nec
654 1689 846 1770 septuaginta
871 1688 968 1748 minas
994 1689 1167 1768 aequantia
1190 1689 1298 1751 tedas

113 1780 183 1860 ipse
201 1770 353 1846 restituit,
382 1775 493 1834 deinde
510 1774 558 1833 his
575 1774 648 1856 ipsis
673 1772 761 1832 etiam
786 1772 867 1831 idem
886 1773 1011 1832 insidias
1028 1774 1180 1833 tetendit.
1216 1769 1295 1835 cm

115 1859 201 1924 enim
220 1853 273 1914 bas
292 1857 428 1918 actiones
447 1871 550 1919 centn
569 1881 622 1919 eos
640 1856 848 1931 instituissem,
867 1858 1049 1930 effecerunt,
1068 1869 1107 1916 ut
1120 1859 1161 1917 de
1175 1877 1292 1940 pennu.

85 2002 91 2013 ,
115 1944 236 2010 tatione
255 1941 431 2003 facultatum
450 1944 513 2003 dies
532 1944 606 2002 mihi
625 1944 791 2004 diceretur:
808 1955 854 2015 ut,
872 1941 899 2002 si
917 1943 1043 2022 quidem
1063 1948 1286 2022 permutarem,

116 2028 196 2095 mihi
212 2045 277 2085 uon
295 2026 402 2087 liceret
426 2029 473 2086 ius
492 2048 593 2087 meum
611 2028 648 2088 ab
667 2027 709 2088 eis
733 2028 894 2108 persequi,
920 2027 1004 2113 qnod
1022 2027 1097 2103 lites
1117 2026 1206 2088 etiam
1220 2047 1279 2108 per-

116 2109 265 2178 mutantis
283 2111 410 2171 fierent:
437 2112 484 2171 sin
503 2112 579 2171 nihil
597 2114 706 2172 horum
723 2111 934 2186 fecissem,'ut
951 2114 988 2171 de
1006 2134 1040 2172 re
1060 2114 1153 2172 tenui
1171 2130 1270 2172 munera

117 2196 240 2284 publica
259 2195 412 2280 sustinens
431 2196 552 2275 penitus
577 2199 750 2258 conficerer.
784 2196 882 2276 Atqui
900 2197 932 2254 in
951 2217 986 2255 ea
1004 2218 1037 2256 re
1060 2192 1266 2278 operam'nata-

118 2287 163 2346 uit
181 2279 240 2340 illis
259 2277 485 2362 Thrasylocbus
502 2280 715 2365 Anagyrasius.
758 2283 825 2363 Ego
843 2302 935 2354 vero,
952 2282 1047 2361 ‘nulla
1066 2282 1173 2342 habita
1189 2273 1281 2341 carea'

119 2387 223 2430 rerum
239 2364 376 2437 ratione,
394 2367 563 2446 permutavi
581 2367 718 2446 quidem:
745 2369 798 2426 sed
816 2366 894 2425 illud
912 2368 1035 2445 excepi,
1063 2381 1101 2426 ut
1118 2367 1194 2426 mihi
1209 2362 1258 2424 iuti

120 2454 201 2514 cium
219 2448 380 2528 impetrare
398 2449 511 2521 liceret
530 2452 622 2526 Quod
641 2474 708 2511 cum
726 2463 890 2532 negaretur
908 2464 939 2510 et
955 2463 1080 2530 tempus
1100 2454 1227 2523 instaret,
1235 2466 1257 2506 re
1280 2444 1285 2453 ¹

70 2530 75 2537 ⁸
119 2538 255 2618 privarer
272 2534 452 2608 actionibus,
471 2535 534 2594 obii
550 2559 669 2610 munus,
687 2535 892 2618 oppigneratis
911 2535 1037 2594 aedibus
1060 2550 1093 2597 et
1105 2550 1170 2597 tota
1181 2551 1257 2593 renea

120 2619 275 2682 familiari:
294 2640 362 2677 nam
381 2621 515 2693 actiones
534 2620 565 2678 in
583 2621 658 2680 istos
676 2621 755 2701 apud
772 2632 902 2679 vestram
919 2620 1012 2677 fidem
1031 2620 1188 2702 deponere
1204 2617 1257 2678 mle·

121 2708 198 2767 bam.
228 2703 342 2763 Annon
360 2703 455 2784 igitur
472 2705 530 2764 iam
548 2706 619 2764 inde
638 2706 674 2765 ab
692 2705 781 2764 initio
800 2704 971 2786 insignibus
989 2703 1114 2765 iniuriis
1133 2727 1196 2765 sum
1210 2701 1257 2762 alle

60 2803 95 2855 20
122 2805 205 2852 ctus:
223 2809 325 2847 annon
344 2789 505 2849 luculentis
524 2791 613 2849 ctiam
629 2791 754 2861 damnis,
772 2790 844 2848 dum
857 2790 904 2848 ius
919 2809 1022 2848 meum
1039 2792 1177 2869 postulo,
1193 2784 1257 2847 abeis

121 2874 257 2936 afficior?
276 2873 354 2946 Quis
372 2893 446 2932 vero
463 2887 595 2932 vestrum
618 2897 681 2934 nou
700 2887 730 2934 et
748 2875 797 2933 isti
815 2877 881 2933 iure
899 2873 1052 2935 invideret
1071 2887 1103 2934 et
1120 2873 1211 2935 nostri
1223 2868 1257 2939 el

122 2969 291 3030 sereretur,
317 2956 372 3035 qui
387 2956 506 3030 rideat,
531 2957 581 3016 isti
598 2960 635 3017 ad
653 2971 809 3039 acceptum
827 2980 843 3016 a
860 2959 923 3017 suis
940 2959 1121 3038 parentibus
1146 2957 1257 3038 patrino

122 3047 206 3106 nium
227 3040 353 3122 amplius
373 3041 476 3100 decem
496 3038 642 3101 talentim
660 3065 740 3103 meas
761 3063 853 3124 opes,
871 3063 948 3121 quae
967 3055 1070 3103 tantae
1088 3044 1216 3114 fuerunt,
1227 3057 1258 3098 ac·

89 3174 94 3183 .
122 3129 264 3190 cessisse:
282 3146 339 3185 nos
357 3146 430 3185 vero
445 3146 508 3185 non
523 3128 615 3186 modo
633 3129 765 3208 paternis
779 3128 868 3188 bonis
884 3127 1041 3201 excidisse,
1060 3129 1116 3188 sed
1131 3127 1177 3187 his
1189 3126 1259 3188 etiae

122 3235 200 3296 quae
218 3233 300 3271 nune
318 3210 424 3271 tradita
438 3224 530 3284 -sunt,
558 3210 684 3273 istorum
708 3213 902 3294 improbitate
920 3232 985 3271 esse
1004 3212 1175 3291 spoliatos?
1211 3210 1260 3282 0¹¹⁰

87 3341 97 3354 ·
122 3320 195 3361 vero
214 3318 270 3356 nos
287 3296 478 3376 recipiemus,
500 3298 526 3356 si
543 3319 597 3356 vos
615 3291 662 3357 bis
681 3298 827 3358 derebus
845 3294 1040 3374 alitcr'quam
1059 3319 1118 3377 pro
1138 3300 1258 3375 exspdle·

121 3386 207 3447 tione
226 3395 329 3443 nostra
348 3381 528 3443 senteutiam
546 3380 670 3442 feretis?
705 3382 753 3441 Ad
773 3403 862 3454 eane,
881 3402 958 3460 quae
976 3382 1181 3442 creditoribus
1195 3374 1259 3459 oppl-

121 3468 334 3555 gneratimus?
368 3467 429 3527 Sed
448 3468 633 3527 creditorum
652 3489 686 3527 ea
704 3479 782 3527 sunt
816 3464 864 3525 Ad
884 3479 1015 3526 caeteras
1032 3465 1196 3546 reliquias?
1218 3462 1260 3521 tae

121 3576 193 3617 vero
213 3554 300 3615 istius
318 3553 403 3627 fient,
421 3553 447 3612 si
464 3553 606 3613 mulctam
625 3553 742 3612 solvere
760 3572 911 3633 cogemur.
944 3550 1066 3625 Nolite,
1086 3551 1210 3622 ludices,
1224 3562 1260 3607 oe

121 3644 175 3702 lite.
193 3660 249 3698 nos
268 3639 300 3697 in
317 3649 400 3698 tanta
417 3638 494 3696 mala
512 3635 679 3709 con‘iicere,
705 3657 807 3716 neque
831 3649 955 3695 matrem
974 3649 1006 3694 et
1022 3656 1073 3696 me
1093 3648 1125 3695 et
1142 3628 1260 3697 soro'rfflr

122 3726 176 3808 qui
193 3745 296 3784 sumus
315 3722 448 3804 indignis
466 3723 582 3803 accepti
599 3722 709 3793 modis,
727 3720 890 3803 negligite:
908 3741 986 3799 quos
1003 3733 1094 3801 pater
1110 3741 1175 3781 non
1187 3728 1260 3793 casp

120 3810 263 3890 reliquit,
281 3808 335 3869 sed
353 3809 476 3867 alteram
492 3821 636 3887 tanquam
653 3806 879 3887 Demophonti,
897 3806 969 3865 dote
988 3806 1123 3877 duorum
1140 3795 1260 3866 talenti!

122 3899 199 3967 duta,
217 3908 399 3976 nupturam,
416 3893 539 3952 alteram
558 3892 609 3951 isti
626 3891 784 3951 bominum
803 3890 938 3949 omnium
957 3890 1180 3961 crudelissimo,
1195 3879 1260 3945 nini

122 3980 277 4062 octoginta
295 3978 383 4050 datis,
401 3977 592 4047 elocandam,
610 3997 658 4036 me
675 3997 749 4035 reto
766 3975 853 4053 vobis
871 3995 1078 4034 successorem
1096 3994 1200 4035 eorum
1214 3986 1259 4029 ut·

122 4086 228 4124 nerum
246 4066 394 4136 futurum,
412 4080 489 4142 quae
503 4061 568 4142 ipse
580 4062 726 4122 hacteuus
744 4060 877 4121 obiisset
894 4059 1064 4119 Subvenite
1076 4060 1170 4143 igitur
1183 4048 1258 4117 ltobb

116 4148 281 4209 subuenite
299 4163 365 4209 tum
382 4146 526 4219 iustitiae,
543 4159 607 4204 tum
625 4159 723 4206 vestra
738 4147 871 4227 ipsorum
890 4164 988 4215 causa,
1004 4157 1072 4204 tum
1088 4155 1210 4225 propter
1220 4150 1257 4196 ret

122 4244 299 4331 patremque
317 4233 502 4294 defunctum.
546 4227 730 4291 Conservate
749 4252 811 4297 me,
828 4228 1014 4288 miseremini
1031 4229 1110 4302 mei,
1125 4234 1256 4310 postque

122 4316 174 4379 uti
187 4318 313 4402 cognati
330 4318 429 4378 nostri
446 4338 508 4377 nou
528 4314 643 4375 miserti
660 4330 739 4379 sunt
763 4316 811 4375 Ad
829 4328 956 4376 uestram
974 4313 1067 4375 fidem
1084 4308 1256 4392 confugium
