2722 4754
94 166 241 278 ἰιι
294 183 315 200 ’“
392 142 1036 279 ΙἰιιιιοιιιιιΝιιοἰιιί-ιιί·
1111 230 1113 234 .
1182 147 1240 192 ’·

10 370 16 381 ·
106 351 284 428 ‘magnam
295 304 471 432 humente
481 353 634 400 oneratam
651 312 825 400 Acanthum
847 340 999 421 portavit,
1024 339 1130 420 ibique
1156 336 1313 412 vendidit,

56 416 106 494 71
133 446 256 495 nostra
250 426 383 509 pecunia
401 424 470 486 cum
488 422 549 495 isto
568 425 796 498 communicata.
830 425 870 486 Et
883 426 958 486 haec
978 425 1069 500 fecit,
1088 424 1234 496 ludices,
1240 445 1313 484 curu

114 505 265 578 Athenis
282 512 409 584 habitet,
428 511 460 571 e't
475 511 532 570 hic
535 509 669 571 uxorem
685 522 717 589 ct
730 510 843 570 liberos
841 511 977 583 habeat,
996 525 1027 571 et
1030 511 1122 594 leges
1137 521 1312 570 extremum

132 601 179 664 illi
197 596 379 678 supplicium
397 597 588 677 minitentur,
607 595 670 676 qui,
688 579 829 654 Athenis
838 594 985 670 habitans,
1004 596 1080 655 alio
1075 595 1266 688 quopiam
1248 594 1313 654 im-

40 686 43 691 ’
134 697 272 746 mentum
290 681 422 788 pexerit,
447 704 536 761 quam
555 681 587 739 in
605 679 743 743 Atticum
770 693 951 740 mereatum:
979 682 1072 761 idque
1100 695 1222 746 eutem
1248 697 1313 753 ore,

11 760 15 781 ¹
134 789 214 869 quo,
225 767 280 847 qui
299 769 341 826 iu
338 768 424 827 urhe
443 765 603 836 habitatis,
620 764 765 824 larinas
755 787 788 824 ιιι
808 765 895 825 Odeo
915 767 1084 826 demensas
1098 701 1314 846 accipiedatis.

134 855 189 936 qui
206 854 241 913 in
251 852 387 951 Piraeeo,
405 847 557 931 quamvis
553 838 695 931 singulos
713 872 806 929 panes
826 850 919 912 obolo
939 850 1128 924 distributos,
1148 851 1228 911 etin
1242 851 1313 909 lon-

135 957 180 1024 ga
191 937 311 1019 porticu
329 934 449 996 farinas
454 936 541 1018 hiuis
553 935 665 1009 modiis
686 936 841 1007 demensas
860 936 1042 1017 acciperent,
1061 950 1164 997 tamen
1183 935 1313 995 concul-

116 1025 287 1087 eahautor
331 1025 418 1096 Quae
446 1041 495 1080 me
513 1040 597 1081 vere
610 1020 710 1079 dicere
728 1021 774 1080 uti
792 1034 942 1097 constet,
955 1040 1028 1101 cape
1046 1035 1078 1082 et
1096 1019 1320 1083 testimoninm

36 1107 39 1114 ’
117 1120 168 1221 ‘et
184 1111 303 1227 legem.
1153 1137 1155 1140 >

421 1248 445 1297 .'
494 1257 813 1329 TESTIMONIUM.
856 1260 946 1304 LEX.

219 1360 392 1422 Phormio
378 1358 487 1460 igitur,
505 1361 564 1421 isto
583 1375 673 1434 utens
690 1361 776 1421 'socio
796 1376 827 1422 et
838 1332 928 1437 teste,
946 1384 1011 1423 nos
1016 1364 1169 1447 pecunia
1165 1361 1313 1425 fraudan-

130 1451 189 1511 -dos
209 1460 321 1533 censet,
339 1446 393 1545 qui
411 1459 559 1526 perpetuo
578 1446 788 1506 frumentum
779 1469 811 1506 ιιι
827 1461 958 1511 vestrum
976 1462 1148 1508 mercatum
1161 1449 1315 1516 ve'ximus,

133 1548 175 1608 et,
190 1551 263 1593 cum
280 1529 344 1591 tres
361 1531 424 1593 iam
440 1531 631 1591 difficultates
649 1532 756 1592 urbem
775 1534 951 1612 presserint,
965 1533 1080 1612 quibus
1092 1552 1151 1594 ros
1171 1554 1238 1605 eos,
1258 1530 1314 1610 qui

133 1618 241 1700 populi
261 1616 428 1676 commodis
447 1616 651 1690 consulerent,
669 1617 876 1697 probaretis,
867 1640 899 1676 m
917 1619 1006 1678 nulla
1020 1619 1126 1677 harum
1145 1617 1236 1681 vobis
1255 1618 1314 1676 de-

34 1765 41 1771 ,
78 1705 98 1732 ’“
132 1705 255 1764 luimus.
273 1702 354 1759 Nam
367 1719 437 1760 cum
455 1701 629 1761 Alexander
645 1692 765 1761 Thebas
784 1702 955 1763 invaderet.
975 1704 1060 1763 vobis
1079 1704 1239 1763 talentum
1251 1701 1311 1761 lar-

135 1786 208 1871 giti
210 1802 323 1846 sumus:
358 1782 436 1845 Cu‘m
454 1807 526 1846 vero
547 1808 667 1846 annona
693 1798 841 1846 coarctata
862 1803 942 1847 esset
975 1790 1060 1847 etad
1085 1778 1223 1847 sedecim
1242 1786 1312 1846 dra-

25 1945 28 1949 ,
58 1932 60 1943 ,
131 1874 238 1935 chmas
255 1871 458 1952 pervenisset:
484 1868 609 1932 invectis
635 1873 779 1956 amplius
789 1872 889 1932 decies
907 1873 990 1932 mille
1016 1872 1111 1932 tritici
1134 1872 1314 1945 medimnus,

67 1995 69 2001 -
94 1964 99 2012 ἶ
136 1957 267 2021 dimensi
291 1955 378 2015 vohis
403 1976 507 2015 sumus
538 1957 650 2017 usitato
675 1958 774 2038 pretio
799 1957 940 2039 singulos
974 1959 1153 2019 medimnos
1171 1957 1326 2058 quinque

76 2104 78 2109 ,
135 2041 301 2117 drachmisz
320 2039 442 2100 ethaeo
460 2061 577 2100 omnes
584 2043 700 2115 nostis,
719 2064 787 2101 cum
806 2043 843 2102 in
856 2045 993 2124 Pompeo
1010 2043 1098 2105 vohis
1118 2042 1297 2103 dimensi
1269 2065 1314 2102 su-

9 2200 12 2211 ·
104 2122 111 2152 ⁷
132 2149 212 2188 mus.
241 2129 302 2191 lam
320 2147 401 2185 anuo
416 2126 577 2206 superiore
595 2127 632 2188 ad
650 2128 851 2187 coemendum
870 2129 986 2208 populo
1004 2116 1193 2205 frumentum
1210 2127 1314 2188 talen·
1354 2142 1357 2148 “

132 2227 203 2275 tum
220 2211 308 2272 vohis
321 2210 531 2286 contulimus,
541 2229 598 2293 ego
614 2224 649 2300 et
666 2211 763 2271 scater
776 2233 877 2272 meus.
873 2216 969 2335 Lege
985 2196 1063 2273 mihi
1078 2215 1189 2307 harum
1206 2233 1314 2278 rerum

72 2293 100 2365 s
135 2295 317 2393 testimonia

248 2404 257 2432 A
377 2425 459 2464 ’··
528 2397 947 2517 ιιιιιΝοΝιι
991 2494 1017 2517 „
1091 2482 1093 2488 .
1165 2424 1168 2431 ’

223 2554 345 2632 Quodsi
372 2555 433 2614 vel·
439 2552 496 2613 his
513 2530 697 2614 coniecturis
721 2525 870 2615 utendum
890 2567 974 2617 ιιιυ
964 2576 1044 2616 ιιοιι
1071 2524 1315 2619 consentaneum

38 2649 52 2675 ·’
135 2643 239 2745 sperit,
257 2661 327 2712 nos
332 2652 450 2700 tantum
468 2639 615 2720 pecuniae
633 2639 751 2721 largiri,
768 2652 805 2701 ut
821 2661 875 2700 vos
893 2641 972 2700 bene
992 2643 1031 2701 de
1048 2643 1138 2710 nohis
1157 2642 1315 2702 existima-

134 2728 227 2803 retis,
245 2726 464 2794 Phormionem
482 2737 583 2783 autem
602 2724 776 2785 calumniari
794 2727 943 2800 voluisse,
960 2736 1060 2787 utne
1070 2726 1194 2786 honi
1159 2726 1224 2786 vrri
1244 2724 1315 2804 qui-

39 2813 61 2860 ?
127 2813 206 2876 'dem
221 2815 259 2872 de
275 2822 395 2871 caetero
414 2809 603 2869 haberemur.
622 2809 712 2870 lure
703 2810 798 2892 igitur
808 2831 865 2872 nos
879 2810 1033 2911 iuvahitis,
1051 2812 1185 2876 ludices.
1193 2809 1315 2870 Osten-

53 2912 92 2974 .sp
135 2900 235 2959 dimus
255 2897 336 2956 enim
354 2894 459 2995 vohis,
485 2915 542 2954 nec
560 2893 624 2953 ab
615 2895 703 2955 mitio
724 2915 816 2959 onera
840 2897 1028 2978 imposuisse
1040 2897 1132 2957 istum
1151 2897 1184 2972 in
1204 2895 1315 2955 aaroni

100 3040 103 3046 .
135 2983 235 3055 omnis
259 2981 429 3062 pecuniae,
455 3001 544 3080 quam
562 2979 693 3041 Athenis
720 2993 874 3041 mutuatus
898 2983 1009 3041 suerit:
1036 2994 1066 3042 et
1093 2983 1130 3041 de
1156 2966 1315 3054 mercibus

19 3120 25 3129 .
77 3114 99 3146 ,-
134 3067 303 3170 Bospori
285 3065 463 3125 venditis
434 3085 484 3132 ιιι
503 3085 573 3141 eos,
592 3065 645 3144 qui
664 3087 702 3136 eo.
719 3087 817 3145 usque
838 3067 982 3127 duntaxat
992 3079 1190 3144 mutuarant,
1210 3065 1326 3143 absol„

128 3155 229 3214 risse:
254 3145 470 3234 praetereaque
489 3169 546 3212 uec
565 3149 732 3210 abundasse
751 3151 899 3223 nummis,
918 3173 974 3210 nec
992 3151 1033 3210 ita
1053 3172 1119 3211 esse
1136 3151 1317 3233 vecordem,

128 3250 239 3318 aitpro
249 3236 308 3294 his
324 3236 406 3295 mille
425 3249 456 3294 et
473 3235 622 3295 sexcentis
642 3236 790 3295 drachmis
809 3236 934 3319 triginta
952 3238 1048 3296 minas
1067 3248 1098 3296 et
1112 3254 1223 3315 novem
1242 3236 1317 3294 red-

23 3330 110 3408 72
136 3324 194 3383 dat
229 3320 279 3379 Ad
297 3321 388 3392 haec,
408 3321 491 3404 quod
510 3340 546 3378 se
560 3321 729 3380 reddidisse
749 3343 855 3380 aurum
873 3322 1010 3402 Lampidi
1029 3321 1119 3391 dicit,
1137 3342 1195 3381 nec
1210 3341 1314 3420 puero

135 3427 231 3480 meo,
250 3428 306 3465 nec
325 3407 409 3465 socio
428 3418 494 3465 tum
513 3418 622 3487 agente
639 3407 771 3486 Bospori
790 3405 945 3490 adhibito.
972 3405 1120 3489 Lampis
1102 3427 1192 3486 ipse,
1209 3406 1318 3486 prius-

120 3504 225 3594 ⁴qpam
214 3486 308 3551 ab'
300 3504 360 3550 esto
380 3503 642 3593 corrumperetur,
662 3511 698 3558 se
714 3490 791 3549 nihil
808 3491 959 3570 accepisse
978 3492 1077 3571 palam
1094 3512 1152 3570 pro
1170 3490 1319 3552 testimo-

134 3579 189 3639 nie
209 3577 290 3638 dixit.
333 3576 417 3636 At
393 3598 419 3634 st
437 3574 632 3634 Phormio'
608 3597 651 3635 s1c
679 3576 798 3676 singula
823 3577 1076 3636 demonstrasset·
1105 3576 1187 3655 haud
1211 3574 1319 3648 video,

112 3696 116 3705 ·
136 3686 195 3745 qua
214 3685 246 3722 se
264 3661 382 3722 ratione
401 3661 509 3721 melius
527 3661 609 3721 tucri
634 3661 813 3740 potuisset.
837 3663 899 3720 lam
916 3663 1068 3721 actionem
1096 3643 1228 3726 dandam
1250 3680 1319 3719 esse

135 3748 237 3822 nohis,
250 3739 330 3808 lex'
320 3768 384 3826 ipsa
402 3758 541 3820 testatur,
561 3766 637 3826 quae
656 3747 759 3818 iubet,
778 3746 913 3807 actiones
925 3748 1003 3809 dare
1021 3743 1219 3821 mercatorias
1240 3765 1319 3803 con-

73 3858 86 3875 *
135 3832 307 3907 tracttmm,
326 3855 379 3912 qur
370 3831 527 3892 Athenis
545 3832 617 3892 sacti
635 3846 666 3892 et
684 3834 716 3892 in
734 3832 956 3894 Atheniensem
973 3846 1138 3892 mercatum
1156 3829 1322 3889 referendi

68 3973 71 3976 .
137 3920 215 3980 siut:
241 3939 298 3978 nce
317 3938 441 3990 eor-um,
460 3917 613 3997 quatiunt
627 3917 776 3992 Athenis
795 3917 912 3991 solum,
931 3920 984 3978 sed
1003 3937 1110 3978 eorum
1129 3915 1244 3993 ctiam,
1263 3914 1321 3994 qui

38 4025 48 4032 ·
136 4018 309 4105 propterea,
325 4016 361 4062 ut
378 4003 540 4101 navigetur
554 3989 698 4064 Athenas
718 4000 799 4084 Cape
817 4002 909 4094 leges
1204 4016 1215 4027 ‘

549 4186 583 4196 Η
632 4154 814 4199 LEGES.

224 4259 270 4318 Ac
288 4254 418 4320 Athenis
438 4258 626 4320 contractum
646 4279 711 4319 esse
731 4279 799 4326 cum
817 4255 1003 4316 Phormione
1021 4253 1166 4330 factum,
1177 4279 1237 4319 nec
1256 4255 1321 4337 ipsi

7 4363 11 4375 ‘
43 4406 85 4428 Δ,
141 4345 215 4406 euni
232 4342 364 4448 infitias:
385 4346 444 4405 sed
464 4343 735 4427 praescriptionem
756 4343 917 4439 adferunt,
942 4361 1006 4402 non
1031 4343 1211 4421 conuenire
1223 4342 1319 4402 uobis

453 4515 509 4553 Ι.
