2722 4754
367 187 634 266 aurursus
669 174 1021 253 ιιιιοοιιιιιιι
1201 170 1288 251 ιιι
1344 141 1347 148 ’

74 340 166 402 baec
184 354 216 403 et
233 356 414 424 corrumpat
445 334 597 426 Scriptum
617 345 664 404 est
679 342 715 403 in'
731 344 796 404 eius
814 344 900 427 lege,
917 341 1039 404 tametsi
1057 343 1190 404 aurarius
1208 340 1264 403 ali-
1287 342 1350 403 464

78 427 159 509 quis
178 428 316 490 vinculis
327 429 367 489 sit
385 431 559 504 damnatus,
578 431 738 491 autetiam
756 431 965 510 inposterum
984 431 1161 503 damnetur,
1179 429 1209 496 ei
1220 429 1265 495 li·
1339 429 1360 471 ,¹

81 534 179 589 cere,
205 514 380 596 constitutis
403 516 529 575 vadibus
547 515 755 616 promittenti,
781 536 814 574 se
839 515 920 575 bona
944 516 1005 576 fide
1030 515 1116 577 nono
1129 528 1264 577 ‘senatus

78 613 247 680 conventu
271 613 430 683 argentum
454 601 645 676 soluturum,
669 602 750 662 exire
775 600 912 660 vinculis.
947 603 1037 662 Unde
1062 602 1156 685 igitur
1181 614 1265 665 cum-
1340 596 1344 603 ¹

85 690 207 748 meatus
226 686 388 786 suppetet?
416 689 488 762 Quo
507 688 599 748 modo
619 687 758 754 mittetur
776 686 946 748 exercitus?
971 674 1044 788 Quo
1063 700 1152 771 pacto
1170 692 1272 770 pecu-¹

84 773 172 833 niam
191 771 378 854 exigemus,
400 774 426 833 si
443 773 655 857 unusquisque
675 772 797 833 debitor
812 773 902 833 vades
922 772 1064 833 eristius
1083 774 1151 856 lege
1170 775 1266 836 dede·
1330 806 1336 828 a

82 859 142 934 rit,
160 857 299 919 officiunt
314 858 423 919 fecerit
440 860 551 919 nemo?
576 845 734 938 Numquid
760 858 895 938 dicemus
915 857 1056 920 Graecis:
1082 841 1266 921 Timocralis
1327 888 1337 898 ⁸

80 945 141 1005 'lex
158 958 205 1005 est
221 944 302 1025 apud
321 965 394 1004 nos.
419 945 549 1025 proinde
568 964 685 1004 nonum
702 958 825 1005 senatus
844 956 1029 1022 conventum
1048 931 1268 1024 exspectatole,

86 1043 156 1093 tum
175 1031 299 1092 demum
315 1030 530 1114 egrediemur?
559 1030 631 1090 Hoc
652 1031 734 1091 enim
756 1017 909 1110 reliquum
932 1044 992 1091 est
1021 1030 1144 1106 Quodsi
1160 1042 1265 1092 nostru

45 1148 51 1152 ·
87 1117 196 1179 ciuitas
223 1115 282 1176 erit
305 1116 511 1176 defendenda:
546 1138 621 1176 num
646 1116 759 1206 putatis
786 1117 890 1193 hostes
915 1116 1127 1199 improborum
1152 1116 1272 1193 'civium
1347 1172 1359 1193 ,

87 1200 359 1304 tergiversationes
375 1215 406 1261 et
422 1202 575 1262 elusiones
591 1197 744 1282 improbas
760 1190 1007 1284 exspectaturos?
1025 1203 1058 1261 si
1073 1203 1167 1286 leges,
1186 1196 1281 1283 quae
1352 1213 1357 1222 ’

87 1289 187 1372 ipsant
204 1287 314 1348 urbem
332 1287 520 1368 impediunt,
555 1287 686 1347 tuleritis
706 1302 736 1348 et
753 1288 876 1349 rationi
878 1287 1024 1350 utilitatis
1041 1301 1267 1371 repugnantes·

89 1374 241 1455 numquid
259 1373 362 1434 officio
378 1373 440 1433 ulla
458 1385 597 1453 exparte
615 1372 806 1455 lungemini?
822 1373 919 1454 Atqui
933 1373 1085 1454 praeclare
1103 1374 1284 1445 nobiscum>
1320 1375 1334 1385 ⁵

42 1471 44 1475 '
82 1460 142 1544 ⁴ogi
157 1459 344 1541 putandum,
371 1459 413 1533 si,
441 1459 630 1518 com-omnia
648 1459 763 1519 luerint
780 1458 951 1540 inofficio,
976 1480 1033 1521 nee
1050 1461 1113 1522 ulla
1130 1459 1198 1520 talis
1216 1459 1266 1519 lex
1300 1458 1326 1466 ”

86 1544 424 1618 interturbet,h0sses
443 1557 636 1625 superemus}
663 1545 689 1604 si
713 1565 770 1604 nec
789 1545 943 1606 celeritate
962 1546 1181 1620 destituamur,
1206 1556 1265 1606 'nec

86 1630 165 1692 belli
183 1630 359 1692 occasiones
378 1631 550 1707 deseramus
569 1653 720 1710 unquam,
739 1631 793 1690 sed
809 1632 902 1712 pleno
919 1633 1016 1714 gradu
1033 1650 1266 1713 consequamur.

86 1717 214 1792 Quodsi
229 1737 296 1777 cem
314 1730 346 1777 te
363 1717 464 1799 legem
481 1716 588 1776 tulisse
606 1728 739 1790 constat,
759 1724 818 1796 qu‘a
835 1717 910 1778 tales
928 1739 976 1778 res
995 1717 1167 1792 abolentur,
1186 1730 1264 1797 quae

87 1809 218 1864 nostrae
236 1801 369 1883 ,civitatis
393 1803 588 1883 splendorem
614 1815 644 1862 et
667 1802 854 1863 maiestatem
879 1803 994 1882 ubique
1018 1816 1182 1865 auxerunt:
1208 1824 1264 1863 an-

88 1911 162 1950 non
180 1888 282 1970 quovis
301 1888 451 1969 supplicio
471 1889 538 1948 iure
554 1887 739 1951 afficereris?
764 1890 908 1969 insuper,
926 1887 1150 1965 Athenienses,
1168 1888 1264 1949 vecti-

12 1971 15 1975 ’
85 1974 362 2057 galia-,tollit,tum
381 1986 546 2034 sacratum
566 1972 703 2054 publica:
721 1974 806 2059 quod
824 1973 981 2052 quomodo
999 1975 1061 2049 fiat,
1080 1995 1138 2057 ego
1158 1974 1263 2034 dicam.
1315 1973 1341 1996 ”

84 2058 147 2120 Est
165 2059 253 2127 vobis
269 2072 334 2120 rata
349 2059 398 2119 lex
414 2073 445 2120 et
461 2058 622 2140 praeclara,
640 2070 676 2117 ιιι
689 2058 715 2118 si
733 2080 792 2139 qua
806 2058 873 2132 alia,
892 2058 1024 2138 quitum
1041 2076 1155 2120 sacram
1174 2080 1265 2159 quarn

84 2144 245 2226 publicam
262 2144 422 2226 pecuniam
440 2156 575 2218 tenent,
590 2165 656 2204 eam
674 2157 709 2203 ut
726 2144 758 2243 ἰιι
776 2143 858 2225 curia
876 2151 1062 2204 numerent:
1088 2145 1136 2204 sin
1153 2145 1266 2218 minus,

84 2242 123 2291 nt
149 2242 274 2317 senatus
299 2231 400 2313 exigat
423 2230 459 2290 iis
484 2229 621 2312 legibus,
648 2251 724 2309 quae
748 2229 780 2288 in
797 2211 978 2309 publicanos
995 2230 1073 2290 latae
1091 2243 1170 2290 sunt
1206 2229 1266 2289 Per

87 2336 156 2376 eam
174 2329 287 2377 autem
295 2316 395 2399 legem
415 2315 587 2378 communia
604 2314 869 2379 administrantur:
904 2335 974 2373 nam
993 2315 1121 2394 quaein
1140 2315 1266 2389 concio·
1350 2337 1353 2342 ·

12 2410 19 2423 ⁸
58 2428 62 2434 ·
86 2408 161 2477 nes,
180 2402 213 2461 in
232 2401 422 2476 sacrificia,
413 2425 444 2460 ιιι
463 2413 618 2474 senatum,
635 2399 667 2458 iu
686 2400 821 2480 equites,
839 2398 973 2479 aliasque
991 2421 1040 2460 res
1059 2401 1265 2501 insumuntur,

84 2486 181 2547 huius
200 2487 277 2569 legis
298 2488 400 2548 omnia
418 2485 568 2546 beneficio
588 2498 801 2566 comparantur
819 2497 849 2545 et
866 2486 1060 2566 suppetitant.
1086 2483 1164 2545 Cum
1183 2485 1265 2546 enim

86 2571 285 2671 vectigalium
298 2573 415 2632 reditus
429 2572 580 2632 sumtibus
590 2568 679 2631 urbis
691 2569 772 2630 haud
786 2570 956 2631 sufficiant:
974 2571 1172 2646 adiectiones,
1191 2590 1265 2650 quas
1328 2613 1330 2618 -

87 2664 251 2760 uoqainus,
277 2658 368 2738 huius
393 2658 469 2760 legis
493 2670 577 2717 metu
603 2669 808 2716 numerantur.
844 2655 908 2731 Qui
932 2658 1048 2740 poterit
1071 2657 1189 2745 igitur
1187 2655 1267 2729 fieri,
1296 2722 1298 2726 ,

47 2741 51 2748 ’
92 2745 171 2836 quin
184 2743 281 2806 tutius
301 2744 430 2805 civitatis
447 2755 543 2803 status
562 2743 777 2815 labefactetur,
802 2763 871 2815 epm
890 2754 921 2801 et
937 2735 1131 2824 vectigalium
1149 2725 1267 2801 reditus

91 2850 159 2889 non
156 2830 331 2890 sufficient
347 2829 513 2928 sumtibus,
529 2829 715 2929 'multaque
712 2849 776 2887 non
785 2826 976 2907 explebunt,
1000 2839 1088 2887 etue
1106 2826 1267 2908 bosrpsos
1296 2852 1299 2858 ·

89 2914 277 3000 quidem,
245 2917 306 2975 msr
297 2915 382 2975 sub
400 2915 472 2976 anni
489 2915 625 2987 exitum,-
638 2913 759 2994 exigere
775 2912 897 2986 licebit,
913 2924 948 2972 et
965 2933 1030 2986 eos,
1048 2919 1101 2991 qur
1092 2911 1268 2973 adiectio-

22 3035 27 3038 ·
89 3021 146 3060 nes
164 3022 231 3060 non
250 3001 417 3074 solverint,
445 3019 546 3078 neque
575 3010 714 3071 senatus,
743 3017 843 3077 neque
862 2997 999 3057 iudicum
1017 2997 1180 3060 aucto'ritas
1198 2997 1266 3059 vin-

87 3086 165 3147 ciet:
184 3087 263 3167 quin
280 3087 340 3166 ipsi
357 3077 522 3167 sponsores
540 3083 730 3144 constituent
743 3104 841 3162 usque
860 3084 898 3143 ad
916 3082 1034 3143 nonum
1051 3095 1173 3143 senatus
1193 3101 1268 3143 con-
1283 3123 1295 3140 ι·

89 3171 240 3232 uentum?
257 3170 312 3232 'At
331 3186 419 3233 octo
427 3169 581 3252 prioribus
609 3169 682 3248 quid
708 3168 854 3251 agemus?
882 3168 949 3267 Age
976 3168 1041 3242 dic,
1069 3170 1269 3242 Timocrates,

90 3278 155 3317 non
173 3258 394 3318 conveniemus
414 3271 448 3317 et
463 3254 717 3327 consultabimus,
744 3277 769 3314 ιι
760 3254 863 3333 quid
882 3254 941 3314 erit
959 3254 1057 3338 opus?
1090 3253 1274 3318 Sinonis·

87 3343 240 3402 cerimus:
271 3365 345 3402 num
363 3343 536 3403 libertatem
554 3339 740 3421 reipublicae
759 3339 983 3400 retinebimus?
1012 3338 1083 3400 Non
1101 3341 1213 3401 indicia
1231 3340 1270 3401 de

94 3428 309 3500 criminibus,
318 3442 383 3489 tum
401 3427 531 3509 publicis
549 3440 615 3497 tum
633 3425 775 3506 privatis,
800 3425 1085 3506 pronuntiabunt?-
1094 3426 1159 3501 Qui
1176 3422 1275 3507 porro

92 3526 224 3614 portus,
246 3515 330 3594 quod
354 3513 533 3595 confugium
558 3511 675 3592 patebit
699 3510 764 3584 his,
790 3510 933 3591 quibus
925 3510 1054 3571 iniuriae
1078 3511 1174 3573 fient?
1198 3511 1269 3575 Non

91 3599 260 3660 conveniet
284 3612 424 3674 senatus,
450 3618 551 3677 neque
577 3598 691 3657 sancita
714 3596 833 3679 legibus
859 3595 1101 3659 administrabit?
1127 3599 1172 3660 Et
1192 3597 1267 3677 quid
1290 3596 1352 3657 ⁴65

92 3688 152 3745 erit
168 3685 326 3765 reliquum
344 3685 434 3744 nubis
453 3684 552 3758 aliud,
569 3684 629 3742 nisi
647 3694 682 3742 ut
699 3682 846 3744 servitute
865 3683 1093 3784 opprimamur?
1122 3684 1181 3764 At,
1198 3683 1269 3743 ber

92 3770 182 3844 culs,
207 3770 284 3830 haec
309 3771 411 3841 omnia
435 3770 579 3831 faciemus
604 3768 716 3869 gratis?
745 3769 829 3844 Quid
852 3789 925 3829 vero
952 3768 1107 3849 iniquius,
1134 3790 1202 3828 cum
1224 3781 1270 3842 ιιι,-

89 3857 235 3917 mercede
261 3858 447 3928 conductus,
482 3855 581 3937 legem
607 3855 694 3914 istam
718 3854 843 3926 tuleris,
877 3876 975 3933 quam
993 3867 1149 3929 senatum,
1170 3875 1270 3934 qnam

90 3942 262 4039 populum,
290 3963 380 4022 quam
397 3941 509 4001 iudicia
526 3962 580 4000 sua
597 3940 737 4000 mercede
756 3939 909 4000 fraudari?
936 3941 1013 4002 Nam
1032 3954 1102 4000 tuae
1119 3939 1198 4022 legi,
1216 3939 1269 4002 Ti·
1350 3958 1357 3965 ’

50 4094 54 4103 ¹
90 4031 263 4103 mocrates',
299 4020 532 4088 adscribendum
558 4025 643 4099 fuit,
669 4025 701 4085 id
727 4025 838 4105 quod
828 4048 862 4085 ιιι
887 4026 1057 4105 publicanis
1085 4037 1115 4085 et
1139 4047 1269 4106 sponso-
1355 4022 1359 4031 ’

90 4113 180 4172 ribus
199 4113 315 4187 fecisti,
341 4113 488 4212 exigenda
508 4133 573 4172 esse
592 4110 695 4171 debita
711 4111 1024 4193 ιθειιιιίιιιεςῑιιιιιι·
1019 4111 1146 4191 quodsi
1164 4104 1286 4174 contra

92 4199 268 4280 quospiam
276 4198 333 4259 alia
352 4198 492 4298 quapiam
510 4197 578 4278 lege
596 4210 649 4257 aut
668 4198 792 4260 decreto
810 4196 958 4260 sancitum
978 4209 1041 4271 est,
1059 4195 1151 4258 licere
1169 4197 1253 4258 ab
1219 4219 1278 4259 ers·
1327 4234 1329 4241 ι

93 4305 141 4358 ea,
159 4307 239 4364 quae
257 4283 382 4361 debent,
400 4283 479 4366 exigi
470 4284 606 4343 eodem
623 4284 727 4358 modo,
746 4300 808 4365 quo
827 4305 843 4342 a
861 4281 1045 4365 publicanis.
1066 4280 1144 4343 ab“
1123 4305 1160 4342 ns
1179 4283 1277 4351 etiam

95 4370 225 4475 legibus.
238 4369 369 4450 receptis
388 4391 423 4431 ea
440 4389 507 4430 esse
525 4367 680 4482 exigenda
705 4369 807 4431 Nunc
825 4369 910 4494 leges
927 4369 966 4430 de
983 4367 1154 4482 publicanis
1171 4369 1271 4431 uude-
1322 4428 1328 4439 ,
