2722 4754
121 197 184 254 aas
251 168 253 173 ’
408 152 1003 253 nanosrnnms‘onirim

57 421 60 426 Α
79 404 81 411 ,
156 342 223 420 rit,
251 365 304 405 eos
322 325 530 416 honorabant,
559 357 591 405 et
608 343 753 425 improbis
772 339 893 404 eorum'
907 337 1077 400 conatibus·
1093 333 1298 398 obsistebant.

60 489 76 509 l
120 366 185 491 iliis
204 443 317 502 autem,
333 429 548 504 Athenienses,
566 428 813 511 grauissimorum
830 426 977 487 scelerum
996 435 1116 486 reos-et
1133 421 1299 482 convictos

121 515 236 598 palam,
261 515 287 574 si
303 535 408 576 funum
426 527 524 594 atquc
549 515 676 576 alterum
701 514 833 574 facetum
852 512 967 575 dictum
990 507 1194 590 protulerint,
1209 508 1258 566 '‘'et
1280 525 1299 564 a

31 622 37 626 ·
120 597 284 661 tribulibus
303 599 420 679 aliquot
438 599 548 663 delecti
565 597 702 661 advocati
720 601 938 679 deprecentur,
964 593 1137 675 absolvitis:
1153 593 1218 654 sin
1243 591 1300 655 da-

10 697 14 704 “
70 740 71 743 ,
121 683 231 744 runatis
249 683 398 764 aliquem,
423 685 591 746 aestimatio
609 685 671 744 litis
690 697 736 745 est
753 685 842 743 XXV
860 681 1096 742 drachmarumw
1111 676 1211 759 Atqui
1229 689 1301 736 tum

121 767 269 830 aerarium
288 771 446 852 copiosum
465 783 544 845 crat,
568 782 599 845 et
616 791 743 852 magnus
760 766 946 849 reipublicae
965 765 1111 846 splendor
1118 770 1133 825 ε’
1148 761 1302 847 privatim

17 928 23 934 ι
121 873 212 914 nemo
240 876 330 936 supra
350 856 464 940 ¹vulgus
491 855 649 915 eminebat
692 856 727 914 ld
751 855 837 933 quod
862 852 934 911 hinc
959 850 1125 911 clarissime
1148 848 1301 909 cernitur.

22 969 26 995 ι
111 939 199 999 ·Nam
217 939 361 1000 Miltiadis
381 939 660 1013 et‘Thcmistoclis,
695 939 885 1019 aliorumque
903 936 984 996 illius
1003 932 1302 996 aetatis‘illustrr'um
1355 952 1358 957 ·

121 1023 257 1084 virorum
272 1027 383 1098 vastes,
401 1026 427 1094 si
445 1026 595 1105 quispiam
612 1038 746 1085 vestrum
763 1024 854 1097 vidit,
879 1022 1050 1082 cuiusmodi
1068 1021 1147 1092 sint,
1165 1016 1300 1098 reliquis
1342 1054 1347 1062 ι

25 1158 28 1165 ,
122 1109 221 1176 nihilo
242 1113 314 1170 esse
325 1110 548 1192 splendidiores
565 1110 663 1170 videt:
680 1111 736 1170 sed
755 1108 889 1170 aedificia
905 1107 1028 1189 publica
1046 1119 1078 1166 ct
1090 1103 1302 1166 substructio-

122 1215 177 1255 nes
189 1206 288 1254 tantae
305 1208 339 1255 et
349 1196 434 1297 talpa,
451 1208 487 1255 ut
504 1196 542 1260 ad
559 1216 666 1279 eorum
683 1194 892 1269 excellentiam·
907 1191 1067 1274 posteritas
1086 1191 1164 1251 nihil
1182 1189 1300 1266 addere

111 1300 212 1362 posse
229 1281 377 1355 videatur,
393 1295 429 1341 ut
440 1280 608 1366 Propylaea
626 1274 710 1355 haec,
728 1281 852 1354 navalia,
870 1279 1017 1359 port-icus,
1034 1277 1179 1336 Piraeeus
1187 1287 1231 1335 et
1246 1296 1300 1334 re-

124 1365 225 1445 liqua,
255 1366 364 1445 quibus
378 1366 490 1426 urbem
508 1365 850 1447 adornatanspectatis:
893 1365 984 1424 Nunc
1001 1361 1136 1444 privatae
1153 1360 1301 1443 singulo·

122 1472 190 1510 rum
207 1451 424 1531 rempublicam
442 1451 613 1534 gerentium
630 1448 732 1513 mutae
751 1472 824 1532 opes
843 1463 932 1524 sunt,
959 1461 996 1508 ut
1012 1448 1063 1509 alii
1081 1448 1171 1508 aedes
1191 1442 1301 1505 meltis

56 1540 72 1564 ³
123 1535 252 1616 publicis
270 1536 415 1602 aedificiis
430 1536 704 1618 magnificentiores
721 1536 862 1610 habeant,
879 1554 968 1633 agros
983 1533 1035 1593 alii
1052 1534 1155 1614 plures
1168 1536 1301 1606 ,colime-

24 1669 30 1672 .
123 1619 204 1693 rint,
219 1641 320 1700 ,quam
338 1643 391 1680 vos
406 1620 527 1686 ‚habetis
547 1640 672 1696 omnes,
698 1622 751 1702 qui
767 1621 933 1698 injudicio
952 1619 1109 1679 assidetisr
1137 1635 1300 1697 quaeras

56 1736 60 1745 =
124 1716 225 1763 autem
243 1705 364 1785 publice
382 1705 498 1767 struitis
517 1718 548 1766 et
564 1704 695 1780 tectorio
714 1707 876 1779 inducitis,
902 1717 993 1786 turpe
1011 1704 1095 1765 dictu
1105 1715 1183 1777 est,
1207 1721 1298 1781 qnam
1355 1736 1358 1740 ·

44 1856 47 1873 .
87 1807 89 1811 ’
113 1787 187 1849 sint
208 1790 312 1857 tenuia
338 1803 369 1850 et
391 1791 533 1855 sordida..
554 1792 714 1872 Numquid
727 1793 831 1852 dicere
848 1791 993 1872 potestis,
1017 1795 1072 1849 vos
1091 1786 1299 1849 communiter

124 1873 291 1952 quaesitam
309 1887 341 1934 et
357 1888 471 1955 partam
495 1875 657 1938 relicturos
676 1898 761 1952 esse,
786 1877 866 1938 sicut
883 1875 1094 1936 illi-<fecerunt
1120 1871 1300 1956 Chersone·

14 2001 31 2039 3
124 1980 211 2049 sum,
226 1958 455 2040 Amphipolim,
472 1961 600 2043 gloriam
618 1954 911 2045 rerumgestarum?
935 1983 1027 2042 quam
1046 1959 1224 2020 cum·istius
1240 1977 1301 2040 ge-

124 2040 304 2104 neriscives
330 2045 415 2105 omni
440 2047 532 2106 modo
557 2047 733 2120 absumant,
759 2060 948 2107 nontamen
974 2046 1299 2126 obscurare-possunt,

101 2125 338 2209 Athenienses.
368 2130 491 2199 Merito.
525 2131 602 2191 Nam
619 2131 778 2207 Aristidis,
804 2132 857 2212 qui
880 2152 936 2191 suo
960 2131 1115 2191 arbitratu:
1131 2126 1298 2189 ordinandi

125 2213 489 2295 vectigaliapotestatem
512 2216 636 2289 habuit,
661 2238 734 2298 opes
761 2239 800 2277 ue
824 2217 1031 2295 unaqnidem
1050 2207 1199 2278 ·'draslr'tna
1222 2224 1302 2272 sunt

125 2310 248 2382 auctae,
275 2298 350 2377 quin
374 2314 405 2361 et
429 2300 493 2361 cius
518 2302 632 2362 mortui
654 2301 746 2362 funus
771 2294 899 2382 publicis
923 2301 1073 2361 sumtibus
1090 2312 1152 2378 uest·
1168 2295 1301 2359 cletum:

124 2383 211 2443 vohis
230 2396 347 2456 autem,
371 2385 469 2447 sicubi
488 2400 564 2467 opus
584 2377 664 2460 erat,
688 2388 721 2446 in
739 2387 854 2447 aerario
873 2387 1001 2469 pecunia
1019 2384 1231 2444 maxima-crat
1249 2383 1301 2442 in-

124 2478 174 2527 ter
190 2468 465 2544 omnesGraecos,
481 2484 526 2545 ut,
545 2472 689 2551 quamdiu
706 2493 762 2531 vos
780 2471 854 2531 foris
871 2472 1053 2531 militaturos
1074 2465 1302 2541 decrevissetis,

103 2553 242 2613 -tamdiu
259 2566 375 2614 sumtus
394 2548 553 2617 haberetis.
580 2557 686 2632 Nunc,
705 2557 759 2638 qui
775 2557 993 2637 rempublicam
1012 2554 1242 2628 administrant,
1263 2573 1301 2613 ex

19 2717 25 2723 ἢ
123 2635 229 2718 inopia
247 2653 451 2719 pervenerunt
468 2643 504 2702 ad
524 2642 618 2722 opes,
638 2656 684 2703 ·et
700 2642 785 2725 longi
802 2642 949 2723 temporis
968 2642 1145 2702 commeatu.
1154 2652 1228 2700 sunt
1242 2637 1303 2705 -in-,

126 2723 256 2783 eunctis
273 2746 327 2786 vos
345 2726 467 2806 publice
484 2747 541 2789 nec
558 2727 650 2787 unius
669 2728 731 2788 diei
748 2727 866 2788 hahetis
885 2727 1077 2802 alimoniam,
1102 2723 1301 2797 aedaecidit,

125 2819 162 2868 ut
178 2807 268 2868 simul
286 2810 400 2889 aliquid
417 2810 668 2886 faciendumsit,
685 2813 793 2886 simul,
816 2815 899 2873 unde
916 2813 948 2875 id
966 2824 1124 2894 suppetat,
1141 2830 1200 2877 ,vos
1218 2808 1299 2871 nihil

124 2891 268 2983 habeatis.
311 2896 389 2954 'sum
415 2897 496 2957 enirn
521 2897 751 2980 magistratuum
770 2899 919 2959 «dominus
947 2911 1015 2958 erut
1034 2896 1184 2980 populus:
1213 2915 1299 2955 nunc

28 2995 30 3002 ⁴
126 2998 199 3038 sero
217 2991 264 3038 est
281 2979 426 3041 minister.
468 2983 503 3040 lu
521 3003 616 3049 causa,
634 2997 736 3044 autern
757 2997 831 3043 sunt
853 2981 938 3057 istt‚-3
948 2983 1002 3063 qui
1019 2983 1090 3043 talia
1108 2973 1248 3040 scribunt
1267 2990 1301 3039 et

125 3084 179 3148 ,vos
198 3065 417 3141 assuefaciunt,
427 3078 470 3128 ut
486 3067 688 3149 vosmetipsos
706 3068 925 3150 aspernemini,
941 3080 1150 3146 unum-atquc
1166 3066 1299 3126 alterum

126 3147 283 3209 hominem
308 3151 504 3210 admiremini.
547 3153 598 3212 Sic
615 3155 665 3228 fit,
691 3167 729 3215 ut
749 3155 800 3214 isti
824 3165 941 3213 vestrae
959 3153 1091 3239 gloriae,
1115 3164 1300 3231 vestraeque

125 3233 278 3312 felicitatis
297 3234 496 3299 hereditatem
515 3242 654 3298 cernantt
673 3261 727 3300 vos
745 3261 779 3298 re
797 3238 880 3298 nulla
898 3238 1057 3310 fruamini,
1071 3237 1125 3298 s'ed
1141 3249 1237 3314 testes
1256 3235 1301 3295 si·
1353 3282 1359 3287 .

44 3325 104 3383 439
124 3319 164 3405 tis
186 3318 355 3380 alienorum
381 3321 550 3397 bonorum,
576 3320 696 3394 nullius·
715 3324 838 3384 alterius
862 3325 908 3384 rei
925 3323 1104 3407 participes,
1128 3321 1192 3382 uisi
1208 3320 1298 3396 frau-

126 3405 216 3476 dum,
235 3405 345 3484 quibus
364 3406 653 3470 circumscribimini.
688 3410 879 3490 At‘qqantos
897 3410 1048 3492 gemitus,
1067 3419 1177 3488 quanta
1195 3405 1300 3486 suspi-

121 3489 315 3556 'riaederent
330 3491 375 3553 illi
393 3493 466 3566 viri,
492 3495 545 3574 qui
568 3516 623 3575 pro
649 3495 746 3578 gloria
772 3508 802 3555 et
825 3495 1118 3555 libertate'mortem
1131 3490 1303 3573 oppetive-

104 3572 107 3602 ⁷
125 3587 198 3635 runt
213 3587 243 3634 et
257 3574 386 3656 'plurima
403 3577 688 3640 honestissimorum
705 3580 875 3640 facinorum
891 3579 1080 3641 monimenta
1094 3578 1302 3657 reliquerunt,

87 3714 89 3719 ,
127 3660 153 3747 si
171 3660 298 3736 scirent,
324 3685 407 3724 nuno
424 3665 547 3738 urbem,
573 3666 611 3724 ad
629 3665 760 3726 ministri
776 3666 913 3726 habitum
932 3677 963 3727 et
981 3663 1191 3741 conditionem
1208 3661 1302 3721 reda-

127 3758 215 3830 ctam,
233 3768 271 3807 an
289 3743 487 3810 Charidemus
507 3750 726 3811 custodiendus
745 3750 794 3824 sit,
812 3751 988 3810 deliberare.
1017 3746 1229 3820 Charidemus,
1249 3743 1304 3804 hei

127 3831 217 3891 mihi!
235 3832 297 3892 Sed
309 3855 378 3894 'non
396 3835 456 3896 hoc
473 3848 520 3896 est
537 3833 644 3918 grave,
661 3858 725 3896 non
741 3835 817 3909 hoc,
836 3857 892 3895 nos
911 3833 1077 3896 maioribus
1096 3833 1227 3906 nostris,
1246 3829 1303 3910 qui

10 3994 13 3999 .
127 3917 239 3977 virtute
258 3920 401 3979 omnibus
428 3921 659 4002 praestiterunt,
684 3921 909 4002 imprudentius
934 3919 1110 3982 consulere:
1139 3918 1194 3978 sed
1212 3915 1304 3988 illud,

72 4065 74 4070 k
126 3994 280 4063 nemiuem
297 4005 387 4066 nobis
409 4027 474 4066 esse
492 4006 773 4088 imprudentiorem.
808 4006 854 4064 An
873 4026 946 4066 vero
963 4005 1140 4086 pudendum
1159 4024 1224 4063 non
1244 4012 1304 4073 est,

127 4110 195 4148 cum
207 4087 395 4171 Aeginetae,
413 4093 466 4173 qui
484 4093 516 4152 in
534 4093 633 4154 insula
650 4106 711 4153 taur
728 4114 818 4173 parva
837 4088 987 4165 habitant,
1006 4090 1059 4169 qui
1077 4089 1155 4149 nihil
1174 4087 1303 4158 habent,

52 4210 55 4215 »
128 4174 211 4253 quod
231 4175 273 4234 eis
291 4178 407 4238 animos
426 4179 524 4239 iacere
542 4179 609 4238 iure
623 4190 750 4259 posset,
769 4175 962 4257 Lampidem,
987 4197 1048 4255 quo
1066 4176 1099 4234 in
1116 4187 1183 4236 tota
1202 4173 1304 4233 Grae-

127 4258 172 4318 cia
191 4281 253 4318 uon
273 4276 320 4322 est
336 4264 535 4333 navicularius
555 4263 746 4346 opulentior,
773 4262 827 4341 qui
846 4275 877 4322 et
893 4261 1051 4333 uerberaret
1069 4272 1238 4322 mercatum
1256 4257 1303 4318 eis

127 4343 285 4419 iustruxit,
304 4349 441 4410 nondum
459 4350 491 4409 in
509 4350 591 4411 huuc
609 4362 706 4428 usqtrc
726 4347 807 4408 diem
825 4348 919 4410 civem
938 4345 1155 4437 iecerint,3sed
1173 4340 1319 4406 sinim-⁴
