2722 4754
25 163 32 167 ’
119 181 202 267 χιιι
348 176 1069 251 onuosrnrrvrsuxcnrrro

71 335 114 395 tr
128 350 234 450 tatem
251 336 451 436 cognoscetis.
482 336 574 396 Vos
564 338 667 420 igitur,
683 328 814 410 Iudices,
832 284 934 395 oratos
955 310 1060 394 omnes
1078 299 1203 432 vqlo,
1178 356 1204 394 ιι
1223 327 1317 413 quod

88 412 274 505 unquam
293 420 450 504 nogotium
467 434 589 482 attente
613 416 772 493 audistis,
779 432 816 481 ιιι
839 435 869 481 ιι
886 421 964 484 hauc
982 441 1101 479 causam
1104 412 1238 481 attente
1257 439 1311 477 au-

141 509 237 571 diatis.
280 500 480 589 Cognoscetis
498 500 580 566 enim
598 506 904 581 hominisaudaciam
928 519 959 566 et
980 496 1221 586 improbitatem
1229 502 1311 565 haud

122 595 309 674 «vulgarem.
336 591 477 664 simodo
503 606 561 674 ego
586 592 718 651 facinora
743 591 829 649 illius
848 589 934 650 vobis
952 589 1013 673 (uti
1031 587 1136 670 spero)
1155 599 1312 670 exponere

79 690 280 779 potuero.
311 676 517 751 Zenothemis,
534 677 674 736 minister
690 676 864 776 Hegestrati
881 675 1066 748 navicularii,
1085 694 1177 754 quem
1197 685 1231 732 et
1248 672 1313 761 ipse

94 787 99 798 ι
141 764 175 822 in
189 762 379 821 accusatione
393 761 513 842 scripsit
528 761 559 820 in
574 762 682 844 pelago
697 761 822 842 periisse
840 758 908 841 (sed
923 762 1078 840 quomodo
1093 758 1272 840 perierit,
1251 778 1314 817 non

13 846 43 915 J
69 906 76 927 ,
140 848 309 929 adscripsit,
329 867 386 929 ego
404 867 475 906 vero
495 845 617 926 dicam)
633 846 692 906 tale
711 845 808 906 scelus
828 868 899 911 curn
914 845 967 906 illo
987 845 1205 928 excogitavit
1214 843 1314 903 Pecu-

34 946 38 953 ’
99 932 102 941 ’
140 937 223 1021 niam
242 946 272 992 ct
290 933 347 992 iste
367 945 398 991 et
414 931 465 991 rlle
484 931 639 1013 Syracusis
657 931 787 991 mutuati
804 942 884 990 sunt
913 929 960 988 Ac
978 930 1029 991 ille
1035 929 1174 1011 quidem
1192 928 1232 988 ad
1252 945 1325 1001 eos,

135 1014 197 1103 'qui
214 1019 264 1079 isti
282 1030 421 1076 mutuum
440 1015 620 1088 dabant,
596 1039 621 1076 ιι
640 1016 717 1094 quis
708 1011 869 1114 rogabat,
897 1014 1043 1074 dicebat
1034 1016 1102 1089 rsti,
1129 1011 1293 1111 ιιιιιΙιιιιιι,
1284 1032 1315 1085 tn

142 1105 212 1167 navi
231 1105 296 1164 esse
313 1101 474 1160 frumenti:
503 1100 559 1159 iste
579 1102 616 1160 ad
634 1122 703 1174 eos,
730 1123 801 1180 qur
773 1086 861 1172 ⁰-illi,
885 1121 998 1159 merces
988 1113 1109 1179 atque
1128 1121 1210 1159 onus
1230 1096 1315 1157 navis

111 1245 121 1251 .
141 1191 224 1253 illius
244 1207 308 1248 esse
326 1184 490 1265 proprium
510 1181 587 1245 Cum
604 1199 705 1245 autem
723 1185 799 1245 alter
817 1183 1041 1258 navicularius,
1047 1185 1124 1244 alter
1140 1197 1252 1245 vector
1269 1201 1315 1245 es-

16 1268 21 1273 *
94 1303 101 1307 ·
134 1290 207 1345 set:
233 1293 296 1332 non
314 1271 423 1330 mirum
441 1264 517 1344 luit,
540 1291 604 1331 esse
624 1271 753 1343 credita,
778 1274 853 1350 quae
873 1270 949 1329 alter
966 1271 1003 1329 de
1022 1257 1118 1330 altero
1138 1266 1316 1337 affirmabat

67 1385 79 1393 ’
143 1359 306 1423 Pecuniam
323 1368 424 1415 autem
440 1368 592 1435 acceptam
609 1357 732 1416 domum
744 1354 911 1428 Massiliam
927 1356 1088 1415 miserunt:
1106 1374 1211 1433 neque
1230 1352 1316 1433 quic-

104 1441 123 1520 ,’
145 1467 235 1526 quam
253 1443 285 1501 in
303 1462 408 1500 navem
427 1440 603 1501 intulerunt
647 1441 716 1502 Sed
727 1441 796 1521 quia
807 1420 951 1513 tabulae,
979 1439 1010 1499 id
1030 1440 1112 1520 quod
1133 1459 1245 1499 omnes
1263 1458 1314 1497 so·

74 1560 75 1567 ¹
144 1530 226 1601 lent,
255 1525 472 1597 continebant,
504 1525 529 1585 si
555 1526 638 1585 navis
663 1526 823 1589 mansisset
848 1523 1028 1598 incolumis,
1057 1524 1222 1606 pecuniam
1250 1541 1316 1582 esse

120 1612 345 1674 reddendam:
379 1610 411 1669 in
435 1609 571 1668 fraudem
590 1600 773 1671 creditorum
791 1630 897 1669 navem
915 1610 1117 1709 submergere
1129 1618 1316 1669 statuerunt

75 1714 83 1722 ‘
144 1699 342 1795 Hegestratus
357 1693 459 1776 igitur,
477 1716 543 1753 cum
564 1716 579 1753 a
597 1707 676 1755 terra
695 1695 781 1754 bidui
798 1707 850 1754 aut
865 1694 982 1754 tridui
973 1708 1032 1754 rter
1047 1707 1155 1755 navem
1170 1693 1317 1767 abduxis-

45 1800 48 1805 '
137 1795 201 1856 set,
220 1793 312 1840 noctu
329 1780 361 1838 in
380 1779 508 1838 carinam
526 1779 683 1840 descendit
700 1795 731 1840 et
744 1779 971 1842 lundumnavis
980 1779 1136 1860 perforat:
1154 1778 1214 1838 iste
1231 1797 1318 1855 vero,

141 1866 181 1929 ,rit
203 1866 298 1929 totius
324 1864 369 1923 rei
393 1863 533 1963 ignarus,
568 1884 657 1963 supra
684 1887 752 1925 cum
779 1865 903 1923 caeteris
927 1864 1102 1929 vectoribus
1129 1863 1318 1924 errsahatur

146 1952 224 2013 Orto
243 1949 388 2040 strepitu,
412 1948 464 2027 qui
482 1948 514 2007 in
532 1947 601 2007 navi
621 1962 723 2025 erant,
738 1968 876 2022 sensere,
901 1948 932 2008 in
951 1946 1050 2009 carina
1068 1949 1139 2009 mali
1157 1947 1319 2031 quippia‘m

55 2109 57 2113 ,
92 2040 95 2044 ’
128 2036 232 2126 geri,
239 2034 329 2114 atque
349 2031 526 2112 opitulaturi
544 2033 740 2101 descendunt
764 2035 980 2114 Deprehensus
998 2035 1208 2118 Hegestratus‚
1226 2036 1266 2095 ut'
1281 2052 1319 2092 se

128 2128 259 2205 'poenas
279 2120 417 2177 daturum
436 2128 539 2196 putat,
549 2113 655 2202 sugit,
678 2119 859 2202 fugatusque
878 2140 910 2179 se
928 2119 960 2178 in
978 2140 1059 2179 mare
1077 2119 1162 2194 iacit,
1186 2131 1218 2179 et
1231 2118 1319 2178 lem-

145 2205 219 2265 bum
244 2213 369 2283 propter
392 2214 513 2261 noctem
538 2223 602 2263 non
625 2201 750 2304 adeptus
774 2204 962 2266 suffocatur·
982 2205 1069 2265 llle
1058 2205 1156 2304 rgitpr
1177 2196 1253 2277 sic,
1265 2201 1321 2265 uti

146 2287 338 2365 merebatur,
362 2286 456 2345 malus
475 2287 552 2345 male
569 2288 675 2368 periit,
702 2290 763 2351 suis
782 2291 846 2373 ipse
860 2288 1010 2388 insidiis,
1027 2311 1101 2370 quas
1119 2289 1151 2349 in
1169 2281 1277 2363 alios'
1267 2309 1320 2345 rn-

96 2400 103 2412 ·
146 2384 311 2445 struxerat,
336 2382 440 2470 captus
459 2383 549 2450 atque
556 2393 737 2472 oppressus
773 2377 831 2435 ls'te
849 2394 920 2434 vero
939 2374 1040 2434 socius
1059 2388 1090 2435 et
1107 2350 1234 2434 adiutor
1251 2370 1321 2452 pri-

128 2460 229 2519 ‘mum
248 2455 347 2516 statim
365 2457 398 2515 in
415 2456 536 2555 navigio
555 2455 587 2516 in
614 2458 681 2538 ipso
699 2458 851 2532 facinore,
879 2472 1029 2558 tanquam
1040 2460 1179 2541 ignarus,
1210 2459 1267 2518 sed
1288 2468 1322 2517 et

145 2544 226 2625 ipse
222 2542 323 2602 :etiam
333 2541 525 2622 perterritus,
543 2543 655 2602 rectori
672 2564 779 2623 prorae
795 2557 825 2604 et
842 2546 941 2604 nautis
959 2545 1114 2644 suadebat,
1131 2557 1167 2607 ιιι
1186 2542 1220 2603 ln
1238 2542 1318 2602 lem-

87 2677 95 2689 ,
146 2628 219 2688 bum
244 2627 462 2687 descenderent
484 2627 552 2686 navi
577 2639 669 2708 quam
691 2628 846 2688 celerrime
868 2625 988 2704 relicta,
1015 2629 1101 2709 quasi
1124 2628 1210 2688 nulla
1236 2639 1335 2689 esset·

85 2787 88 2793 Ι
146 2714 293 2795 speranda
310 2710 390 2771 salus
410 2724 441 2771 et
458 2711 540 2772 navis
559 2713 659 2772 statim
680 2713 918 2796 submergenda,
950 2727 1000 2788 ut,
1030 2714 1113 2794 quod
1132 2713 1317 2796 cogitarant,

145 2798 178 2858 id
192 2799 413 2879 conficeretur,
431 2797 560 2877 navique
578 2798 695 2878 perdita
714 2820 764 2858 aes
782 2799 915 2866 alienum
932 2799 1114 2865 fraudarent
1146 2800 1240 2874 Quo
1241 2818 1316 2858 con-

108 2895 111 2903 '
146 2881 215 2943 silio
242 2883 417 2956 frustratus,
448 2895 481 2942 ιι
506 2895 640 2943 nostrate
643 2885 799 2962 quodam
825 2899 946 2944 vectore
972 2885 1130 2945 adversato
1148 2896 1191 2943 ιι
1213 2881 1316 2942 nautis

75 2968 80 2974 ’
145 2984 268 3050 magnas
287 2967 457 3040 mercedes,
489 2966 516 3027 si
531 2984 640 3028 navem
657 2983 901 3042 conservassent,
932 2969 1088 3048 pollicito,
1117 2967 1292 3050 perducta
1280 2981 1327 3025 ιιι·

146 3048 362 3133 Cephalenianr
380 3071 465 3124 nave,
483 3052 610 3112 deorum
630 3073 687 3132 ope
705 3052 952 3131 immortalium
933 3055 1091 3135 inprimis,
1117 3053 1228 3118 deinde
1251 3051 1314 3112 vlr-

79 3137 119 3199 48
143 3149 212 3198 tute
231 3149 406 3236 nautarum,
423 3158 526 3196 rursus
547 3159 615 3196 cum
632 3139 879 3211 Massiliensibus,
898 3126 1071 3241 Hegestrati
1089 3138 1224 3237 civibus,
1241 3157 1315 3219 age·

114 3223 208 3307 hat,
226 3242 269 3282 ne
283 3218 437 3303 navigium
453 3219 587 3282 Athenas
605 3224 834 3304 perveheretur:
853 3236 884 3282 et
902 3246 932 3283 sc
950 3226 983 3285 et
1000 3246 1115 3285 merces
1135 3245 1201 3299 esse
1193 3212 1314 3293 ‘illinc,

147 3321 179 3370 et
200 3321 260 3368 tam
284 3306 499 3365 navicularium
519 3323 607 3386 quam
626 3309 790 3368 creditores
811 3329 875 3368 esse
894 3309 1106 3370 Massilienses
1142 3292 1235 3384 Quod
1258 3306 1313 3366 ubi

141 3405 179 3471 ,et
196 3393 295 3473 ipsum
313 3412 376 3451 non
394 3392 548 3466 successit,
567 3405 607 3452 ιι
613 3389 866 3474 Cephaleniorum
887 3396 1077 3477 magistratus
1095 3391 1314 3475 pronuntias-e

71 3481 78 3495 ³
141 3478 235 3550 runt,
262 3497 369 3536 navem
386 3476 539 3551 Athenas,
556 3479 657 3536 unde
664 3478 819 3550 solvisset,
846 3480 1084 3559 perducendam:
1111 3499 1211 3559 quem
1221 3496 1312 3536 nemo

146 3563 284 3623 omnium
308 3562 368 3622 huc
391 3561 494 3623 venire
519 3584 661 3621 ausurum
685 3567 817 3642 putaret,
842 3577 913 3644 post
935 3565 1009 3625 tales
1033 3563 1158 3631 insidias
1182 3562 1361 3642 taliaqu¹

130 3640 296 3720 lacinorh,
313 3646 560 3746 Athenienses,
551 3670 576 3705 rs
595 3661 655 3707 tam
673 3647 787 3729 insigni
805 3661 851 3708 est
867 3650 1055 3730 impudentia
1074 3663 1105 3710 et
1122 3647 1263 3729 audacia,
1280 3669 1334 3709 u·

146 3742 211 3795 u'on
230 3734 322 3793 modo
341 3731 473 3809 venerit,
490 3733 605 3806 sedet,
623 3744 729 3792 nostro
747 3733 900 3793 lrrrmento
920 3734 978 3794 sibi
995 3735 1177 3824 vendicato,
1191 3754 1249 3793 nos
1267 3732 1298 3792 in

48 3872 54 3883 s
96 3840 102 3845 ·
146 3839 239 3901 super
255 3840 287 3877 ιιι
306 3817 352 3877 ius
371 3817 492 3878 vocarit
536 3817 623 3893 Quae
648 3831 806 3878 causaest
831 3819 944 3901 igitur?
963 3833 1024 3880 aut
1042 3840 1099 3899 qua
1117 3816 1301 3879 refretuse

103 3956 106 3960 .
146 3904 232 3966 venit
250 3917 280 3964 et
297 3903 330 3962 in
347 3902 396 3963 ius
412 3902 550 3963 vocarit?
573 3904 639 3987 Ego
658 3893 744 3963 vo'bis
764 3901 879 3977 dicam,
903 3904 1038 3976 ludices,
1056 3905 1187 3981 invitus,
1213 3906 1306 3964 Ιοιι

79 4043 81 4047 .
149 3988 242 4063 0.Μ
260 4000 358 4048 ιιιιοι
376 4001 407 4048 ιι
425 4009 529 4048 omnes
549 3988 640 4063 deos,
661 3990 714 4047 sed
734 4001 863 4048 coactus.
899 3978 1313 4050 Suntosficinaehominu.

149 4074 183 4134 in
200 4058 345 4147 Piraeeo,
367 4074 594 4155 improborum,
612 4072 665 4154 qui
685 4074 913 4161 conspirarunt,
937 4079 1013 4154 quos
1033 4095 1134 4155 neque
1151 4096 1207 4137 vos
1225 4074 1299 4156 igno

86 4180 95 4193 ¹·
149 4158 271 4232 rabitis,
289 4181 316 4218 ιι
306 4157 466 4218 videatis.
483 4160 602 4229 Horum
620 4168 732 4232 unuin,
750 4170 910 4239 postquam
929 4159 986 4220 iste
1004 4160 1036 4219 id
1054 4159 1179 4242 agebat,
1197 4179 1236 4219 ne
1253 4159 1294 4217 hu

150 4243 368 4328 perveheretur
384 4245 484 4318 navis,
508 4244 586 4304 inito
605 4243 734 4305 consilio
747 4244 884 4327 legatum
903 4245 1080 4348 deligimus,
1103 4266 1169 4306 non
1188 4243 1292 4326 omnin
1345 4277 1361 4298 .

152 4329 302 4438 quidem
293 4342 433 4413 rgnotum
449 4322 555 4404 lllum,
571 4331 631 4391 sed
642 4321 747 4435 talem
752 4349 817 4390 esse
835 4329 948 4412 ignari:
953 4331 997 4392 vin
1017 4351 1098 4413 quo,
1115 4338 1222 4414 prope·
1231 4329 1309 4391 dixe·
