2722 4754
134 144 257 240 Noa?
433 104 806 241 nN-NoerNNm
822 104 1074 242 οΝΝΝιο

111 350 241 392 eausa
257 330 375 413 agenda
392 328 506 389 fuisset.
514 287 654 403 Quodsi
671 292 774 390 illud
765 280 924 414 ignoravit,
944 308 1002 404 Νι,
999 331 1089 393 lroe'
1079 350 1146 390 rure
1164 329 1280 406 fretus,
1291 348 1324 395 ut

152 437 235 477 nunc
253 415 348 487 dicct,
366 433 399 473 se
417 414 455 472 ad
472 425 599 473 tautum
615 417 784 496 periculum
803 437 866 476 non
884 417 1012 498 paravit:
1036 417 1145 477 saltem
1163 429 1323 497 postquam

20 510 24 519 '
75 522 84 543 s
144 508 355 572 surrexeram,
380 485 510 578 cunique
530 499 589 558 iam
615 502 824 560 accusabam
803 523 847 561 m
864 501 963 581 primo
990 522 1158 597 congressu
1177 503 1277 583 apud
1276 524 1322 562 ar

153 585 282 657 bimum,
301 583 490 644 tradidisset.
509 606 639 686 quorum
658 587 715 645 iste
733 585 809 644 nihil
827 586 908 646 fecit
937 589 984 647 Ut
1002 589 1103 648 autem
1122 607 1171 646 me
1189 607 1262 647 vera
1280 589 1324 648 di-

90 743 93 751 ,
153 689 238 744 cere,
256 683 353 768 atque
366 669 512 730 eludendi
527 672 621 770 'gra-tia
640 670 840 752 comparatam
858 672 955 732 luisse
977 672 1232 753 provocationem
1251 693 1323 733 con-

152 766 223 827 stet,
239 755 333 835 pecita
352 754 410 826 hoc
422 757 647 830 testimouium,
666 777 701 815 ex
719 776 781 835 quo
799 757 832 815 id
850 757 908 818 erit
924 758 1127 839 perspicuum.

361 891 384 967 ⁴,
416 912 424 964 j
467 891 480 968 ss
530 899 999 971 ΝΝΝΝιΝοΝΝιιΝ.’,

206 1048 208 1052 -
235 1011 281 1073 ΑΝ
305 1014 391 1112 quod
415 1012 452 1072 ad
477 1010 670 1093 quaestiones
695 1011 1044 1085 attinet,⁴ine1uineritis
1070 1025 1100 1072 et
1125 1012 1239 1086 horae,
1265 1000 1323 1092 qua

23 1104 32 1112 ”
98 1149 104 1155 .
143 1098 345 1175 provocavit,
370 1111 401 1158 et
418 1097 542 1177 quibus
540 1097 585 1156 de
611 1097 707 1157 causis
727 1098 759 1157 id
776 1097 912 1157 fecerit:
923 1111 959 1157 ut
976 1097 1070 1178 prima
1095 1112 1238 1179 tempora
1256 1099 1321 1161 elu-

85 1205 102 1216 „
152 1181 261 1254 deret,
277 1181 388 1261 quibus
408 1182 516 1243 illud
507 1205 552 1243 rus
565 1204 641 1255 eum
667 1204 817 1261 nusquam
835 1182 993 1243 voluisse
989 1185 1167 1283 procedere
1194 1190 1322 1257 constat,

106 1335 108 1339 ¹
151 1285 252 1346 neque
246 1262 317 1327 vel
335 1288 525 1348 provocasse,
543 1269 590 1329 vel
609 1268 784 1348 postulasse.
803 1268 890 1342 Quae
909 1289 977 1327 curu
996 1269 1096 1327 omnia
1116 1288 1321 1349 coargueren-

150 1362 203 1409 lur
219 1357 297 1438 apud
317 1356 478 1435 arbitrum,
504 1351 759 1434 quemadmodum
785 1364 816 1411 et
834 1354 913 1452 apud
929 1369 1003 1425 vos‘,
1027 1366 1208 1452 aperteque
1215 1365 1320 1412 osten-

24 1460 27 1465 ’
61 1474 64 1479 ’
150 1434 292 1514 deretur,
318 1462 387 1501 eum
404 1439 504 1500 teneri
522 1437 713 1499 criminibus·
736 1437 913 1497 omnibus
904 1438 1073 1518 interponit
1096 1438 1208 1498 falsum
1233 1439 1320 1498 testi-

150 1526 309 1599 monium,
329 1528 362 1585 ’Νι
378 1538 470 1584 ιΝΝιΝΝ
489 1524 644 1596 inscribit,
671 1543 747 1602 quos
773 1544 829 1596 nec
847 1522 934 1582 vobis
958 1523 1082 1604 ignotos
1100 1523 1172 1582 fore
1199 1544 1320 1597 censeo,

146 1620 324 1690 postquam
330 1594 500 1669 audieritis:
516 1609 688 1679 Diotimus,
705 1592 883 1667 lliotimiF.
890 1607 1083 1681 ,leariensis,
1101 1607 1339 1681 Archebiades,

145 1691 318 1761 Demotelis
336 1696 367 1753 F.
376 1686 579 1767 ,Alaeeusis,
597 1690 792 1765 Chaeretius,
811 1649 999 1752 Charimenis
1017 1693 1048 1751 F.
1049 1692 1255 1766 ,Pitthensis,
1271 1706 1319 1752 te-

150 1781 339 1855 stificantur,
348 1802 380 1839 se
398 1779 507 1838 abiisse
526 1800 547 1837 a
561 1799 655 1838 coena
674 1796 743 1837 cum
757 1773 896 1855 Conone,
915 1789 946 1837 et
962 1781 1125 1838 accessisse
1142 1779 1176 1837 in
1194 1778 1264 1837 soro
1283 1778 1319 1837 ad

92 1860 326 1926 Aristonem
345 1864 489 1925 etlilium
509 1860 658 1922 Cononis
662 1874 847 1944 pugnantes,
873 1876 904 1923 et
920 1884 984 1923 non
1002 1864 1195 1923 conseruisse
1208 1858 1318 1929 manu's

150 1947 311 2012 Cononem
330 1962 360 2010 et
377 1948 559 2009 Aristonem.
596 1947 691 2022 Quasi
708 1968 795 2008 vcro
806 1935 954 2008 continuo
973 1949 1119 2013 credituri
1138 1949 1262 2022 essetis,
1289 1962 1319 2010 et

46 2039 50 2043 ⁴
148 2036 307 2098 veritatem
323 2035 406 2095 haud
422 2033 658 2095 consideraturi:
681 2032 830 2112 primum,
853 2055 955 2113 neque
971 2034 1191 2118 Lysistratum,
1215 2054 1318 2113 Neque

41 2184 49 2188 ,
116 2129 132 2174 .“
148 2123 288 2196 Paseam,
314 2139 415 2199 neque
432 2119 622 2192 Niceratum,
648 2137 748 2196 neque
761 2118 953 2192 Diodorum,
978 2141 1032 2198 qur
1023 2119 1144 2198 palam
1165 2119 1319 2180 testificati

18 2211 25 2225 ⁸
55 2207 60 2224 '
149 2210 230 2280 suut,
248 2229 280 2267 se
298 2206 420 2277 vidisse,
437 2224 485 2263 me
504 2226 520 2262 a
539 2200 667 2262 Conone
685 2203 847 2275 verberari,
865 2216 897 2262 et
913 2204 1049 2264 vestibus
1067 2204 1148 2278 exui,
1166 2217 1198 2263 et
1215 2218 1316 2265 caete·
1342 2210 1349 2267 ,“

146 2290 206 2366 ris,
224 2313 297 2372 quas
314 2311 474 2371 perpessus
493 2311 578 2361 sum,
605 2288 798 2347 contumeliis
813 2288 912 2362 allici,
930 2288 1097 2349 homines
1087 2302 1227 2372 ignotos,
1247 2290 1318 2370 qui-
1347 2343 1353 2352 .

127 2395 214 2456 Nque
225 2376 353 2436 fortuito
365 2376 417 2434 rei
427 2375 675 2474 intervenerunt,
691 2373 930 2453 uuquamiuisse
948 2373 1171 2446 commissuros,
1189 2388 1224 2434 ut
1238 2375 1316 2435 salsa

145 2460 389 2533 testificarentur,
406 2445 465 2520 uisi
485 2478 533 2517 me
545 2458 586 2519 ita
603 2457 779 2517 mulctatum
796 2458 950 2518 vidissent.
964 2456 1098 2532 Deinde,
1115 2481 1164 2518 cur
1153 2459 1216 2518 'lit
1231 2460 1314 2521 reri-

147 2542 256 2621 simile,
274 2566 333 2620 me,
351 2545 411 2623 nisi
401 2544 489 2605 ''ab
480 2556 539 2619 isto
557 2544 681 2611 fuissem
700 2542 759 2602 hoc
777 2544 870 2604 modo
882 2544 991 2617 laesus,
1008 2544 1129 2604 omissis
1146 2541 1201 2617 iis,
1213 2565 1229 2602 a
1247 2546 1315 2624 qui-

81 2656 101 2704 )
146 2631 231 2691 bus
222 2632 280 2712 ipsi
297 2652 345 2691 me
363 2629 567 2698 verberatum
564 2649 638 2687 esse
656 2624 851 2701 confitentur,
868 2641 973 2688 contra
991 2650 1079 2703 eum,
1097 2628 1164 2709 qui
1168 2650 1227 2689 uec
1245 2631 1314 2690 atti-

72 2708 76 2713 ’
146 2719 250 2798 gisset,
268 2717 372 2778 venire
390 2715 520 2797 primurn
538 2712 727 2781 instituisse?
746 2708 808 2772 Cur
826 2713 967 2772 enim?
945 2724 1040 2795 qua'vc
1056 2714 1094 2774 de
1114 2713 1224 2774 causa?
1242 2714 1312 2774 Non

48 2841 58 2851 -
146 2802 188 2862 ita
206 2816 268 2863 est.
293 2803 369 2862 sed
366 2810 457 2872 eum,
478 2819 580 2878 aquo
591 2798 722 2878 primum
744 2797 918 2858 verberatus
937 2820 1004 2859 sum
1021 2799 1220 2878 maximisque
1239 2805 1312 2860 c-on

145 2885 279 2948 tumeliis
297 2884 434 2958 allectus,
452 2897 483 2944 Νι
499 2904 608 2943 accuso
627 2896 657 2942 Νι
675 2882 736 2942 odi
733 2895 776 2943 et
792 2904 968 2964 persequor
985 2885 1041 2957 ΑΝ,
1060 2905 1137 2964 quae
1156 2905 1214 2966 ego
1234 2885 1313 2959 dico,

145 2975 192 3032 uti
210 2994 253 3034 re
260 2973 341 3053 ipsa
341 2991 411 3047 Nera
427 2982 508 3028 sunt
518 2969 637 3041 omnia,
655 2959 697 3028 ita
715 2968 815 3027 etiam
822 2986 898 3029 ΝΝΝΝ
906 2990 976 3029 vera
993 2970 1144 3029 videntur.
1180 2971 1254 3029 lste
1258 2991 1310 3030 au-

145 3051 233 3133 tem,-
229 3058 301 3117 nisi
318 3068 412 3118 testes
430 3055 505 3114 istos
523 3010 731 3133 produiisset,
750 3054 832 3132 quod
852 3054 982 3128 diceret,
1008 3076 1071 3115 non
1090 3054 1232 3115 haberet.
1255 3056 1309 3114 scd

145 3142 308 3224 evestigio
331 3140 439 3201 tacitus
458 3139 593 3198 damnari
615 3137 801 3219 potuisset.
808 3136 886 3198 Cum
903 3154 1005 3208 autem
1028 3140 1093 3199 eius
1112 3139 1312 3200 combiboues

144 3229 208 3289 sint
222 3239 255 3287 et
271 3228 437 3300 multorum
453 3223 559 3282 talium
576 3223 745 3282 facinorum
763 3224 849 3298 socii,
866 3224 946 3285 haud
962 3224 998 3284 ab
1015 3246 1049 3285 re
1066 3225 1203 3285 falsum
1193 3248 1226 3285 ιιι
1246 3225 1310 3285 cius

60 3328 121 3382 306
139 3313 269 3397 gratiam
287 3306 495 3371 testinanium
514 3308 661 3368 dixerunt·
678 3309 800 3383 Quodsi
817 3330 865 3368 ros
881 3330 918 3369 eo
929 3310 1067 3397 redierit,
1082 3323 1129 3383 ιιι,
1146 3310 1173 3369 si
1191 3310 1243 3390 qui
1260 3330 1310 3369 se-

143 3400 204 3459 mel
229 3393 376 3458 frontem
393 3391 607 3483 perfricuerint
630 3406 661 3452 et
684 3406 786 3474 aperte
812 3394 886 3454 salsa
911 3388 1067 3456 testificari
1096 3394 1162 3455 ausi
1184 3395 1311 3469 suennt,

24 3544 30 3554 ,
100 3520 109 3547 ι
142 3484 226 3544 nulla
242 3481 344 3541 futura
362 3480 401 3540 sit
418 3478 552 3539 veritatis
566 3474 701 3538 utilitas:
716 3478 841 3563 indigna
858 3503 907 3541 res
926 3481 990 3540 erit
1022 3482 1075 3554 Nc,
1093 3481 1228 3553 hercule,
1246 3501 1309 3540 non

142 3581 215 3629 sunt
231 3568 326 3627 tales.
346 3567 423 3625 Ιιιιο
433 3576 548 3623 norunt
564 3566 716 3640 vestrum,
732 3576 768 3623 ut
785 3565 905 3645 opinor,
923 3565 1012 3626 multi
1030 3578 1062 3626 et
1077 3566 1261 3639 Diotimum,
1278 3578 1310 3626 et

107 3653 378 3730 „Arclrebiadem
405 3662 437 3709 et
454 3645 698 3722 Chaerctium,
688 3669 830 3708 incanum
855 3651 957 3711 illum:
982 3652 1055 3730 qui,
1080 3673 1149 3711 curn
1176 3652 1312 3712 interdiu

125 3740 275 3799 'frontem
290 3747 488 3817 corrugent,
501 3747 531 3794 et
548 3734 735 3793 Laconum
725 3734 891 3795 imitatores
913 3736 1011 3796 videri
1028 3736 1139 3810 velint,
1166 3750 1197 3797 et
1215 3737 1309 3797 lacer-

117 3891 118 3894 ,
140 3833 195 3885 nas
213 3824 358 3903 induant,
376 3832 414 3879 et
432 3819 546 3900 simplis
565 3818 656 3878 soleis
681 3830 823 3894 utantur,
848 3835 1010 3902 postquam
1036 3822 1230 3905 congregati
1238 3835 1311 3882 suut

29 3949 35 3957 ,
65 3967 67 3971 Α
142 3923 175 3971 et
191 3909 272 3968 iuter
289 3926 355 3967 sese
372 3904 483 3977 coiere,
501 3904 618 3963 nullum
635 3904 756 3964 sceleris
768 3918 800 3965 et
813 3903 927 3988 flagitii
938 3926 1035 3989 genus
1053 3907 1309 3988 praetermittunt.

118 4052 123 4060 ,
140 3995 283 4070 Quorum
300 3993 374 4053 haec
392 3988 550 4090 splendida
569 4001 598 4060 et
623 3989 779 4073 magnilica
797 3991 889 4052 verba
906 4005 991 4052 Νιιιιι.
1014 4017 1031 4046 Ν
1038 3995 1156 4053 Annon
1172 3993 1238 4052 aliis
1257 3993 1310 4053 alii

140 4084 246 4140 mutua
263 4075 444 4139 testimonia
456 4074 610 4136 dicemus?
634 4073 750 4135 Annon
766 4076 840 4136 haec
858 4077 1007 4137 sodalium
1026 4090 1057 4138 et
1073 4068 1241 4162 amicorum
1261 4079 1308 4138 ol-

140 4152 208 4224 licia
220 4159 322 4224 suut?
354 4159 438 4237 Quid
456 4179 528 4221 vero
554 4181 644 4242 grave
670 4173 776 4221 contra
792 4174 823 4221 te
846 4152 973 4229 afferet?
1009 4157 1160 4265 Vapulare
1184 4165 1306 4244 quidam

141 4268 211 4309 eum
230 4247 389 4311 sevidisse
407 4245 539 4308 dicent?-
553 4241 630 4306 Nos
638 4265 722 4317 vero,
738 4259 769 4306 te
785 4254 911 4333 prorsus
925 4267 991 4308 non
1006 4250 1146 4332 attigisse
1163 4272 1242 4324 eum,
1259 4263 1308 4311 te

38 4370 41 4374 ·
84 4333 109 4361 ’·
140 4333 356 4405 ΝιίΙΙΝΝΙιὶιιιιιΝ.
378 4332 548 4411 Spoliatum
566 4350 633 4393 esse
629 4330 827 4393 vestibus·—
832 4334 880 4408 ld
889 4329 959 4397 illos
976 4335 1086 4397 ιΝΝἰΝΝΝ
1103 4336 1232 4421 priores,
1247 4355 1306 4397 uos

420 4436 424 4439 ,
523 4437 525 4442 ,
784 4434 795 4458 ,
1268 4440 1272 4444 .
