2722 4754
64 195 100 282 3]
142 200 203 270 ssa
287 247 289 250 .
362 136 1079 253 no'nosrucumnrrnnuncro
1145 142 1149 152 .

139 349 242 424 Quam
260 345 340 406 enim
358 342 516 403 fasciarum
533 340 731 404 venditricem
748 341 842 401 fuisse
860 341 936 417 dicit
953 353 983 402 et
998 339 1189 424 manifestam
1207 337 1310 396 omni-

140 433 223 511 bus,
250 432 288 488 de
310 449 344 489 ea
362 438 415 508 p'ar
431 428 492 487 suit
507 427 787 506 utiquetestificari
805 427 937 501 multos,
970 425 1025 505 qui
1043 423 1101 505 ipsi
1118 444 1184 482 cam
1204 423 1308 482 noris-

131 527 227 587 sent,
252 533 315 572 non
334 512 387 592 qui
407 512 486 572 nihil
509 524 630 594 praeter
651 511 788 571 auditum
812 506 968 571 referrent.
1002 509 1079 568 Nam
1103 507 1134 567 si
1146 504 1308 589 peregrina

141 599 264 670 suisset,
291 586 468 664 excutienda
485 597 610 657 fuerunt
626 594 782 679 vectigalia
800 596 831 654 in
850 596 935 668 foro,
963 607 1008 672 et,
1022 601 1107 663 „mim
1126 593 1310 675 peregrino-

141 704 208 743 rum
226 681 374 743 trihntum
393 683 581 763 pependerit,
600 680 834 760 inquirendum,
854 692 903 753 et,
921 680 1001 739 cuias
1021 677 1121 750 luerit,
1141 678 1309 736 ostenden-

59 784 65 797 ·'
142 769 230 827 dum:
258 767 304 826 sin
323 765 446 840 ancilla,
470 765 607 846 inprimis
628 778 741 837 emtor,
768 765 815 824 sin
834 765 950 838 minus,
973 762 1116 824 venditor
1133 762 1309 842 producen-

112 854 113 863 ’
141 853 197 912 dus
216 850 291 925 fuit,
328 862 606 930 quitestrmonrum
630 872 663 909 m
686 871 751 908 eam
770 849 899 923 diceret,
934 861 987 909 aut
1003 849 1109 908 saltem
1127 847 1205 905 alius
1225 845 1309 925 quis-

108 926 240 1017 piam,
272 935 325 1016 qui
343 933 502 1016 probaret,
532 934 857 1003 camuel-servitutem
875 934 1019 1012 servisse,
1046 933 1094 991 vel
1114 951 1181 990 esse
1200 952 1309 989 manu-

140 1019 269 1082 missam.
304 1020 393 1081 Nunc
412 1020 521 1078 horum
540 1017 616 1078 nihil
635 1018 787 1094 ostendit,
815 1020 869 1079 sed
888 1019 1000 1078 crimen
1020 1015 1150 1089 obiecit,
1175 1027 1215 1094 ut
1234 1015 1308 1074 mihi
1339 1021 1341 1025 '

73 1177 81 1181 ,
133 1106 270 1179 uidetur,
286 1104 401 1163 nullius
421 1103 579 1182 momenti.
602 1104 636 1162 ld
655 1103 735 1163 enim
754 1115 800 1163 est
816 1102 1040 1163 calumniatoris
1059 1100 1232 1182 ingenium,
1250 1099 1309 1158 cri..

72 1194 76 1202 “
139 1189 249 1251 minari
264 1188 386 1264 omnia,
411 1188 541 1269 probare
560 1187 644 1248 nihil.
686 1187 805 1248 Deinde
822 1188 899 1263 illud
919 1187 1007 1247 etiam
1027 1188 1057 1246 in
1074 1187 1205 1245 matrem
1224 1185 1307 1258 dixit,

142 1294 206 1335 eam
224 1273 381 1332 nutricem·
392 1273 492 1332 fuisse.
517 1274 581 1332 Nos
600 1293 691 1346 vero,
709 1273 776 1332 cuin
795 1287 900 1333 nostra
915 1270 987 1332 urbs
1005 1270 1122 1331 cladem
1140 1270 1308 1350 accepisset

141 1372 173 1420 et
190 1378 296 1417 omnes
311 1358 404 1417 rebus
423 1359 554 1418 adversis
573 1356 835 1431 conflictarentur,
866 1378 928 1416 non
947 1356 1127 1428 infitiamur,
1160 1355 1224 1431 hoc
1242 1375 1306 1413 esse

140 1444 269 1503 lactum:
292 1463 354 1522 quo
372 1455 460 1524 pacto
479 1455 578 1502 autem
599 1454 628 1501 et
647 1441 756 1520 quihus
776 1444 812 1501 de
831 1441 927 1502 causis
946 1463 1102 1500 mammam
1121 1439 1307 1519 praebuerit,

80 1559 94 1570 f
141 1549 200 1609 ego
228 1526 386 1607 perspicue
413 1525 694 1603 vohis'ostendam.
736 1527 844 1606 Neque
872 1547 945 1585 vero
974 1526 1133 1605 quisquam
1163 1536 1307 1596 vestrum,

66 1605 71 1618 “
139 1611 362 1685 Athenienses,
387 1611 495 1690 iniquo
514 1610 614 1670 animo
633 1611 773 1691 accipiat:
801 1611 978 1672 nemetiam
996 1632 1077 1687 nunc
1096 1610 1178 1669 cives
1197 1609 1304 1669 mulie-

113 1702 117 1715 “
140 1717 191 1766 res
207 1695 317 1770 multas¹
334 1696 510 1778 invenietis,
528 1715 605 1775 quae
623 1695 775 1755 nutricum
794 1697 961 1778 fungantur
974 1695 1105 1767 officiis,
1124 1715 1201 1774 quas
1219 1695 1302 1754 vohis

94 1844 103 1860 .
139 1781 403 1854 relnontinatim,
432 1780 457 1839 si
474 1792 572 1841 vestra
589 1780 728 1839 noluntas
746 1781 840 1855 seret,
869 1782 1012 1840 dicemus.
1055 1779 1178 1854 Quodsi
1198 1779 1305 1838 divites

64 1876 67 1880 '
139 1885 291 1926 essemus:
324 1884 427 1944 neque
444 1864 560 1925 taenias
576 1865 792 1938 venderemus,
827 1886 926 1944 neque
945 1866 1077 1943 denique
1095 1860 1205 1944 inopes
1224 1884 1329 1942 esse-⁶

139 1973 215 2011 mus.
254 1949 315 2008 Sed
334 1949 407 2029 qui'd
426 1950 482 2010 ista
500 1971 571 2026 cum*
586 1970 699 2031 genere
718 1950 865 2010 consortii
881 1949 1014 2010 hahent?
1047 1949 1200 2029 Equidem
1219 1948 1305 2020 nihil,

86 2105 88 2110 ,
139 2035 257 2116 opinor.
292 2035 338 2104 Ne
362 2054 454 2108 vero,
478 2034 614 2107 ludices,
640 2056 787 2115 pauperes
815 2034 1017 2114 aspernemini
1042 2032 1128 2116 (satis
1155 2033 1237 2092 enim
1261 2033 1304 2092 eis

139 2133 186 2188 est
197 2119 228 2176 iu
242 2120 306 2197 ipsa
323 2125 498 2199 paupertate
517 2116 612 2198 mali),
623 2138 729 2199 -neque
745 2134 797 2179 eos
813 2120 913 2191 etiam,
930 2118 983 2198 qui
1002 2120 1172 2198 quaeritare
1189 2119 1304 2203 victum

138 2215 170 2277 'et
187 2203 288 2261 vivere
306 2201 372 2266 sine
389 2202 556 2283 cuiuspiam
574 2203 684 2274 iniuria
702 2204 882 2264 instituunt:
910 2205 964 2263 sed
980 2203 1082 2263 audita
1100 2221 1149 2278 re,
1175 2203 1232 2262 ohi
1248 2223 1304 2262 vo-

77 2314 80 2319 ’
138 2287 185 2362 his
203 2282 304 2345 matris
324 2300 468 2368 cognatos
487 2287 764 2362 ostendero'tales,
799 2290 903 2368 quales
921 2289 1125 2370 ingenuorum
1143 2289 1304 2348 hominum

56 2401 59 2406 ’
137 2390 204 2432 esse
223 2371 327 2443 decet,
347 2371 417 2454 ciui,
441 2370 466 2428 si
483 2370 541 2430 iste
558 2371 591 2429 in
611 2393 675 2431 eam
694 2374 762 2443 talia
782 2375 906 2433 crimina
924 2374 1108 2446 coniecerit,
1122 2374 1250 2433 eiurent
1268 2383 1300 2433 et

90 2508 93 2516 .
137 2455 348 2528 testificentur,
363 2455 509 2529 sescire,
538 2477 613 2543 leam,
629 2477 694 2517 esse
713 2458 831 2532 civem,
860 2478 937 2538 quos
955 2479 1009 2518 vos
1024 2458 1138 2538 putatis
1157 2478 1222 2517 esse
1239 2458 1301 2516 fide

138 2541 267 2627 dignos,
282 2561 350 2600 eam
367 2539 457 2600 nohis
476 2541 552 2626 ferte
570 2543 771 2616 senteutiam,
788 2565 877 2623 quam
896 2543 1029 2624 postulat
1045 2543 1189 2622 aequitas.
1224 2541 1301 2600 Mihi

53 2641 115 2696 335
138 2647 210 2686 avus
235 2624 310 2698 luit,
337 2622 558 2699 Athenienses,
584 2627 687 2704 matris
712 2640 797 2708 pater
820 2631 1030 2687 Demostratus
1053 2626 1230 2687 Melitensis.
1264 2626 1301 2684 Ei
1327 2649 1330 2653 ·

53 2758 54 2763 ,
137 2720 304 2770 naseuntur
327 2721 458 2787 ‹puatuor
479 2709 585 2768 liberi:
613 2711 765 2790 epriore,
791 2733 880 2791 quam
899 2712 1021 2784 hahuit,
1045 2733 1162 2785 uxore,
1186 2711 1248 2770 filia
1272 2723 1301 2769 et

75 2811 83 2820 ·
137 2795 233 2867 filius,
251 2793 301 2853 cui
319 2807 432 2879 nomen
450 2792 508 2852 suit
525 2793 719 2878 Amytheou,
742 2817 758 2855 e
776 2796 945 2877 posteriore
964 2793 1189 2868 Chaerestrata,
1207 2807 1301 2855 mater

136 2901 212 2952 mea,
231 2891 261 2938 et
277 2876 470 2938 Timocrates.
497 2879 552 2937 His
571 2900 663 2959 porro
683 2880 770 2940 liberi
788 2894 962 2953 nascuntur,
980 2880 1172 2964 Amytheoni
1189 2882 1299 2940 Demo·
1349 2873 1351 2881 Α

93 2990 100 3004 .
136 2976 257 3036 stratus,
275 2962 320 3022 avi
339 2983 451 3022 nomen
469 2963 613 3038 referens,
632 2977 662 3024 et
680 2959 866 3028 Callistratus
886 2978 916 3025 et
933 2965 1109 3033 Dexitheus.
1141 2964 1189 3024 Ac
1207 2967 1296 3048 Amy-

53 3060 55 3071 *
136 3047 382 3125 theon'quidem,
400 3049 502 3106 matris
520 3048 621 3122 scater,
640 3069 675 3106 ex
693 3069 798 3108 eorum
813 3071 940 3109 numero
955 3056 1015 3122 est,
1033 3051 1086 3129 qui
1104 3051 1136 3108 in
1152 3050 1252 3108 Sicilia
1269 3061 1302 3107 et*

136 3132 304 3192 militarunt
319 3143 353 3189 et
370 3130 529 3205 obierunt,
554 3145 587 3212 et
603 3133 740 3212 sepultus
765 3148 811 3195 est
832 3135 864 3193 in
882 3135 1010 3214 puhlicis
1034 3131 1247 3200 monimentis}
1271 3147 1298 3192 et

136 3216 209 3276 haec
231 3217 325 3274 testes
343 3215 567 3274 confirmarunt.
584 3217 681 3276 Soror
696 3231 796 3277 autem
815 3219 891 3292 eius,
909 3241 985 3299 quae
1002 3219 1147 3279 Alaeensi
1163 3219 1297 3279 Diodoro

88 3355 90 3359 Α
134 3311 228 3379 nupta
246 3298 314 3370 fuit,
332 3298 428 3356 lilium
446 3301 565 3380 peperit
577 3297 752 3362 Ctesibium.
771 3305 797 3362 ls
811 3303 914 3387 Abydi
933 3304 1010 3363 obiit
1027 3326 1095 3364 cum
1108 3303 1296 3386 Thrasybulo

20 3383 25 3396 ⁵
53 3424 56 3431 ·
134 3384 274 3444 militans.
303 3383 348 3442 Ex
367 3382 412 3442 his
430 3384 504 3445 vivit
520 3386 739 3459 Demostratus,
755 3387 958 3471 Amytheonis
977 3389 1076 3461 filius,
1094 3389 1198 3448 matris
1218 3409 1297 3447 meac

68 3533 73 3541 ,
94 3479 97 3483 ’
133 3468 233 3528 fratris
251 3467 338 3526 lilius.
358 3464 599 3542 Chaerestratae,
617 3472 698 3530 aviae
717 3493 817 3547 meae,
834 3494 971 3544 sororem
990 3474 1073 3534 ducit
1090 3473 1297 3553 Apollodorus

134 3552 314 3612 P-lothensiu
354 3552 400 3611 Ex
423 3552 469 3612 his
487 3546 628 3613 'nascitur
651 3555 878 3638 Olympichusc
897 3579 934 3620 ex
959 3558 1144 3642 Olympicho
1171 3557 1297 3640 Apollo-

133 3639 236 3711 dorus,
253 3649 345 3717 atque
362 3636 387 3697 is
406 3637 486 3698 vivit
521 3639 654 3698 Proinde
671 3640 746 3700 voca
764 3642 838 3702 mihi
857 3647 917 3704 eos.

612 3774 875 3839 rus,nns.‘

53 3923 56 3928 ·
206 3891 282 3966 Hos
298 3891 392 3974 igitur
409 3892 564 3958 audivistis
581 3893 777 3957 testificantes
796 3907 826 3954 et
844 3894 1020 3959 deierantes.
1057 3899 1186 3960 Vocaho
1206 3899 1293 3959 etiam

94 3980 106 4052 J
125 3975 287 4036 uterinum
305 3976 428 4057 fratrem
445 3991 478 4037 et
494 3977 639 4056 utrinque
657 3978 746 4039 nohis
773 3995 936 4063 cognatum
964 3997 996 4042 et
1012 3985 1093 4045 lilios
1113 3985 1188 4045 eius.
1222 3977 1295 4045 Nam

63 4065 64 4068 ’
133 4059 313 4134 Timocrati,
338 4062 440 4126 matris
459 4082 542 4122 meae
559 4062 645 4121 fratri
669 4081 813 4145 germano
833 4079 863 4126 et
880 4066 1020 4143 uterino,
1045 4070 1182 4130 nascitur
1206 4069 1314 4132 Euri»

131 4141 238 4286 pilleus:
255 4145 406 4212 Euxithco
424 4159 484 4208 tres
502 4146 568 4222 filii,
586 4147 639 4227 qui
657 4168 762 4211 omnes
779 4150 894 4213 vivunt
921 4156 1004 4214 Voca
1022 4155 1154 4223 milriex
1174 4155 1228 4231 eis,
1245 4153 1295 4236 qui
1319 4152 1321 4155 ’
1339 4232 1341 4236 ,

154 4247 217 4287 orm
234 4241 314 4291 sunt.
623 4260 625 4264 ⁸
641 4258 644 4263 ·
