2722 4754
348 35 366 75 Ι

218 107 227 113 ,
303 64 311 98 l

282 127 286 135 ²
328 140 622 286 *nn'sv'nnsus
661 130 948 247 rouretum·
971 156 989 203 ‘·
1090 120 1133 194 7
1167 176 1237 264 seo,
1293 162 1327 245 ,ᾗ

111 104 164 163 x,

57 354 162 416 neque
180 347 254 396 tune
271 331 304 395 in
319 330 585 397 'animo‘babulsse
603 352 710 392 navem
728 320 813 392 aune
831 324 984 412 accipere:
1002 329 1125 407 neque,
1142 295 1231 407 post-¹,

59 443 152 504 quam
170 443 187 481 a
205 420 292 482 vobis
312 434 343 481 et
360 421 484 484 decreto
499 431 611 481 -vestro
637 416 760 483 coaetus
786 418 888 478 estad
911 436 1017 476 navem
1035 412 1136 486 abire,
1160 432 1229 472 euna
1306 481 1308 484 Α

60 526 98 579 eo
117 506 268 581 venisset,
294 505 427 566 voluisse
445 502 520 562 mibi
539 503 570 564 in
593 502 769 564 trierarchia
795 502 966 564 succedere.
1001 500 1076 560 Nam
1095 497 1235 569 'iliarum
1313 491 1320 511 “

41 594 116 662 ,ιὼί
134 591 235 665 venit,
261 600 309 651 m'e
326 591 386 650 iam
405 602 546 670 quartum
564 588 796 649 mensemultra
821 587 986 647 terminum
1011 576 1230 666 praefecturam
1300 576 1305 582 ’

59 691 188 763 gerente
196 686 209 735 ε’
222 697 297 759 ego,
314 674 443 749 testibus
451 670 622 755 adhibitis}
640 681 728 755 quam
746 665 1006 754 potui,'plurimis
1025 685 1089 731 tum
1108 669 1231 743 ciuium,
1300 720 1305 740 ,

59 761 287 835 tummilitum,
303 775 369 822 tum
387 760 548 843 remigum,
566 777 635 820 eum
649 759 741 821 Thasi
759 760 790 819 in
808 758 876 820 soro
897 755 1057 828 convenio,
1076 769 1106 815 et
1124 748 1232 815 navem

59 873 77 910 a
97 855 153 910 me'
164 848 299 928 accipere
317 846 409 907 iubeo
429 859 464 905 ut
481 866 698 922 successorem,
716 858 746 906 et
763 843 874 925 reliqui
891 841 1037 924 temporis
1056 841 1131 901 mibi
1144 864 1232 902 suni-

60 948 111 995 tus
130 934 298 1007 restituere.
333 931 494 992 Rationem
519 944 620 992 autem
648 953 716 1003 cum
736 952 785 991 eo·
798 943 912 1012 putare
929 926 1014 993 volui
1032 927 1070 986 de
1093 926 1241 1009 singulis,

62 1020 135 1080 dum
153 1018 227 1077 mibi
246 1018 394 1078 sactorum
412 1029 568 1076 sumtuum
586 1028 680 1078 testes
698 1018 838 1077 adessent
856 1027 984 1088 nautae,
1002 1011 1113 1072 milites
1133 1025 1164 1071 et
1182 1033 1231 1070 re·
1278 1024 1283 1034 “

60 1104 200 1193 migiuqr,
217 1117 261 1176 ut,
281 1104 307 1163 si
322 1103 396 1182 quid
408 1097 600 1176 infitiaretur,
619 1124 688 1163 eum
703 1102 804 1163 statim
823 1096 1043 1183 convincerem.
1061 1099 1135 1157 'Pam
1148 1085 1231 1155 cni'm

55 1203 201 1253 accurate
219 1212 234 1248 a
253 1210 301 1247 me
320 1188 474 1270 inscripta:
489 1200 576 1249 erant
594 1188 717 1261 omnia,
735 1201 851 1261 utnon
876 1180 1110 1251 modosumt'us
1130 1194 1238 1266 essent
1251 1244 1255 1261 ι

61 1275 215 1345 annotati,
239 1274 418 1347 sedetiam,
444 1271 499 1332 ubi
517 1286 619 1333 essent
634 1273 723 1347 facti,
740 1284 774 1332 et
790 1294 867 1354 quos
885 1272 918 1331 in
935 1293 1023 1343 usus,
1043 1282 1074 1328 et
1090 1269 1233 1350 pretium,
1314 1311 1326 1326 t

62 1374 94 1420 et
112 1359 217 1440 quanti
235 1360 370 1439 quidque
389 1371 470 1418 esset
488 1371 519 1418 ct
537 1359 634 1418 cuiate
654 1358 818 1431 nomisma,
845 1370 876 1417 et
892 1355 998 1443 quanti
1016 1354 1232 1434 pecuniamu-

60 1458 213 1505 tueretur:
231 1447 266 1505 ut
285 1457 367 1504 certo
385 1452 506 1524 possem
526 1444 706 1503 convincere
725 1463 949 1514 successorem,
967 1440 993 1499 si
1012 1438 1086 1519 qnid
1104 1460 1154 1510 me
1172 1436 1232 1496 sibi

61 1531 139 1590 falso
158 1531 305 1611 imputare
324 1531 456 1589 duceret
477 1530 649 1589 ¹Praeterea
667 1529 728 1590 fide
741 1528 835 1589 etiam
855 1529 937 1601 data,
964 1536 1082 1604 sumtus
1101 1523 1129 1584 ei
1148 1544 1233 1582 com-

62 1629 169 1696 putare
186 1600 278 1676 vellii.
310 1614 360 1673 Me
378 1628 479 1674 autem
503 1614 534 1674 id
551 1614 751 1696 postulante,
768 1613 944 1694 respondit,
969 1610 1001 1671 s'e
1020 1609 1096 1669 nibil
1104 1629 1231 1684 curare,
1254 1602 1316 1677 271

64 1701 212 1780 quicquid
231 1702 369 1759 dicerem.
404 1701 524 1759 Interea
542 1699 682 1759 minister
698 1722 715 1758 a
733 1700 809 1758 duce
828 1698 936 1759 missus
955 1695 1031 1756 mihi
1049 1697 1180 1769 mandat,
1197 1705 1234 1754 ut

64 1787 204 1846 solvamr
221 1806 283 1845 non
302 1785 352 1848 isti
370 1784 554 1858 successori,
579 1785 665 1844 cuius
683 1805 794 1844 munus
813 1783 844 1843 id
863 1795 934 1843 erat.
976 1781 1050 1841 Eius
1067 1794 1169 1840 antem
1185 1779 1234 1839 rei

63 1893 183 1931 causam
202 1870 234 1930 in
251 1870 414 1953 progressu
433 1870 580 1948 orationis
597 1891 652 1931 vos
671 1869 815 1929 edocebo.
832 1872 860 1928 T
860 1892 912 1928 um
930 1868 1025 1951 igitur
1042 1866 1118 1927 mibi
1135 1865 1234 1926 visum
1279 1862 1282 1867 ’

15 1999 18 2005 .
62 1956 129 2017 fuit.
149 1956 283 2029 solvere,
312 1955 526 2038 et*navigare,
555 1955 770 2036 quoiuberet
813 1954 978 2034 Postquam
1003 1961 1105 2027 autem
1123 1966 1234 2011 rursus
1300 2001 1304 2018 ,

64 2040 198 2100 Thasum
217 2041 334 2121 appuli,
360 2041 502 2124 Strymon
526 2041 701 2122 pertractis,
726 2058 788 2120 quo
806 2040 867 2100 dux
892 2039 1061 2111 mandarat,
1095 2037 1236 2119 navigiis,
1301 2037 1315 2061 ²

62 2126 163 2186 nautis
183 2139 214 2184 et
230 2125 377 2186 militibus
397 2139 427 2185 et
444 2126 610 2210 remigibus
623 2127 656 2186 in
669 2126 739 2187 navi
751 2126 872 2185 manere
891 2123 990 2198 iussis,
1008 2125 1073 2204 ipse
1093 2110 1240 2182 miscendi
1323 2110 1328 2123 ⁴

63 2211 143 2270 etin
163 2212 253 2270 aedes
271 2209 348 2283 abii,
379 2209 433 2269 nbi
450 2210 663 2271 Timomacbus
682 2213 743 2271 dux
761 2209 984 2282 diversabatur,
1017 2206 1240 2268 volonsctiam:

64 2317 165 2356 coram
192 2296 245 2355 illo
272 2296 522 2379 navem-tradere
545 2294 663 2378 Polycli
689 2294 818 2378 plenam.
851 2294 1059 2375 Deprehendo
1083 2292 1180 2379 igitqr
1203 2302 1235 2371 et

65 2382 156 2442 istum
176 2380 257 2453 illic,
285 2384 318 2439 et'
333 2379 502 2439 triremium
518 2382 689 2462 praefectos
709 2394 739 2442 et
757 2373 965 2453 successores,
993 2393 1027 2455 ,et
1044 2379 1234 2458 aliosquos-
1284 2410 1292 2425 x

66 2468 134 2526 dam
153 2465 240 2525 cives.
284 2466 322 2525 Et
340 2477 422 2525 recta
441 2465 715 2548 ingressus-coram
734 2467 810 2526 d'uce
829 2466 919 2525 verba
938 2467 974 2525 ad
994 2482 1062 2525 eu‘m
1081 2464 1179 2536 facio,
1204 2474 1241 2539 et,
1297 2462 1300 2467 ’

65 2565 149 2632 peto,
165 2563 200 2610 ut
218 2572 323 2610 navem
342 2573 358 2610 a
377 2571 425 2610 me
444 2551 579 2633 accipiat,
595 2555 628 2613 ‘et
646 2566 762 2612 sumtus
780 2540 891 2631 reliqui
908 2551 1054 2632 temporis
1072 2541 1145 2609 milii
1164 2569 1235 2629 per·
1253 2626 1260 2634 ἱ

65 2637 175 2696 solvat:
202 2637 301 2716 deque
326 2636 518 2698 armamentis
543 2636 716 2720 interrogo,
740 2650 843 2697 utrum
867 2659 903 2696 ,ea
927 2646 1236 2717 suscepturusesset,

66 2744 104 2782 an
121 2721 252 2805 propriis
270 2743 374 2782 secum
398 2720 495 2782 allatis
517 2724 555 2821 qd
576 2745 682 2784 navem
700 2722 838 2804 ueniret?
875 2723 967 2797 Quae
981 2732 1056 2783 cum‘
1067 2721 1104 2780 ab
1124 2741 1160 2779 eo
1179 2722 1236 2800 pol
1278 2764 1281 2769 -

66 2808 232 2879 stularem,
251 2807 378 2890 rogabat
403 2827 467 2880 me,
484 2802 546 2878 'cur
571 2812 631 2892 ego'
654 2810 743 2869 solus·
763 2806 781 2866 'e
804 2807 976 2868 trierarchis
999 2806 1114 2888 privata
1138 2827 1236 2867 arma-

65 2906 167 2953 menta
185 2892 345 2966 haberem,
365 2904 409 2965 et,
427 2892 652 2955 utrumscivitas
671 2895 840 2979 ignoraret,
864 2914 955 2974 posse
975 2893 1124 2972 quosdam
1141 2911 1250 2971 arma-¹

65 2991 167 3038 menta
185 2979 329 3057 praebere
348 2977 542 3050 navibus,'nc
559 2980 622 3060 ipsa
639 2970 674 3039 'ea
687 2979 852 3060 praeberet
870 2979 920 3039 An
936 2962 1002 3051 tibi,
1021 2977 1133 3058 inquit,
1149 2995 1235 3057 prae·
1261 2960 1265 2983 ¹

65 3077 113 3124 ter
131 3077 266 3123 caeteros
285 3064 326 3123 ita
344 3063 420 3122 libet
430 3063 694 3146 profundereper
710 3064 874 3125 ludibrium
893 3064 1022 3138 divitias,
1038 3076 1074 3122 ut
1093 3075 1124 3122 et
1140 3078 1236 3119 arma-
1255 3109 1258 3119 ,

66 3161 174 3210 menta
195 3148 309 3230 privata
333 3147 464 3223 babeas,
502 3162 542 3210 ct
558 3162 658 3210 aurata
683 3162 864 3210 armamenta
890 3151 973 3210 solus
1000 3172 1015 3210 e
1040 3144 1236 3208 trierarcbis?
1297 3181 1300 3193 ι

69 3234 147 3308 Quis
166 3234 267 3316 igitur,
285 3234 396 3314 inquit,
413 3247 518 3314 posset
533 3248 617 3297 tuam
634 3234 782 3295 ibsaniam
799 3232 927 3313 tuasque
944 3235 1137 3317 profusiones
1156 3231 1237 3291 tole·
1261 3261 1271 3270 -

67 3320 153 3379 rare?
189 3319 365 3379 comitatum
380 3333 566 3400 corruptum
593 3333 625 3379 et
649 3321 777 3400 multum
796 3320 941 3402 pecuniae
961 3334 1030 3381 ante
1048 3333 1167 3398 tempus
1187 3334 1237 3377 ca·-

67 3426 139 3486 pere
160 3417 190 3464 et
208 3406 372 3485 immunem
391 3427 406 3464 a
425 3406 555 3486 receptis
570 3406 692 3466 navium
709 3404 887 3473 muneribus
907 3418 937 3464 et
955 3407 1052 3466 lavare
1071 3402 1102 3462 in
1121 3401 1239 3462 balneis

39 3569 43 3575 ·
67 3491 211 3562 solitum,
247 3503 278 3550 et
296 3513 364 3549 cum
382 3489 491 3565 milites
510 3503 581 3555 tum,
593 3491 724 3574 remiges
743 3491 783 3551 ob
802 3513 944 3573 magnum
964 3505 994 3552 et
1012 3493 1164 3571 integrum
1184 3487 1237 3546 sti·
1324 3490 1325 3497 ’

67 3577 214 3656 pendium
238 3576 310 3634 luxu
336 3573 530 3637 diffluentes?
566 3566 733 3650 Malorum,
762 3577 877 3656 inquit,
906 3562 1179 3659 doctor.e3tstitisti
1205 3573 1237 3632 in

69 3660 271 3743 exereitu,-et
288 3672 394 3720 auctor
412 3681 497 3720 eser
511 3660 613 3742 aliqua
630 3675 734 3743 parte,
751 3675 786 3721 ut
804 3675 835 3721 et
852 3662 962 3741 reliqui
981 3659 1139 3722 trierarchi
1157 3658 1238 3717 mili-

66 3740 156 3805 tibus
170 3745 407 3825 improbioribus
425 3756 565 3823 utantur,
581 3747 720 3820 eadem,
747 3769 823 3827 quae
842 3747 902 3806 tuis
921 3746 954 3807 tu'
972 3747 1105 3843 largiris,
1133 3743 1238 3824 requi·
1318 3806 1323 3815 l

15 3866 16 3871 κ
68 3830 221 3892 rentibus:
240 3829 393 3890 decuisset
408 3841 439 3890 te
451 3845 645 3893 caeterorum
663 3832 864 3914 frugalitatem
883 3832 1001 3901 imitari.
1033 3835 1116 3892 Haec
1134 3852 1171 3889 eo
1190 3829 1239 3897 di-

69 3928 174 3988 cente,
204 3915 271 3998 Ego
298 3929 473 3998 propterea,
504 3917 693 3997 inqdam,=e
718 3916 816 3978 navali
840 3939 904 3977 non
927 3920 1028 4001 accepi
1046 3919 1240 3988 armamenta,

15 4015 23 4031 ·
70 4002 154 4081 quod
173 4000 237 4080 ipse
257 3998 475 4081 eaperdidisti.
501 4001 562 4061 Sed
581 4003 614 4074 si
623 4003 678 4076 vis,
694 3998 776 4067 baec.-
785 4002 930 4083 accipito:
948 4005 995 4064 sin
1013 4005 1125 4078 minus,
1143 4023 1239 4063 arma„

70 4098 172 4145 menta
191 4086 254 4166 ipse
272 4086 329 4146 tibi
348 4094 493 4168 compara.
520 4088 614 4162 Quod
638 4100 739 4148 autem
758 4087 795 4148 ad
813 4101 919 4148 nantas
944 4091 1054 4151 attinet
1071 4104 1103 4150 et
1117 4078 1257 4149 milites'

70 4194 105 4232 ac
123 4172 271 4254 remiges,
297 4171 324 4231 si
341 4194 393 4233 eos
412 4194 428 4233 a
447 4191 495 4231 mc
506 4212 509 4217 -
520 4185 679 4255 corruptos¹
696 4193 765 4232 esse
783 4170 874 4246 dicis,
900 4190 1020 4256 accepta
1039 4176 1156 4237 triremi
1173 4174 1240 4255 ipsc
1274 4240 1277 4253 Ι

71 4257 128 4317 tibi
148 4269 179 4317 et
196 4269 300 4318 nautas
319 4270 351 4320 et
367 4252 479 4319 milites
499 4270 530 4317 et
545 4258 677 4341 remiges
695 4276 783 4330 cura,
807 4257 862 4338 qui
880 4259 972 4341 gratis
989 4274 1021 4322 te
1047 4262 1240 4323 comitentnn

51 4342 186 4421 ¹Navem
203 4343 447 4426 sutemceipc:
471 4360 576 4426 neque
590 4340 873 4405 snitu-metricam}
898 4338 1155 4426 pracesseddoet
1176 4362 1240 4433 am-
