2722 4754
74 205 140 271 474
359 172 725 261 DEMOSTHENIS
761 151 951 278 ORATIO

75 358 166 419 Diem
189 354 318 416 vicissim
344 351 418 410 mihi
445 351 533 424 dicit,
559 308 705 411 iudicium
730 372 796 412 esse
819 346 990 426 nullum,
980 375 1040 432 ιιι,
1049 353 1153 431 quise
1171 367 1237 415 ante

75 424 228 503 Boeotum
246 428 423 498 nominarat.
446 437 542 515 Atqui
560 457 628 496 eum
647 436 710 496 ab
701 437 790 496 mitio
808 451 913 497 eontra
931 440 1084 499 Boeotum
1103 457 1237 518 pronun-

75 527 145 588 tiari
163 523 307 584 iudicium
326 520 406 603 pati,
413 520 594 622 (siquidem
612 520 644 580 id
662 543 776 583 nomen
794 520 871 581 nihil
889 523 955 582 ad
944 545 1043 603 ipsum
1069 521 1239 604 attinebat),

77 624 120 671 et
125 631 188 669 nou
206 621 277 688 post
294 607 421 667 diem
392 607 524 667 vicissim
543 607 644 666 dicere
663 608 700 665 de
718 607 805 678 nullo
831 606 944 667 iudicio
971 607 1141 688 oportebat
1177 608 1239 681 Qui

74 695 169 777 igitur
186 695 251 774 ipse
268 693 447 752 Boeotum'
438 712 504 751 rure
523 702 588 750 esse
605 712 638 750 se
655 692 877 772 pronuntiavit.
895 693 968 770 quid
987 714 1002 752 a
1021 691 1145 766 vobis,
1136 692 1239 765 iuratis

49 778 243 853 iudicibus,
272 777 462 858 pronuntiari
485 775 673 855 postulabit?
707 777 750 836 Ut
766 788 868 835 autem
890 776 964 836 haec
982 800 998 837 a
1015 797 1064 836 me
1090 796 1162 837 vere
1181 775 1244 835 dici.

61 876 205 937 constet,
222 884 294 943 cape
312 862 539 934 resortitionern
558 874 589 921 ct
605 861 828 921 accusationem
846 860 930 924 hane

13 1017 50 1072 31
85 978 88 985 ¹
120 976 143 1077 ‚⁵
178 1005 181 1017 ’
381 1011 649 1055 ιιιιοιιιιτιο.
692 992 958 1060 AccusAr1o.‘'

106 1107 132 1151 ’Ψ
162 1114 283 1192 Quodsi
300 1114 356 1173 iste
375 1115 474 1195 legem
492 1115 655 1173 ostendere
673 1115 795 1194 poterit,
814 1137 891 1194 qnae
909 1114 980 1177 filiis
998 1137 1124 1174 suorum
1143 1115 1242 1174 norni-

7 1224 9 1229 ’
62 1211 349 1281 'uum‘potcstaterq
367 1200 431 1258 datr
457 1198 488 1257 id
507 1198 590 1277 quod
608 1199 665 1259 iste
683 1221 765 1258 nunc
783 1200 873 1273 dicit,
897 1213 979 1259 recte
998 1200 1241 1280 comprobabitis.

76 1284 131 1358 Sin
148 1286 212 1358 ler,
238 1304 327 1363 quam
346 1303 451 1343 omues
470 1283 566 1342 nostis
592 1305 687 1363 aeque
705 1305 839 1357 mecum,
863 1285 894 1343 in
913 1298 1052 1363 parentes
1077 1285 1241 1344 auctorita-

74 1382 138 1429 tem
156 1369 292 1441 consert,
310 1388 374 1427 uon
392 1369 484 1428 modo
503 1367 681 1449 impopendi
698 1369 849 1442 nominis,
868 1371 921 1428 sed
940 1381 970 1428 et
986 1391 1091 1439 rursus
1111 1369 1243 1441 delendi,

1 1508 5 1513 .
73 1455 102 1512 si
120 1453 290 1526 voluerint,
309 1465 340 1511 et
357 1452 533 1526 abdicandi,
560 1475 678 1535 egoque
696 1455 834 1526 ostendi,
851 1446 983 1534 patrem,
1001 1455 1051 1513 cui
1069 1455 1137 1536 lege
1155 1467 1242 1533 pote-

9 1592 11 1597 .
40 1549 41 1553 ’
76 1551 136 1638 stqs
155 1559 190 1597 ea
217 1538 359 1610 dabatur,
385 1538 435 1596 isti
452 1538 583 1610 Boeoti,
608 1539 682 1597 mihi
705 1560 778 1598 vero
793 1539 958 1599 Mantithei
979 1538 1087 1598 fecisse
1114 1547 1242 1598 nomen:

39 1696 44 1713 ,
76 1624 129 1702 qni
147 1643 201 1682 vos
219 1621 347 1702 potestis
364 1621 434 1702 alia,
450 1642 539 1700 quam
559 1643 635 1701 quae
653 1644 711 1705 ego
731 1624 810 1695 dico,
828 1624 1045 1702 pronuntiare?
1074 1624 1242 1694 Praeterea,

26 1784 29 1789 Ι
76 1728 204 1790 quarum
227 1728 329 1766 rerum
354 1706 454 1765 nullae
480 1718 597 1766 exstent
615 1707 714 1807 leges,
730 1707 816 1767 de'‘
796 1730 832 1767 us
858 1727 910 1767 vos
931 1730 967 1768 ex
991 1729 1091 1788 aequo
1111 1722 1141 1768 et
1160 1710 1239 1767 bono

4 1863 6 1867 ¹
71 1792 219 1875 ,suffragia
238 1790 380 1851 laturos
370 1790 498 1850 iurastis.
524 1790 710 1864 Proinde,
685 1815 711 1851 ιι
729 1792 811 1852 nullo
830 1805 910 1852 esset
928 1793 1039 1852 harde
1057 1815 1091 1852 re
1110 1793 1176 1852 lata
1178 1793 1242 1864 lex,

78 1877 250 1940 etiamtum
270 1876 335 1935 iure
354 1897 410 1955 pro
430 1897 491 1934 me
496 1876 678 1939 seutentiam
696 1878 831 1936 ferretis
823 1879 919 1951 Quis
936 1879 1017 1937 enim
1036 1890 1169 1944 vestmm
1188 1889 1241 1949 est,
1345 1898 1350 1906 ’

48 2005 53 2015 ,
76 1985 130 2043 qur
121 1961 268 2023 duobus
282 1956 356 2020 filiis
374 1960 455 2026 idem
473 1970 586 2019 nomeu
605 1961 807 2041 imposuerit?
842 1963 918 2036 Quis
935 1984 1021 2035 vero,
1039 1984 1089 2021 eur
1080 1961 1241 2021 nondum

48 2047 264 2117 *liberisunt
282 2045 439 2125 imponet?
456 2044 554 2103 Nemo
573 2046 719 2124 prolecto.
745 2047 837 2120 Quod
855 2047 948 2128 igitur
965 2048 1044 2126 apud
1063 2067 1117 2106 vos
1136 2047 1241 2106 vestris

76 2131 181 2191 liberis
198 2152 265 2189 esse
284 2151 414 2209 aequum
432 2129 572 2202 statuitis,
590 2130 671 2189 idem
691 2131 780 2189 ctiam
797 2131 834 2188 dc
853 2131 942 2190 nobis
959 2130 1157 2212 pronuntiare
1175 2118 1240 2190 lue-

1 2256 3 2262 ·
24 2268 30 2273 .
75 2216 117 2276 rit
133 2215 318 2315 religiosum
349 2215 452 2288 Quare
471 2233 623 2292 exaequo
642 2227 673 2274 et
689 2214 784 2286 bono,
802 2235 837 2275 ex
854 2215 985 2297 legibus,
1002 2238 1018 2275 e
1037 2215 1241 2286 iureiurando,

78 2309 115 2360 ex
132 2299 219 2360 istius
237 2300 334 2380 ipsius
349 2298 541 2359 confessione
560 2319 617 2379 ego
637 2300 759 2378 quidem
779 2321 872 2379 aequa
891 2323 919 2358 a
915 2300 1011 2360 iobis
1030 2320 1098 2372 oro,
1117 2312 1150 2359 et
1166 2300 1239 2360 iusta

1 2406 2 2411 ¹
74 2398 167 2465 peto:
184 2385 242 2444 iste
260 2406 332 2447 vero
351 2405 413 2443 nnn
409 2378 531 2442 solum
550 2403 613 2442 non
631 2406 737 2464 aequa,
755 2385 807 2443 sed
827 2385 915 2445 etiam
934 2384 1085 2446 inusitata

858 2581 919 2589 ---

55 2774 60 2778 -
108 2684 391 2839 ιἰιιιιιιι
445 2673 815 2808 Auuunsns
866 2709 1257 2839 uouosuu'

73 2882 76 2889 ·
347 2856 419 2999 uu
466 2855 620 2928 ιιοιι
668 2850 999 2935 ιιιιιιιιιι
1226 2875 1232 2890 ·

558 3050 761 3060 .—-————--..

386 3188 390 3195 1
448 3098 875 3233 Anuuuuuruu.
969 3153 973 3161 '

76 3286 193 3372 Etiam·
209 3314 288 3396 haec¹
302 3327 332 3373 et
349 3313 386 3374 ab
408 3316 520 3375 eodem
538 3329 579 3377 et:
593 3327 698 3376 contra
726 3316 856 3374 eundern
882 3314 962 3375 dicta
973 3321 1028 3375 est
1046 3314 1153 3376 orafio.
1180 3304 1239 3373 ¹Ac

47 3422 54 3441 ¹
77 3410 196 3461 caetera
213 3399 337 3479 quidem
356 3400 456 3461 omnia
475 3412 546 3468 sunt
564 3401 683 3460 eadem:
710 3400 843 3480 Plango,
864 3399 1089 3483 iusiurandpm,
1107 3399 1240 3458 filiorum

13 3559 17 3564 1
47 3516 50 3522 ·
76 3490 179 3545 coacta
197 3485 328 3563 adoptio.
363 3484 516 3545 Defuncto
535 3498 636 3544 autem
655 3483 937 3558 harimundus
957 3483 1238 3558 tres,Mautitheus

77 3590 93 3630 e
118 3568 252 3650 legitima
278 3589 373 3628 uxore
389 3583 572 3649 ¹susceptus,
598 3582 628 3628 et
644 3569 780 3628 Boeotus
803 3588 843 3626 re
860 3568 1051 3646 Pamphilus,
1075 3566 1238 3648 Plangonis

76 3654 142 3727 lilii,
160 3653 359 3716 hereditatem
373 3654 546 3717 diviserunt
564 3652 729 3712 Asserente
748 3665 848 3711 autem
860 3653 1040 3725 Mantitheo,
1060 3654 1164 3712 dotem
1182 3650 1236 3710 sibi

17 3754 19 3758 ’
76 3751 241 3799 maternam
260 3738 374 3810 deberi,
391 3738 527 3797 Boeotus
543 3759 577 3796 ac
588 3737 761 3816 Pamphilus
781 3749 812 3795 et
824 3733 882 3816 ipsi
897 3738 934 3795 de
952 3738 1023 3796 dote
1042 3736 1240 3806 contendunt,

77 3837 164 3904 quasi
155 3822 296 3922 Plangp
317 3823 407 3881 etiam
418 3822 456 3881 ¹iu
474 3822 603 3882 Mantiae
629 3821 771 3881 familiam
798 3833 919 3903 centum
938 3822 1046 3881 minas
1043 3820 1240 3893 contulisset

14 3920 55 3985 32
69 3906 255 3968 Convenit
247 3907 347 3989 igitur
357 3906 439 3965 inter
456 3928 526 3980 eos,
553 3928 588 3966 ex
594 3927 703 3986 aequo
723 3905 823 3966 omnia
840 3905 996 3984 partienda
1009 3926 1111 3983 esse,·
1118 3917 1240 3985 praeter

24 4018 28 4031 ·
76 3993 176 4066 aedes,
190 4006 229 4052 ut
244 3992 306 4051 utri
323 3991 411 4072 parti·
418 3994 513 4057 miter
529 3991 664 4052 attulisse
683 3992 792 4050 dotem
788 3991 1038 4090 probaretur,
1009 4011 1051 4048 er
1049 3990 1096 4050 de
1116 3988 1239 4048 aedibus

41 4136 45 4143 ,
65 4077 128 4138 illa
144 4077 273 4157 pecunia
291 4077 486 4136 redderetur:
491 4111 497 4139 r
515 4089 547 4145 et
563 4088 683 4156 praeter
699 4075 872 4154 mancipia,
886 4087 921 4133 ut
932 4062 1075 4134 Bneotus'
1094 4096 1163 4134 cum
1183 4073 1239 4131 sri-
1245 4070 1247 4077 ’

77 4172 142 4234 tre,
165 4183 191 4220 ιι
182 4161 283 4240 quid
301 4161 513 4224 domesticum
526 4161 735 4239 requirerent,
760 4150 922 4230 haberent,
938 4180 1010 4238 rquo
1035 4170 1240 4241 coarguerent

77 4244 153 4311 Post
169 4245 242 4306 haec
260 4267 295 4304 se
301 4258 419 4305 mutuo
436 4256 586 4317 accusant,
608 4243 793 4304 Mantitheus
810 4245 879 4305 illos
898 4244 935 4303 de
954 4243 1097 4309 maternis
1117 4243 1240 4303 faculta-

28 4331 53 4365 ι’
77 4328 180 4406 tibus,
206 4329 253 4390 illi
269 4330 353 4391 hunc
368 4331 406 4397 de
416 4330 491 4394 aliis
504 4329 695 4412 ,quibusdam
711 4330 811 4392 rebus.
832 4329 892 4395 -bc
903 4327 1023 4403 writer
1040 4328 1240 4413 Mantitheum
