2722 4754
259 237 322 351 oie
359 235 652 301 neeuemca
688 186 1016 351 omniserunt.¹
1158 230 1250 308 ‘sa'

57 390 239 453 orationibus
258 391 420 473 cepimus?
452 394 506 475 qui
520 394 719 476 progressus,
740 417 840 475 quum
857 397 916 478 ipsi
934 396 1115 472 visumest,
1141 421 1229 463 aures
1282 380 1295 433 ³¹

48 491 164 541 ‚rostras
183 474 356 543 obtundere
377 477 459 540 solet
482 479 650 540 cavillando
668 493 858 560 praesentem
877 495 988 543 statum
1006 480 1228 565 laudandisquc

63 562 233 636 maioribus,
269 584 304 623 ac
328 564 478 645 deniqne,
504 564 636 633 ubivos
661 564 825 627 concitavit
846 572 880 626 ‘et
902 567 1035 643 inflavit,
1062 570 1228 630 descendit.

66 654 125 737 Ego
139 660 227 729 reru,
254 648 281 708 si
297 648 385 708 vohis
405 669 528 723 eornm,
547 649 730 729 quaedico,
756 652 938 730 persuadere
957 653 1073 734 aliquid
1090 676 1228 737 possem:

75 748 170 803 totns
192 734 342 795 utilitates
366 734 527 795 allaturum
546 744 617 795 'esse
648 735 840 815 reipublicae*
858 733 1012 817 putarem,
1047 754 1174 818 quantas
1183 750 1201 803 Τ
1200 740 1227 799 si

81 819 253 889 mediocre
271 819 447 902 aggrediar,
482 819 621 901 plerique
644 820 736 880 fidem
763 820 806 880 cis
832 820 1008 905 abrogaturi
1033 839 1135 886 essent
1158 832 1225 886 ta‘n-

82 930 146 995 μω
162 904 337 978 maioribus,
356 924 446 985 qnam
464 926 542 984 quae
559 905 626 965 fieri
644 905 770 986 possint
788 905 953 968 Enimvero
971 929 1020 968 me
1038 898 1102 968 non
1119 932 1226 990 parum
1286 896 1289 904 ¹

78 994 197 1079 prodesse
219 989 406 1071 reipublicae
432 1009 560 1062 censeo,
582 991 611 1059 si
634 1012 689 1051 vos
714 991 751 1051 ad
777 992 890 1072 optima
914 1013 1053 1073 quaeque
1076 995 1227 1056 audienda
1289 1028 1292 1033 ·

77 1076 282 1142 mnsuelaciam.
327 1075 460 1156 Oportet
478 1076 574 1148 enim,
600 1075 823 1151 Athenienses,
846 1090 883 1137 ut
905 1077 947 1151 is,
974 1078 1027 1159 qui
1046 1078 1085 1138 de
1103 1079 1226 1140 civitate

77 1160 251 1227 rostrabeue
268 1160 501 1242 merericupit,
522 1160 645 1222 auribus
663 1161 795 1243 primum
811 1163 919 1223 vestris
938 1165 1103 1225 medeatur.
1147 1161 1224 1225 Cor·
1251 1160 1313 1216 109

76 1263 165 1332 ruptae
181 1247 257 1307 enim
276 1258 355 1306 sunt
398 1245 487 1307 Adeo
512 1246 608 1307 multa
633 1260 663 1307 et
686 1247 760 1308 falsa
785 1259 817 1308 et
841 1248 965 1328 quaevis
989 1250 1092 1329 potius
1111 1250 1227 1324 audire,

79 1359 155 1419 quam
169 1331 315 1405 salutaria,
343 1330 531 1393 consuefacti
556 1331 635 1392 estis.
678 1332 783 1393 Veluti
807 1333 952 1418 (nevero
971 1333 1047 1393 mihi
1066 1334 1228 1416 quisquam·

82 1420 214 1491 obturbet,
227 1416 414 1501 ‘priusquam
431 1417 531 1476 omnia
548 1415 668 1501 dinero)
682 1418 875 1479 recluserunt
889 1440 987 1500 nuper
1003 1419 1126 1499 quidam
1141 1439 1225 1481 aera-

78 1508 148 1567 rium.
164 1515 293 1563 oratores
305 1502 514 1584 igituromnes
524 1523 580 1583 pro
598 1504 747 1563 concione
764 1504 951 1578 dictitabant,
964 1504 1143 1588 abrogatum
1159 1526 1225 1566 esse

80 1604 169 1652 statum
183 1588 370 1669 popularem,
384 1588 534 1648 interiisse
550 1588 647 1670 leges,
660 1602 690 1649 et
704 1588 773 1648 huis
787 1590 909 1671 generis
924 1590 989 1650 alia.
1006 1588 1113 1671 Atqui,
1128 1590 1227 1651 Athe-

80 1677 193 1745 nienses,
211 1673 417 1746 considerate,
436 1695 509 1743 num
526 1695 596 1734 vera
615 1674 718 1734 dicam.
754 1675 805 1749 Hi,
825 1675 877 1755 qui
895 1674 966 1751 talia
978 1675 1110 1750 iaciunt,
1128 1677 1226 1756 capite
1296 1686 1299 1691 '

79 1759 220 1823 mulctandi
236 1771 308 1819 sunt
325 1758 371 1817 illi
390 1758 528 1838 quidem:
553 1780 654 1838 neque
672 1773 774 1819 tamen
792 1760 946 1841 popularis
965 1773 1061 1821 status
1078 1782 1135 1841 per
1150 1760 1226 1821 tales

78 1847 224 1929 abrogatur.
265 1846 383 1904 Rursus
400 1864 503 1904 remos
521 1834 630 1924 aliquis
648 1844 808 1926 surripuit:
828 1845 1060 1928 flagellandum,
1077 1834 1242 1926 torquear-¹,
1322 1843 1326 1853 '

79 1934 135 1993 lum
150 1929 389 1990 vociferabantur
406 1950 530 2002 omnes,
557 1930 702 2012 ,abrogari
720 1942 831 2003 statum
847 1931 1025 2012 popularem
1045 1931 1226 1991 dictitantes.

78 2019 128 2100 Fgo
144 2036 211 2077 vero
229 2015 302 2094 qnid
322 2013 411 2074 dico?
445 2014 488 2073 Ea
507 2015 560 2094 qni
577 2015 683 2089 saciat,
710 2016 806 2097 capite
824 2016 1050 2090 mulctandum,
1075 2027 1227 2096 aequent

78 2103 126 2162 itti:
153 2101 203 2161 sed
214 2112 337 2161 statum
360 2099 538 2181 popularem
562 2122 618 2181 per
642 2121 694 2161 eos
721 2101 860 2183 abrogari
884 2120 973 2184 nego,
1017 2101 1078 2160 Sed
1102 2101 1128 2160 is
1148 2121 1225 2181 quo-

77 2187 150 2247 modo
166 2184 348 2268 abrogetur,
375 2206 465 2245 nemo
486 2186 561 2245 dicit
587 2199 639 2247 aut
663 2186 760 2267 palam
779 2186 917 2268 profiteri
935 2187 1034 2248 audet
1065 2186 1133 2268 Ego
1152 2205 1226 2247 vero
1248 2216 1274 2243 .-

79 2272 173 2333 dicamt'
200 2271 234 2345 Si
251 2291 316 2343 ros,
333 2269 551 2344 Athenienses,
568 2271 645 2331 male
665 2272 794 2345 educati,
812 2271 901 2331 multi
919 2284 950 2330 et
968 2272 1076 2352 inopes
1096 2283 1126 2331 et
1144 2271 1225 2337 iner-

76 2369 169 2421 mesot
184 2355 389 2440 ipcoinpusiti,
407 2377 508 2435 neque
528 2358 635 2417 eodem
653 2359 746 2419 modo
760 2357 887 2417 animati
905 2356 985 2416 sitis:
1004 2357 1148 2436 sineque
1168 2357 1225 2417 im-

56 2455 194 2523 perator,
216 2461 317 2521 neque
336 2441 495 2521 quisquam
514 2442 589 2502 alius
609 2444 729 2509 decreta
746 2455 845 2503 vestra
863 2454 965 2502 curet:
998 2441 1024 2502 si
1042 2442 1116 2502 haee
1134 2462 1224 2501 nemo

25 2534 27 2539 '
75 2529 187 2589 indicare
210 2527 285 2587 velit
308 2538 361 2587 aut
387 2526 555 2608 corrigere,
580 2549 680 2607 neque
707 2529 744 2589 de
770 2527 817 2599 his
843 2527 929 2603 malis
940 2526 1144 2608 -Aeorrigendis
1172 2547 1225 2587 co-

72 2613 138 2696 gitet
158 2624 207 2673 aut
228 2612 372 2672 moliatur
394 2613 572 2692 quicquam:
599 2614 629 2681 id
649 2613 732 2692 quod
756 2634 838 2673 nunc
855 2611 972 2682 accidit
1013 2611 1071 2685 Ac,
1089 2632 1138 2671 me
1157 2612 1225 2671 dius

26 2698 29 2705 '
72 2698 168 2771 lidius,
196 2696 412 2770 Athenienses,
444 2699 518 2757 aliae
545 2698 698 2761 orationes
729 2698 821 2759 salsae
846 2698 884 2757 ad
909 2717 965 2756 vos
991 2697 1127 2765 invectae
1153 2709 1227 2757 sunt

73 2795 101 2842 et
130 2783 263 2843 exitiosae
290 2782 495 2864 reipublicae,
534 2796 570 2842 nt
593 2794 679 2842 sunt:
722 2784 758 2842 ln
783 2781 904 2841 iudiciis
936 2793 1043 2841 vestra·
1064 2779 1144 2840 salus
1169 2780 1226 2839 sita

72 2879 119 2942 est,
135 2881 179 2928 ct:
195 2867 344 2950 suffragio
362 2868 577 2949 rempublicam
597 2866 783 2929 conservetis
801 2878 932 2947 oportet
969 2865 1041 2948 ,Ego
1060 2885 1132 2925 vero
1150 2864 1226 2938 scio,

71 2953 119 3012 ista
134 2952 239 3013 iudicia
256 2950 378 3034 privatis
399 2952 614 3025 controversiis
640 2954 792 3012 intervos
811 2950 1012 3012 diiudicandis
1032 2962 1062 3010 et
1080 2950 1224 3017 dirimen-

72 3037 110 3099 dis
127 3059 186 3098 esse
204 3051 384 3119 comparata,
402 3052 435 3119 et
453 3060 489 3098 ex
507 3059 605 3117 aequo
623 3037 736 3098 servire
756 3037 916 3097 omnihus:
934 3034 1039 3095 hostes
1056 3048 1224 3095 autemar-

72 3123 124 3197 mis,
134 3125 290 3204 superandi
307 3137 394 3197 sunt,
414 3123 495 3184 etin
514 3123 560 3182 his
579 3123 719 3191 consistit
737 3122 816 3207 salus
834 3119 1027 3202 reipublicae.
1059 3119 1124 3181 Nec
1143 3121 1225 3183 enim

72 3221 156 3269 vestra
171 3208 433 3269 senatusconsulta
451 3206 604 3282 efficient,
639 3221 675 3268 nt
692 3207 790 3267 nostri
808 3229 878 3279 eus,
914 3207 968 3286 qni
986 3205 1107 3285 suntin
1124 3206 1226 3278 armis,

71 3292 192 3353 vincant:
216 3295 270 3354 sed
289 3294 327 3367 ii,
347 3295 400 3373 qui
418 3294 521 3354 hostes
540 3293 630 3353 armis
649 3304 808 3373 superant,
831 3292 987 3365 efficiunt,
1012 3304 1048 3351 ut
1064 3313 1119 3352 vos
1138 3305 1169 3352 et
1187 3292 1224 3363 li-

72 3376 133 3438 bere
149 3379 318 3439 consultare
336 3393 377 3453 et,
396 3379 544 3459 quicquid
561 3377 736 3452 volueritis,
755 3384 860 3453 'secure
879 3398 968 3460 agere
985 3376 1117 3458 possitis.
1146 3378 1224 3439 Nam

73 3462 101 3521 in
116 3464 195 3524 armis'
211 3465 440 3538 formidabiles,
455 3465 492 3523 in
511 3463 631 3523 iudiciis
649 3463 798 3523 humanos
816 3484 870 3524 vos
889 3483 954 3524 esse
973 3463 1067 3523 decet
1104 3463 1225 3538 Quodsi
1269 3465 1272 3470 '

72 3547 116 3607 cui
129 3551 283 3631 grandiora
301 3550 397 3630 loqui,
417 3573 506 3630 quam
521 3570 577 3630 pro
594 3562 701 3609 natura
715 3561 767 3609 aut
780 3548 903 3609 fortuna
918 3569 994 3621 mea,
1012 3548 1135 3610 videor:
1154 3568 1224 3608 cum
1306 3555 1309 3565 ’

70 3653 125 3715 ego.
135 3648 212 3695 recte
230 3636 345 3695 sentire
365 3656 484 3696 censeo.
518 3636 595 3695 Nam
614 3633 727 3708 oratio,
753 3655 830 3715 quae
848 3654 904 3716 pro
922 3644 1005 3693 tanta
1021 3631 1098 3693 urbe
1116 3633 1224 3695 tantis-

69 3739 119 3799 que
135 3721 276 3781 derebus
295 3720 433 3794 habetur,
455 3741 575 3800 semper
591 3737 853 3800 unoquocunque
873 3732 992 3779 oratore
1009 3717 1107 3780 videri
1118 3719 1225 3792 maior,

68 3817 94 3867 et
109 3806 142 3865 ad
157 3819 306 3880 vestram,
337 3827 401 3877 non
419 3808 456 3867 ad
483 3805 611 3866 dicentis
639 3805 817 3888 dignitatem
848 3826 944 3886 prope
963 3805 1106 3864 aceedere
1125 3804 1224 3867 dehet.
1313 3800 1318 3806 ’

67 3885 236 3953 (iurantem
255 3914 363 3955 eorum
381 3912 489 3963 nemo,
509 3889 561 3971 qui
580 3913 596 3952 a
613 3891 701 3965 robis
718 3891 925 3964 honorantur,
944 3890 1018 3950 haec
1036 3889 1132 3949 dieat:
1159 3888 1224 3949 eius

65 3974 103 4034 rei
125 4000 223 4039 causas
250 3998 309 4061 ego
336 3977 423 4040 vobis
446 3970 602 4058 expon‘am.
644 3976 721 4036 Nam
740 3977 793 4056 qui
817 3977 854 4036 ad
880 3976 1002 4036 comitia
1025 3975 1225 4038 creandorum

64 4063 280 4146 magistratuum
308 4077 340 4123 et
365 4063 403 4123 ad
429 4083 498 4122 enm
524 4063 661 4123 ordinem
686 4062 852 4135 accedunt,
879 4061 1018 4121 servilem
1042 4059 1074 4119 in
1099 4060 1225 4120 modum

63 4149 242 4227 circumeunt
268 4149 308 4223 ad
333 4146 566 4209 eblandiendum
591 4145 805 4230 suffragiorum
830 4147 982 4219 savorem,
1013 4145 1225 4226 unusquisqne
1297 4170 1302 4179 ·

63 4235 190 4316 cupiens,
223 4233 443 4315 imperatorem
468 4255 499 4294 se
526 4233 694 4316 designari,
720 4254 784 4295 non
808 4233 905 4292 ullum
929 4229 986 4291 viri
1010 4230 1098 4293 lortis
1122 4230 1221 4291 lacere

62 4336 133 4401 opus
175 4320 305 4399 Quodsi
331 4319 397 4399 quis
430 4319 519 4381 etiam
549 4319 616 4380 talis
643 4331 704 4393 est,
726 4333 771 4380 ut
787 4317 901 4398 aliquid
925 4317 1030 4379 conari
1047 4317 1169 4379 audeat:
1194 4310 1309 4381 is110

60 4427 129 4501 nupc
151 4407 255 4501 gloria
282 4416 316 4465 et
333 4404 455 4466 nomine
473 4404 557 4467 urbis
574 4417 696 4467 nostrae
714 4404 867 4479 munitus,
892 4422 1016 4480 eorum,
1042 4402 1095 4485 qui
1118 4402 1224 4462 adver-

975 4499 1028 4569 e
1100 4554 1124 4591 ‚.
