2722 4754
23 201 46 240 «
112 192 195 265 ιιο
308 142 1019 281 ‚bnuuosunumsonamo‘
1110 137 1209 247 f

74 323 101 352 ’
127 340 192 402 teri
209 340 399 422 septuaginta
416 337 566 396 minarum
582 336 820 414 usumfructum,
844 337 961 400 nemini
977 337 1117 422 profecto
1136 335 1309 396 obscurum

45 439 51 474 1
83 493 86 504 V
135 440 196 501 est,
215 447 285 486 eum
303 445 378 483 uon
384 422 422 481 de
440 421 538 501 parvis
556 419 681 504 opibus,
698 424 752 485 sed
771 423 835 489 de
822 423 878 498 ris,
896 445 971 504 quas
990 423 1066 483 mihi
1082 420 1227 501 reliquit,
1246 419 1308 479 du-

27 506 29 512 ⁸
134 510 187 592 plo
206 507 389 579 maioribus,
413 505 465 566 illa
483 508 654 570 detraxisse.
694 509 759 569 Nec
779 508 861 568 enim
874 509 985 589 ntique
1003 528 1054 568 me
1070 507 1167 568 filium
1185 524 1307 586 paupe-

72 648 75 654 ,
134 614 200 654 reru
217 592 320 653 voluit
332 590 555 670 relinqnere,
545 605 620 653 astos
637 611 728 667 vero,
752 593 892 673 quiante
905 593 1019 655 divites
1036 593 1180 675 fuerunt,
1206 588 1308 672 magis

18 683 32 737 ζ
130 679 225 739 etiam
234 675 478 756 collocupletare
495 676 608 736 voluit..
642 678 698 736 sed
717 689 844 758 propter
861 697 954 757 opum
970 676 1047 736 mihi
1064 677 1241 742 relictarum
1255 673 1309 733 asi-¹

130 746 291 823 fluentiam
315 772 380 833 tum
398 757 600 861 ΤΙιιιιιρρίιιιι
621 773 740 821 tantum
763 762 897 844 argenti,
922 773 987 821 tum
1004 759 1220 840 Demophonti
1239 759 1314 834 duo

76 846 247 927 talenta
252 828 481 946 (quamquam
468 866 497 903 rs
512 863 609 904 measa
622 865 759 914 sororem
773 846 911 906 nondum
926 847 1071 906 ducturus
1083 843 1215 945 essct)
1196 843 1308 902 fruen-
1324 856 1328 865 '

56 930 73 951 '⁴
135 932 173 990 da
192 929 293 1004 dedit,
310 951 392 1009 quo
390 929 585 989 atterutrum
579 937 845 1012 consequeretur,
868 941 904 989 ιιι
919 929 969 989 vel
988 929 1212 989 donationibus
1226 926 1308 987 deli-
1341 978 1345 983 .

135 1015 194 1076 niti
205 1015 338 1075 meliore
357 1013 417 1073 lide
434 1012 561 1073 tutelam
577 1026 738 1095 gererenta
771 1012 857 1087 vel,
868 1013 895 1072 si
912 1015 1003 1074 tantis
1021 1013 1124 1083 affecta
1143 1010 1306 1073 beneficiis
1337 1041 1340 1049 ·

135 1101 173 1160 ad
192 1099 273 1160 hunc
290 1098 415 1196 ¹¹.¹,⁰d¹¹¹¹¹
432 1117 489 1156 nos
507 1096 687 1172 violassent,
703 1119 722 1157 a
738 1096 868 1159 vobis
840 1118 909 1158 sane
925 1099 988 1158 ulla
1003 1098 1092 1159 venia
1112 1096 1307 1178 pnsirenwr

135 1183 197 1260 ιιι
188 1184 256 1256 sst'e,
274 1178 327 1261 qui
338 1194 372 1243 et
382 1181 460 1261 ipse·
458 1181 500 1240 ad
516 1180 619 1243 dotem
636 1181 759 1243 ancillas
778 1182 868 1252 etiam
886 1183 1032 1275 accepit
1016 1196 1055 1243 et
1058 1182 1092 1240 in
1102 1180 1236 1261 aedibus
1249 1179 1305 1240 bn
1330 1216 1353 1232 x

71 1243 222 1367 bitat,
239 1279 401 1348 postquam
419 1266 525 1326 harum
540 1266 573 1326 ·ei
589 1289 691 1327 rerum
708 1267 786 1338 ratio
803 1267 957 1350 reddenda
975 1269 1032 1366 est,
1048 1288 1139 1329 suum
1154 1287 1190 1327 se
1207 1284 1305 1348 nego-

88 1350 221 1424 ilum
222 1372 321 1433 agere
340 1351 398 1425 ait,
429 1363 460 1411 et
476 1351 566 1411 adeo
569 1352 694 1413 sordide
712 1372 817 1413 avarus
836 1364 898 1426 est,
927 1346 964 1412 ιιι
972 1351 1071 1417 etiam
1087 1362 1316 1432 praeceptores,

29 1434 52 1477 s
138 1456 223 1496 meos
246 1436 385 1513 mercede
407 1426 548 1495 fraudare
566 1458 636 1498 non
660 1437 820 1512 dubitarit,
846 1449 877 1497 et
895 1437 1058 1516 quaedam
1064 1435 1207 1510 tributa,
1223 1453 1305 1514 quae

19 1546 20 1549 ¹
93 1544 112 1575 κ
124 1542 127 1551 ’
127 1519 204 1601 ipse
220 1539 285 1592 non
304 1520 489 1593 numeravit,
506 1520 582 1584 mihi
598 1535 700 1592 manen
718 1542 848 1603 expensa
864 1521 949 1581 ferat
975 1517 1057 1602 Cape
1073 1533 1107 1581 et
1123 1519 1201 1590 baec
1217 1517 1304 1579 testi-

85 1629 88 1633 *
138 1605 241 1665 monia
259 1617 290 1664 et
306 1603 399 1664 recita
417 1603 497 1664 his*
1259 1633 1262 1637 ·

134 1820 137 1824 ἡ
389 1810 392 1817 Δ
473 1780 476 1787 ·
536 1756 930 1802 resa1ru0tv1a
1012 1749 1017 1760 '

86 1909 91 1940 4
221 1856 394 1934 Quonam
384 1857 479 1939 egitur
488 1869 600 1946 pacto
594 1857 792 1918 manifestius
808 1858 1010 1918 demonstrari
1027 1871 1129 1938 queat,
1144 1878 1218 1919 eura
1231 1854 1305 1917 diri-

100 1942 243 2024 puisse
260 1943 378 2015 omnia,
396 1961 454 2003 nec
471 1963 487 2002 a
504 1942 604 2024 parvis
621 1941 818 2015 abstinuisse,
836 1963 925 2023 quam
943 1963 982 2002 re
996 1942 1054 2004 hoe
1071 1943 1177 2015 modo,
1193 1954 1242 2003 tot
1257 1953 1304 2000 te-

77 2026 237 2089 stibus
256 2039 287 2087 et
302 2027 506 2111 argumentis,
525 2027 745 2100 demonstrata,
762 2047 831 2087 cum
849 2027 962 2108 etipse
981 2028 1083 2089 dotem
1100 2048 1135 2087 se
1152 2025 1314 2106 accepisse

64 2086 330 2185 Wnfiteatur,
346 2124 381 2171 et
400 2107 511 2184 babere
528 2110 623 2171 literis
639 2111 793 2171 tutoribus
813 2111 898 2172 datis
907 2112 947 2172 sit
963 2124 1100 2184 testatus,
1119 2124 1150 2172 et
1165 2109 1319 2191 officinae:
1347 2175 1353 2186 ³

47 2210 77 2235 ²
138 2196 361 2255 usumfructum
375 2196 509 2275 ceperit,
525 2181 633 2255 nullos
657 2207 758 2256 tamen
783 2196 900 2255 reditus
917 2197 1069 2276 proferat,
1094 2208 1126 2256 et
1144 2217 1161 2255 e
1179 2190 1338 2263 caeteris

139 2279 196 2339 alia
213 2279 384 2339 vendiderit
400 2280 501 2359 pretio
523 2300 587 2339 non
600 2279 745 2353 reddito,
767 2279 824 2340 alia
841 2281 878 2340 ad
896 2301 929 2340 se
952 2293 1073 2360 recepta
1099 2278 1326 2367 dissimularit,

46 2388 49 2394 ·
115 2385 174 2431 ae
191 2363 340 2445 mancipia
363 2363 555 2436 vendiderit,
576 2376 752 2442 caeteraque
775 2365 812 2423 ad
838 2385 907 2424 cum
932 2367 1056 2429 modum
1079 2341 1312 2437 administrarit,

74 2453 114 2516 12
140 2450 409 2528 quemadmodem
416 2469 473 2508 nee
496 2447 695 2509 inimicissimi
724 2444 987 2510 administrarent?
1021 2445 1088 2530 E'go
1116 2456 1199 2508 certe
1227 2447 1333 2521 baud,

138 2533 222 2605 scio,
246 2555 283 2593 an
302 2532 376 2592 baec
394 2532 565 2610 evidentius
583 2554 609 2592 ι
617 2532 739 2592 nemine
765 2534 972 2605 demonstrari
989 2533 1055 2593 ullo
1072 2533 1167 2607 modo
1167 2543 1313 2632 queant
1329 2562 1332 2568 ·

63 2663 69 2679 s
139 2617 183 2677 At
199 2635 274 2678 vero
297 2618 377 2698 apud
403 2616 550 2678 arbitrum
575 2616 675 2677 dicere
692 2638 782 2677 ausus
801 2629 864 2689 est,
890 2638 924 2676 se
943 2619 981 2677 de
998 2617 1046 2676 his
1063 2617 1202 2697 pecuniis
1229 2616 1304 2676 mul-

99 2758 103 2775 ,
138 2713 204 2763 tum
223 2701 300 2763 aeris
313 2701 404 2761 alieni
419 2701 591 2763 dissolvisse
604 2721 660 2780 pru
674 2723 722 2760 me
734 2699 944 2781 Demophonti
954 2715 987 2761 et
1000 2701 1214 2781 Therippidae,
1233 2721 1304 2783 con-

57 2855 59 2859 ,
112 2786 293 2848 -tutoribus
312 2785 392 2859 suis,
411 2797 442 2845 et
459 2785 528 2845 illos
547 2786 585 2845 de
604 2805 674 2843 mco
691 2786 841 2866 accepisse
860 2785 969 2859 multa,
995 2807 1062 2844 cum
1081 2785 1211 2865 probare
1231 2805 1303 2843 neu-

139 2883 221 2930 trum
247 2883 345 2950 queat
387 2870 496 2949 Neque
521 2864 602 2931 enim
620 2890 668 2929 me
686 2882 804 2950 agpatre
829 2869 929 2931 alieno
947 2890 1015 2929 aere
1040 2868 1223 2929 obstrictum
1242 2889 1304 2928 esse

61 2963 63 2967 ‘
138 2954 281 3019 relictum
298 2954 331 3014 in
349 2952 449 3015 literis
471 2954 621 3015 ostendit:
644 2973 746 3034 neque
764 2954 852 3027 illos,
880 2953 991 3054 quibus
1010 2975 1042 3014 se
1054 2952 1236 3025 'dissolvisse
1254 2952 1303 3025 ait,

56 3038 60 3046 '
100 3070 103 3075 ·
140 3051 234 3101 testes
253 3038 404 3099 exhibuit:
430 3058 531 3118 neque
550 3039 638 3098 etiam
658 3059 817 3099 numerum
841 3039 994 3118 pecuniae·
1006 3050 1142 3111 tantum,
1161 3049 1304 3118 quantum

49 3149 52 3153 ·
93 3126 129 3206 ’ᾗ
142 3144 212 3185 eum
229 3124 380 3203 accepisse
399 3137 527 3198 constat,
543 3125 577 3183 in
593 3136 711 3184 tutores
730 3124 869 3184 conferre
887 3136 998 3203 potest,
1016 3124 1069 3183 sed
1088 3144 1195 3206 magna
1212 3142 1305 3203 pecu

140 3208 191 3267 nia
209 3208 365 3269 minorem.
383 3211 589 3292 Interrogatus
607 3221 708 3268 autem
725 3230 780 3290 per
796 3207 941 3272 arbitrum
959 3230 1027 3268 cum
1046 3209 1083 3289 de
1102 3208 1149 3268 his
1168 3204 1307 3288 singulis,

87 3295 90 3299 ’
141 3305 207 3353 tum
229 3295 332 3354 utrum
356 3313 420 3353 rem
446 3314 530 3355 suam
555 3278 732 3353 familiarem
760 3312 795 3352 ex
812 3293 971 3352 usufructu
999 3283 1149 3373 auxisset,
1176 3313 1214 3350 an
1232 3305 1304 3350 vcro

79 3439 81 3442 ,
140 3376 205 3458 ipsa
222 3378 344 3458 praedia
363 3391 394 3438 et
410 3391 524 3440 sortem
543 3377 780 3451 absumsisset,'
770 3366 854 3450 rtem,
871 3390 973 3436 utrum
992 3376 1067 3457 ipse,
1084 3369 1122 3436 ad
1139 3375 1220 3434 hunc
1237 3394 1307 3432 mo-

73 3500 79 3507 ·
140 3461 214 3521 dum
232 3473 381 3523 curatusa
396 3463 575 3538 tutoribus,
582 3463 628 3523 his
645 3462 745 3522 verbis
763 3462 822 3522 sibi
838 3461 978 3523 satisfieri
995 3473 1159 3540 pateretur,
1176 3480 1216 3520 an
1230 3478 1307 3519 -vero

117 3540 120 3547 ⁴
141 3559 255 3607 sortem
272 3568 333 3609 una
357 3568 427 3608 cum
444 3548 545 3609 usuris
570 3546 789 3630 efflagitatum
802 3559 905 3620 esset,
930 3546 1060 3606 adhaec
1084 3545 1165 3605 nihil
1179 3564 1307 3624 respon·
1324 3586 1330 3592 ,

96 3698 100 3704 ¹
142 3631 204 3691 dit:
196 3632 274 3693 ·sed
292 3632 472 3715 spondebat,
489 3653 522 3693 se
541 3643 745 3705 ostensurum,
762 3627 977 3714 patrimonium
995 3652 1097 3703 meum
1115 3648 1183 3692 esse
1202 3630 1308 3689 decena

70 3774 74 3786 ,
140 3712 298 3790 talentum,
315 3717 471 3798 quibus
446 3740 472 3777 ss
491 3717 564 3797 quid
582 3717 710 3790 abesset,
728 3717 760 3777 id
777 3738 843 3777 sese
861 3716 1058 3796 expleturum.
1079 3713 1129 3776 Me
1147 3726 1248 3796 porro
1261 3712 1307 3774 iu-

91 3866 94 3879 ,
130 3798 245 3874 ·beute,
262 3815 297 3862 nt
313 3804 497 3876 ostenderet,
515 3824 579 3862 non
597 3802 741 3877 ostendit,
758 3823 859 3882 neque
873 3821 905 3862 se
919 3800 1131 3862 contutoribus
1146 3799 1309 3863 tradidisse

142 3885 375 3953 demonstravit
373 3886 492 3970 (neque
509 3888 599 3948 cuim
626 3887 739 3947 arbiter
764 3907 833 3947 enm
851 3882 1048 3987 damnasset)·
1071 3887 1126 3945 sed
1142 3887 1213 3945 tale
1222 3883 1308 3944 testi

142 3972 278 4033 monium
291 3972 434 4054 protulit,
453 3973 491 4032 de
508 3993 571 4072 quo
591 3973 690 4039 dicere
707 3971 849 4053 aliquid
841 3971 985 4031 instituet
1009 3968 1208 4045 Proinde,
1183 3992 1210 4030 sa
1227 3989 1310 4029 nunc

69 4090 72 4096 .
96 4106 99 4111 .
126 4075 265 4136 ⁴quoque
284 4078 332 4116 me
358 4056 574 4138 patrimonium
600 4057 712 4119 babere
737 4056 862 4129 dixerit,
886 4055 1071 4137 interrogate
1090 4077 1179 4128 eum,
1201 4058 1220 4114 a
1239 4075 1310 4133 quo,

76 4210 84 4217 “
144 4150 174 4197 et
192 4140 229 4198 de
247 4141 374 4224 singulis
393 4141 534 4207 exhibere
552 4155 645 4203 testes
664 4142 774 4202 iubete.
804 4141 859 4201 Sin
875 4140 908 4200 id
926 4159 974 4199 me
992 4139 1103 4199 babere
1122 4138 1236 4199 dixerit
1252 4136 1310 4197 boc

143 4207 254 4298 modo,
263 4238 299 4285 ut
316 4239 471 4308 computet
489 4247 539 4301 ea,
558 4248 634 4307 qnae
652 4227 691 4287 ab
707 4226 839 4304 utroque
857 4236 960 4288 tutore
977 4224 1145 4285 ·:debentur
1165 4237 1198 4285 et
1216 4222 1311 4304 duplo

73 4392 78 4399 β
144 4326 213 4366 eum
231 4309 331 4389 dicere
348 4310 490 4392 pauciora
508 4310 695 4422 constabit,
704 4325 734 4372 et
753 4330 821 4422 eum
839 4305 950 4406 babere
969 4308 1066 4370 nihilo
1084 4310 1182 4394 magis
1201 4309 1313 4397 proba-

499 4480 510 4508 ,
