2746 4748
949 65 969 110 q:

303 164 570 275 aurursus
605 151 1030 278 antsr'ocntrnn
1157 190 1244 283 ara
1268 274 1274 283 .
1300 261 1327 267 ..

40 348 42 355 ’
69 352 157 414 runt,
176 355 231 399 eos
244 338 340 400 'simul
360 353 391 402 et
407 340 471 403 voti
489 354 645 423 compotes
663 342 747 418 fieri,
764 338 797 405 et
814 342 894 425 apud
907 363 965 424 ‚ros
983 341 1130 416 habitare,
1147 353 1179 402 et
1195 362 1245 402 re·
1327 402 1333 409 ,

67 449 139 489 rum
159 425 398 487 desideratarum
417 427 477 488 frui
494 427 729 489 communitate:
748 429 889 508 quivero
908 432 1052 490 neutrum
1069 427 1179 489 horum
1197 427 1246 488 vel
1296 444 1300 449 ·

66 512 259 586 desiderant,
277 512 323 572 vel
343 512 546 592 admirantur,
564 515 617 574 sed
635 514 735 574 solum
754 508 993 576 emolumentum
1011 525 1164 595 spectant,
1182 533 1264 603 quo¹
1335 560 1337 564 .
1366 570 1368 573 .

66 611 200 682 propter
217 597 311 658 vestri
328 595 455 679 honoris
483 599 661 679 opinionem
678 600 838 675 fruuntur,
863 620 916 662 eos
935 600 1083 674 arbitror,
1107 600 1156 662 vel
1174 600 1261 660 satis·

71 685 138 746 scio
152 683 276 767 potius,
301 682 399 743 sicubi
424 683 546 747 maioris
574 685 773 746 emolumenti
797 706 882 767 spem
905 679 1132 768 prospexerint,
1159 684 1247 746 vobis
1261 680 1285 752 ,⁸
1366 678 1370 687 ’

69 790 197 853 prorsum
225 767 375 851 neglectis
390 770 473 829 illam
499 772 684 831 adoraturos.
719 772 825 832 Veluti
842 770 919 856 (quo
939 774 971 832 ct
986 791 1041 831 vos
1059 771 1249 854 intelligatis,

66 878 130 938 qua
146 854 246 939 gratia
265 854 338 915 haec
357 875 415 938 ego
434 853 575 937 dixerim)
592 856 716 941 Python
734 856 796 932 ille,
818 845 1045 937 cumprimum,
1064 856 1165 934 occiso
1179 852 1247 920 Cn,
1305 924 1309 930 ,

64 955 125 1027 ty,
141 962 208 1002 non
227 940 335 1020 quovis
355 940 438 1000 abire
456 941 515 1001 sibi
532 954 633 1003 tutrun
652 954 719 1002 esse
736 940 875 1024 putaret,
893 943 931 1002 ad
948 963 1005 1003 nos
1023 942 1180 1025 profectus
1198 942 1247 1003 ius
1300 974 1302 983 ·
1329 963 1335 971 ’

64 1027 203 1091 civitatis
221 1025 325 1106 petiit,
344 1038 375 1085 et
393 1047 446 1088 vos
457 1027 580 1109 'primos
600 1027 736 1087 omnium
753 1029 846 1089 fecit:
860 1040 1022 1108 postquam
1040 1047 1112 1089 vero
1131 1040 1247 1102 censet,
1316 1094 1317 1098 ,

40 1178 42 1191 ,
62 1112 207 1194 Philippi
234 1131 307 1192 opes
332 1111 427 1193 magis
446 1132 463 1171 c
481 1133 516 1172 re
541 1135 596 1193 sua
622 1122 704 1187 esse,
732 1115 816 1174 nulla
840 1127 975 1175 vestrum
1000 1113 1102 1174 habita
1126 1113 1246 1174 ratione
1284 1136 1287 1141 ·

65 1221 141 1261 cum
158 1198 214 1258 illo
229 1196 308 1256 facit.
325 1195 397 1256 Non
412 1197 493 1257 enim
508 1211 564 1273 est,
582 1211 717 1272 nonest,
734 1198 951 1274 Athenienses,
968 1201 1049 1281 apud
1063 1199 1149 1275 istos,
1167 1201 1246 1280 quoa

63 1286 139 1365 rum
152 1281 256 1344 omnia
270 1281 381 1356 studia,
399 1283 599 1367 cogitationes
616 1303 721 1344 omncs
735 1286 772 1345 ad
786 1285 940 1346 avaritiam
954 1287 1141 1360 referuntur,
1159 1284 1245 1365 quicn

68 1391 166 1452 quam
188 1367 336 1430 vel-firmi
360 1368 409 1428 vel
427 1369 537 1431 sancti:
563 1370 616 1429 sed
642 1383 784 1451 oportet,
808 1383 845 1431 ut
862 1371 1001 1452 quisquis
1028 1372 1168 1434 cordatus
1188 1384 1245 1446 est,
1263 1367 1328 1430 >421

40 1484 47 1491 ·
68 1456 163 1519 talem
188 1453 347 1514 hominem
370 1455 511 1514 cautione
536 1455 677 1538 diligenti
703 1465 842 1538 superet,
868 1477 951 1532 non,
979 1470 1103 1538 accepto
1123 1455 1253 1517 demum?

66 1543 185 1603 damuo'
208 1537 348 1619 datisque
367 1539 552 1600 credulitatis
581 1543 706 1623 poeuis,
732 1555 958 1622 conqueratur.v
988 1541 1109 1617 Quodsi
1126 1543 1246 1616 demus,

65 1623 281 1688 Athenienses
295 1624 341 1708 (id
359 1626 443 1704 quod
461 1625 586 1686 minime
601 1649 709 1689 verum
728 1626 805 1710 est),
822 1629 922 1708 ipsum
941 1623 1155 1688 Charidemum
1173 1627 1245 1687 fun-

66 1726 156 1774 ctum
174 1710 244 1792 erg'a
261 1730 315 1772 vos
334 1729 400 1772 esse
418 1711 533 1784 officio,
551 1725 582 1773 et
599 1711 697 1794 fungi,
715 1726 747 1773 et
758 1712 908 1773 facturum
926 1713 1007 1774 idem
1026 1711 1245 1794 inposterum,
1284 1713 1288 1717 ’
1344 1711 1346 1714 ⁴

65 1796 253 1877 nequealio
269 1796 371 1858 animo
389 1819 525 1877 unquam
550 1798 702 1858 futurum:
728 1798 937 1881 nihilomagis
957 1798 1108 1872 decuerit,
1127 1797 1156 1857 ei
1172 1795 1244 1858 talia
1273 1845 1278 1850 .

70 1881 208 1943 decerni.
228 1880 302 1942 Nam
320 1881 471 1962 siquidem
487 1881 699 1967 praerogativa
717 1883 792 1943 haec
811 1884 850 1943 ob
869 1884 951 1943 aliud
969 1883 1134 1965 quippiam,
1153 1903 1244 1962 quam
1294 1937 1300 1964 ‚

68 1968 110 2028 ad
129 1966 343 2028 stabiliendum
362 1964 579 2053 Cersobleptae
596 1990 727 2052 regnum
742 1969 947 2029 tribueretur:
965 1969 1110 2049 aequiore
1128 1968 1160 2027 id
1177 1967 1245 2027 ani·
1348 2006 1355 2023 ,

66 2073 121 2113 mo
140 2052 216 2113 ferri
229 2065 343 2132 posset
378 2053 469 2113 Nunc
485 2074 586 2114 mores
606 2048 682 2127 eius,
700 2053 732 2113 in
751 2055 837 2116 cuius
855 2077 944 2116 usum
962 2054 1088 2136 praemii
1106 2073 1243 2114 commo·
1357 2110 1358 2115 ,

67 2139 171 2200 ditate
183 2136 344 2212 abutetur,
369 2160 430 2218 quo
450 2140 545 2223 magis
563 2142 719 2223 magisque
738 2140 860 2223 cogito,
880 2161 917 2201 eo
936 2131 1036 2200 minus
1053 2139 1178 2200 invenio
1197 2136 1259 2217 ta-'l
1359 2132 1361 2137 ’

64 2224 124 2299 les,
144 2215 259 2304 quihus
271 2223 323 2319 pel
341 2223 461 2298 abillo,
479 2226 527 2285 vel
545 2247 563 2285 a
579 2226 666 2286 vobis
686 2225 817 2286 sit1fides
836 2225 1014 2286 adhibenda.
1033 2221 1245 2299 Considerate,
1348 2223 1370 2232 ‘'

69 2317 333 2391 quaeso,·quauta
351 2311 502 2390 aequitate
521 2310 639 2394 singula
658 2311 842 2385 examinem,
861 2325 1050 2391 quantasque
1068 2332 1170 2370 causas
1188 2308 1243 2369 ha·
1313 2382 1320 2399 l

55 2391 158 2455 'bearn
175 2393 298 2455 timoris
315 2395 384 2453 mei.
425 2397 493 2478 Ego
511 2396 648 2477 reperio,
672 2393 784 2478 Cotym
802 2396 959 2476 Iphicratis
982 2395 1077 2469 fuisse
1101 2393 1268 2454 socerum'
1300 2463 1303 2469 ³

68 2481 181 2541 eodem
198 2481 310 2552 modo,
337 2501 399 2560 quo
418 2494 465 2541 est
482 2477 696 2563 Cersobleptes
714 2478 902 2556 Chiridemi,
929 2494 1019 2561 atque
1039 2470 1129 2539 etiam
1147 2479 1244 2538 maio-

58 2571 120 2626 'res
147 2566 242 2649 longe
264 2584 314 2626 res
342 2578 374 2626 et
397 2566 564 2645 illustriore
626 2568 684 2627 atia
711 2567 901 2649 excipiendas
925 2587 981 2648 pro
1003 2560 1091 2649 'Coty
1113 2563 1247 2647 gessisse,
1328 2560 1332 2631 J

69 2650 252 2732 Iphicratem
270 2651 379 2738 rideo,
408 2673 497 2730 quam
514 2670 571 2733 pro
590 2590 789 2734 {irsoblepte
808 2647 1030 2711 Charidemum.
1063 2649 1125 2727 ‚sic
1142 2661 1244 2708 autem
1288 2652 1293 2662 '
1325 2695 1327 2699 a

72 2756 142 2795 rem
160 2737 368 2818 expendamus.
404 2736 495 2796 Scitis
511 2737 708 2817 bocutique,
727 2736 941 2809 Athenienses,
958 2735 1144 2815 quamquam
1161 2731 1244 2813 lpbi-
1265 2744 1268 2748 ·

72 2814 173 2882 crates
192 2816 222 2882 et
235 2843 354 2898 aeream
372 2833 510 2896 statuam,
530 2835 560 2882 et
576 2823 690 2882 victum
703 2812 735 2882 in
747 2823 912 2905 Prytaneo,
930 2832 961 2880 et
977 2817 1175 2899 praeminet
1187 2812 1267 2876 bo-'

69 2927 166 2967 nores
183 2907 274 2983 alios,
294 2907 404 2986 quibus
423 2907 528 2968 beatus
547 2907 599 2967 ille
617 2908 692 2981 fuit,
710 2906 908 2968 obtinuisset:
925 2917 1027 2966 tamen
1041 2905 1078 2963 ad
1095 2902 1245 2963 tuendum

69 2988 192 3076 Gotyos
217 2993 378 3074 imperium
403 2992 485 3053 bello
501 2994 602 3054 navali
627 3016 695 3054 cum
713 2986 820 3055 vestris
846 2993 1011 3052 decernere
1034 2987 1166 3050 ducibus
1180 3007 1246 3046 non
1300 3023 1302 3027 ,

69 3078 247 3152 dubitasse,
271 3078 416 3157 illiusque
440 3078 568 3139 salutem
593 3079 693 3163 pluris·
707 3079 832 3151 fecisse,
857 3098 947 3157 quam
971 3075 1104 3135 honores
1122 3071 1245 3133 euobis

71 3163 215 3224 tributos.
233 3163 378 3246 ,Quodui
396 3162 494 3222 maior
510 3175 608 3223 vestra
626 3163 735 3225 fuisset
752 3165 784 3224 in
808 3163 965 3223 iracundia
991 3150 1161 3225 cohibenda
1178 3177 1246 3218 mo-

48 3299 52 3304 .
72 3248 203 3324 deratio,
222 3269 312 3328 quam
330 3249 410 3308 illius
429 3249 599 3322 temeritas,
617 3248 694 3309 nihil
714 3249 891 3322 obstitisset,
910 3268 972 3327 quo
990 3247 1090 3306 minus
1105 3243 1246 3305 ‘omnium

43 3381 47 3391 .
69 3334 250 3413 mortalium
268 3335 356 3394 heret
373 3334 606 3395 infelicissimus.
623 3337 739 3394 Tamen
757 3330 855 3418 Cotys,
871 3345 937 3392 tum
956 3332 993 3392 ab
1011 3332 1065 3391 illo
1085 3331 1245 3390 consbrva-
1262 3361 1274 3369 -

71 3431 123 3480 tus
141 3432 174 3480 et
192 3420 258 3480 eius
277 3418 439 3479 amicitiam
456 3418 490 3481 ie
508 3421 573 3501 ipsa
592 3433 747 3503 expertus,
776 3431 937 3513 postquam
956 3429 1038 3476 extra
1057 3435 1148 3480 omne
1165 3413 1246 3495 peri-
1316 3411 1324 3423 ’

73 3504 176 3565 culum
195 3505 382 3586 sepositum
408 3503 624 3581 arbitrabatur,
650 3526 715 3567 non
732 3506 825 3565 modo
842 3503 958 3563 referre
976 3502 1021 3562 illi
1039 3501 1164 3584 gratiam
1183 3518 1248 3559 non
1304 3539 1310 3545 -

70 3591 203 3662 studuit,
222 3610 280 3650 nec
297 3590 379 3649 illius
399 3612 486 3650 causa
504 3591 537 3650 in
552 3610 606 3651 vos
624 3591 686 3651 ulla
704 3590 893 3651 humanitate
910 3609 983 3648 usus
1003 3600 1058 3663 est,
1077 3599 1111 3646 ut
1128 3583 1247 3646 veniam
1323 3661 1330 3674 ,

70 3696 190 3760 genero
210 3675 411 3766 impetraret:x
419 3677 473 3735 sed
493 3688 597 3736 contra
616 3677 710 3759 magi-s
724 3677 762 3738 ab
779 3697 816 3736 eo
834 3673 1010 3756 postulavit,
1027 3685 1063 3734 ut
1080 3667 1248 3760 adguppida

69 3775 173 3823 vestra
191 3761 309 3840 reliqua
328 3763 530 3842 oppugnanda
547 3762 773 3840 adiutorresset.
797 3760 890 3836 Quod
908 3781 977 3820 cum
995 3758 1046 3818 ille
1064 3764 1252 3835 recusasset:
1270 3776 1289 3791 ‘1
1324 3820 1328 3828 Ι
1355 3814 1359 3823 f

70 3846 240 3909 barbaricis
259 3847 355 3926 copiis
374 3846 502 3926 acceptis
521 3859 552 3906 et
570 3848 700 3907 eollecto
718 3847 756 3906 ab
775 3846 828 3906 illo
848 3845 997 3918 exercitu,
1016 3857 1048 3903 et
1066 3838 1248 3900 Charidemo
1275 3862 1280 3871 ’

70 3933 133 3994 isto
153 3931 352 3993 mercenario·
362 3932 543 4013 imperatore
562 3932 726 4004 conducto,
743 3944 842 3992 vestra
860 3930 971 4012 oppida
989 3926 1099 3988 invasit
1117 3921 1248 4003 etlphi-

71 4031 189 4080 eratem
208 4019 241 4078 in
260 4018 447 4100 easredegit
465 4016 639 4100 angustias,
656 4029 697 4075 nt
710 4017 868 4078 discedens
887 4017 924 4075 ab
942 4016 995 4074 illo
1013 4011 1167 4070 Antissam
1184 4007 1248 4090 pri.-

72 4126 177 4179 mum,
197 4116 268 4166 mort
284 4105 372 4188 Dryn
389 4101 557 4163 habitatum
575 4095 608 4162 se
626 4100 803 4179 conferret,
813 4101 996 4170 existimans,
1014 4117 1071 4156 nec
1089 4097 1196 4156 decere
1214 4112 1248 4153 se
1336 4110 1344 4124 ‘

40 4199 43 4204 ’
72 4193 182 4252 advos
197 4189 310 4264 redire,
329 4188 439 4269 quibus
454 4188 601 4251 Thracem
619 4187 843 4269 anteposuisset
857 4199 888 4246 et
900 4183 1075 4256 Barbarum,
1093 4198 1150 4241 nec
1167 4178 1247 4260 apud

73 4277 161 4337 illum
180 4289 250 4337 tuto
268 4294 358 4356 posse
376 4293 509 4347 manere,
528 4295 617 4354 quem
637 4295 710 4335 suae
729 4269 833 4334 salutis
848 4273 889 4331 ita
903 4260 1047 4330 ccm'eret
1064 4286 1130 4328 esse
1147 4263 1246 4345 negli-

74 4375 218 4465 gentem
242 4361 276 4421 Si
292 4360 396 4446 igitur,
413 4357 629 4438 Athenienses,
648 4353 1071 4468 ctiam'Cersobleptes,·ista
1085 4347 1270 4416 secutum,

693 4529 706 4557 r
