2722 4754
278 258 281 263 .
430 170 845 274 <nn-conones
898 254 910 267 ,
961 198 964 203 ’
1023 194 1072 305 ᾗ
1142 224 1203 282 aar

57 382 82 429 et
96 377 166 438 non,
184 384 261 443 quae
279 365 447 437 voluimus,
467 364 566 444 omnia
585 367 742 425 consecuti
760 389 878 441 sumus,
897 381 1086 433 caeterorum
1104 356 1202 434 honri-

53 475 116 531 ·nun
141 451 279 529 fortunae
306 462 429 529 partem·
448 449 537 508 nobis
562 450 793 511 convenientem
824 452 936 513 civitati
964 457 1109 519 tributam
1138 481 1203 520 esse

44 556 157 599 censeo.
198 533 241 591 At
258 533 404 613 privatam
421 534 573 593 fortunam
591 548 739 598 meamet
756 526 1203 619 uniuscrriusque·1lost'rdm·iu

60 621 160 707 privatis
183 619 301 697 exquiri
321 619 416 690 ¹rebus
440 619 569 698 aequum
594 640 659 679 esse
678 621 765 693 duco.
808 621 854 681 Ac
873 644 930 704 ego
950 627 1073 704 quidem
1097 621 1146 689 εἰς’
1164 630 1203 689 de

23 736 30 750 ·
62 710 161 771 fortuna
177 704 243 762 fieri
262 702 407 783 iudicium
425 705 565 783 postulo:
585 714 665 765 recte
684 719 715 765 et
732 727 812 777 tere,
830 719 865 766 ut
883 708 958 767 milri
975 714 1155 790 persuadeo,
1173 726 1204 774 et

26 848 31 855 .
63 816 104 855 tos
123 787 254 849 assentiri
278 787 353 847 mihi
377 786 524 848 existimo.
568 791 626 849 Iste
645 802 745 849 antem
764 791 908 872 privatam
930 795 1091 871 fortunam,
1106 820 1203 867 meam

64 874 192 941 communi
209 873 336 933 fortuna
348 873 533 953 reipublicae
551 874 747 945 valentiorem
766 897 831 935 esse
851 877 940 950 dicit,
972 902 1092 959 parram
1111 897 1142 944 et
1159 885 1204 947 vi-

64 960 195 1025 lenb'ona
214 970 245 1018 et
262 954 422 1037 amplarld'
435 978 509 1018 nero
526 959 592 1018 fieri
611 962 664 1038 qul
683 961 804 1040 potest?
823 963 1023 1043 Quamquam,
1037 956 1204 1040 Aeschine,
1229 1036 1232 1042 ¹

63 1048 124 1110 siin
139 1065 229 1104 meam
247 1044 401 1122 inquirere
418 1044 571 1103 fortunam
590 1044 716 1104 omnino
734 1045 878 1121 instituis,
897 1069 961 1108 earn
979 1071 1045 1109 cum
1060 1063 1112 1111 tua
1130 1073 1216 1111 con--

65 1135 113 1195 fer:
128 1151 207 1210 quana
225 1127 251 1186 si
268 1141 319 1188 tua
337 1129 494 1188 meliorem
512 1129 692 1215 inveneris,·=
700 1131 804 1190 desine
823 1132 994 1193 conviciari.
1037 1132 1218 1197 Considera·

66 1219 175 1302 igitura
198 1213 366 1303 primordio
391 1214 498 1272 statim.
541 1212 644 1293 Atque
668 1235 722 1274 vos
745 1236 801 1294 per
817 1212 920 1276 lovem
944 1231 975 1278 et
999 1240 1105 1280 omnes
1129 1222 1203 1281 deos

67 1324 128 1375 οπο,
148 1320 179 1359 ue
204 1298 362 1376 quisquam
387 1298 516 1378 ineptire
541 1320 589 1357 me
611 1295 706 1379 putet.
748 1300 815 1381 Ego
835 1302 932 1375 euim,
958 1325 1059 1384 neque
1085 1305 1112 1364 si
1137 1305 1204 1384 qnis

72 1395 246 1471 paupertatem
266 1382 411 1464 exagitat,
430 1395 535 1442 sanum
554 1405 622 1442 eum
641 1405 706 1445 esse
725 1392 818 1464 puto,
837 1407 953 1466 neque,
972 1388 998 1455 si
1016 1387 1083 1468 quis
1102 1391 1208 1470 splen·

72 1475 130 1534 dide
143 1470 273 1529 educatus
293 1490 327 1527 ea
350 1489 384 1527 re
408 1467 566 1550 gloriatur,
605 1469 666 1529 Sed
690 1468 776 1551 istius
801 1470 968 1551 importuni
985 1474 1153 1546 maledictis
1165 1496 1204 1535 ac

71 1554 198 1619 calumniis
215 1553 246 1611 iu
266 1553 441 1612 huiusmodi
459 1551 548 1613 verbe
567 1553 701 1614 incidere
719 1575 827 1638 cogor:
845 1556 966 1636 quibus,
984 1572 1019 1619 ut
1036 1558 1082 1619 rei
1099 1572 1205 1620 natura

51 1643 162 1726 ,patitur
181 1659 297 1720 egoque
323 1652 449 1718 potero,
468 1661 557 1717 quam
574 1639 796 1703 modestissime
813 1634 890 1717 utar:
923 1643 1000 1703 Mihi
1018 1643 1114 1725 igitur
1131 1665 1204 1705 con·
1226 1700 1229 1707 ,

70 1727 140 1813 tigit,
152 1723 322 1794 Aeschine,
332 1724 404 1802 duim
422 1723 466 1782 fui
484 1745 575 1803 puer,
594 1725 806 1785 convenientia
824 1727 961 1788 discendi
979 1730 1044 1789 loca
1062 1729 1205 1810 frequen·

69 1828 122 1874 tare
137 1822 162 1870 et
176 1831 207 1869 ea
224 1807 354 1882 babere,
383 1830 459 1888 quae
478 1830 555 1888 opus
574 1823 645 1891 sunt
662 1810 781 1870 homini
799 1823 892 1892 turpe¹
905 1813 981 1873 nihil
1000 1814 1117 1881 facturo
1134 1835 1205 1895 pro-

68 1910 127 1981 pter
140 1893 276 1976 inopiam:
312 1915 434 1984 egresso
454 1915 470 1953 e
488 1894 608 1974 pueris,
636 1895 682 1954 his
701 1896 922 1956 consentientia
941 1919 1048 1980 agere,
1074 1898 1222 1963 aedilitia.

69 2003 173 2045 munera
189 1976 637 2052 obire„triremes-instruere,
666 1975 780 2040 tributa
797 1979 952 2056 conferre,
971 1982 1060 2042 nulla
1078 1983 1126 2043 vel
1144 1977 1210 2064 priss

70 2081 125 2129 rata
144 2066 171 2125 iu
188 2070 223 2122 're
246 2064 295 2124 vel
318 2064 438 2143 publica
461 2064 672 2126 liberalitatem
696 2087 792 2125 meam
815 2066 930 2146 requiri
948 2067 1072 2140 sinere,
1098 2069 1152 2128 sed
1176 2080 1208 2127 et

70 2153 162 2215 amieos
184 2162 213 2208 et
229 2149 450 2229 ,rempublicam
475 2149 585 2214 iuvare.
628 2150 791 2229 Postquam
811 2165 913 2215 autem
935 2153 972 2212 ad
990 2151 1207 2233 rempublicam

72 2236 176 2300 acerui:
193 2257 224 2294 ea
242 2235 380 2295 instituta
398 2234 472 2293 mihi
490 2235 577 2313 sequi
597 2235 691 2295 visum
712 2247 820 2313 estut
838 2249 869 2296 et
880 2259 901 2295 a
918 2237 1014 2316 patria
1033 2250 1064 2297 et
1082 2237 1208 2302 caeteris

72 2321 176 2387 Graecis
196 2318 283 2400 saepe
308 2319 363 2377 sim
389 2334 502 2379 corona
527 2320 672 2391 donatus,
700 2333 730 2380 et
754 2332 789 2380 ut
812 2342 856 2379 ne
874 2342 927 2380 vos
941 2321 1067 2384 „inimici
1085 2322 1208 2402 quidem

71 2429 126 2471 noo
146 2405 284 2487 praeclara
310 2425 392 2477 esse,
422 2426 498 2484 quae
525 2405 639 2487 agenda
666 2405 802 2484 suscepi,
832 2405 932 2470 dicere
960 2405 1208 2488 aggrederemini

72 2490 238 2573 Talisigitur
254 2489 376 2549 fortuna
395 2511 461 2549 mea
477 2502 626 2570 perpetuo
645 2488 718 2549 fuit:
737 2490 774 2548 de
794 2506 851 2568 qua
869 2491 963 2551 multa
981 2491 1048 2571 alia,
1065 2505 1150 2571 quae*
1162 2488 1209 2557 di„

54 2578 132 2638 'cere
144 2597 267 2657 possem,
299 2588 474 2655 praetereo,
504 2595 543 2634 ne
562 2597 652 2654 quem
671 2575 707 2633 iis
725 2575 909 2649 referendis,
940 2597 1018 2655 quae
1035 2576 1109 2638 mihi
1126 2574 1210 2655 laudi

21 2710 23 2715 .
74 2664 156 2734 duco,
174 2661 326 2720 offendam.
369 2661 417 2719 Tu
435 2680 524 2734 vero,
551 2660 703 2739 praeclare
720 2660 767 2722 vir
785 2673 815 2719 et
832 2659 907 2719 alios
926 2670 1115 2741 conspuens,
1140 2681 1209 2719 eum

75 2747 127 2808 hac
140 2767 192 2805 ean
205 2745 355 2805 fortunam
373 2744 495 2817 confer,
514 2767 574 2823 qua
591 2757 625 2804 tu
635 2750 675 2805 ‘cs
693 2767 779 2804 usus..
803 2744 885 2805 Puer
901 2745 933 2804 in
951 2767 1057 2827 magua
1076 2742 1209 2826 egestate

74 2853 106 2900 es
125 2830 262 2903 educatus,
287 2851 347 2889 una
371 2852 440 2888 cum
463 2842 548 2909 patre
573 2830 610 2889 ad
634 2828 933 2893 ludum·''literarium
948 2830 1106 2903 sessitans,
1132 2841 1210 2889 atra-

71 2928 188 2979 mentum
209 2928 327 2987 terens,
354 2927 384 2975 et
408 2914 550 2974 subsellia
574 2915 710 2997 spongiis
734 2909 909 2998 detergens,
937 2927 968 2975 et
991 2913 1211 2998 paedagogium

21 3080 24 3085 ⁸
74 3022 190 3072 uertens,
205 3000 310 3060 famuli
326 3000 433 3074 vicem,
449 3000 515 3071 'non
534 3000 661 3082 ingenui
678 2998 776 3080 pueri,
793 2999 910 3062 obiens.
936 3000 993 3059 Vir
1010 3000 1105 3060 factus
1123 2997 1212 3078 matri

73 3085 184 3147 initiauti
199 3085 292 3145 libros
311 3084 453 3145 lectitasti
480 3099 510 3145 et
536 3085 710 3163 incaeteris
728 3084 819 3145 rebus
838 3086 874 3144 ad
893 3085 1088 3165 imposturam
1107 3103 1214 3162 neces-

75 3171 144 3231 sariis
157 3171 307 3241 adiutasti:
325 3170 559 3250 noctu‘quidem
576 3169 773 3237 hinnulorum
792 3169 922 3251 pellitus
941 3183 971 3230 et
988 3191 1065 3250 aqua
1082 3170 1212 3229 lustrans
1236 3176 1240 3224 ,¹

75 3269 149 3336 atque
164 3261 279 3337 expians
300 3277 362 3330 eos,
382 3256 433 3335 qui
451 3255 658 3329 initiabantur,
677 3268 707 3319 et
726 3268 883 3337 extergens
901 3256 972 3323 luto
988 3264 1019 3315 et
1035 3252 1213 3325 furfuribus,

77 3354 115 3414 et,
135 3362 193 3402 cum
210 3342 389 3405 surrexisses
409 3363 425 3400 a
443 3339 639 3413 lustratione,
664 3340 765 3407 dicere
783 3340 906 3410 iubens:
934 3340 1012 3401 Mala
1030 3339 1146 3421 effugi,
1157 3358 1214 3402 re-

78 3426 130 3507 peri
143 3426 276 3499 meliora,
301 3462 343 3473 -
361 3426 392 3486 id
410 3427 467 3507 tibi
484 3425 567 3486 laudi
584 3427 716 3500 ducens,
734 3426 817 3506 quod
835 3446 926 3485 nemo
945 3418 1215 3505 uuquam'tautum

77 3510 327 3598 dulanetjfidque
346 3524 377 3581 et
395 3532 453 3593 ego
471 3511 563 3592 puto:
582 3511 687 3570 nolite
706 3511 787 3571 enim
806 3511 947 3583 credere,
972 3532 1041 3597 cum
1058 3521 1119 3569 tarn
1137 3508 1222 3581 ctare·

75 3596 209 3675 loquatur,
235 3618 304 3659 eum
330 3617 398 3657 non
411 3596 574 3673 clarissime
591 3593 736 3680 ululare):
763 3595 897 3656 interdiu
921 3608 1021 3665 autem
1038 3593 1216 3676 ,praeclaros

33 3703 37 3723 ¹
73 3681 129 3740 illos
145 3697 245 3742 coetus
263 3703 319 3763 per
335 3681 396 3742 vias
416 3683 528 3741 ducens
547 3680 751 3760 foeniculo‘et
767 3682 882 3762 populo
900 3680 1074 3752 redimitos,
1092 3697 1216 3758 serpen-

72 3778 124 3839 tes,
154 3790 224 3847 quas
243 3768 339 3848 parias
358 3780 483 3841 vocant,
499 3767 633 3835 ‘elidens
653 3764 683 3826 et
701 3764 792 3847 supra
808 3779 897 3846 caput
915 3765 1046 3826 efferens
1066 3776 1097 3824 et
1115 3759 1216 3822 clami-

25 3921 31 3927 ·
71 3863 143 3911 muse
176 3854 263 3923 Enoc
277 3852 405 3924 ·Saboe,
432 3865 464 3912 et
488 3851 609 3913 interim
636 3850 986 3935 saltans·Hyes.Attes,
1007 3849 1102 3921 Attes.
1122 3849 1240 3950 Hpes„

21 3988 26 3997 ,
58 3937 167 4018 'suuper
191 3953 221 3999 et
244 3937 438 3999 anteambulo
465 3950 495 3997 et
517 3937 625 4017 picifer
649 3951 681 3998 et
698 3937 841 4007 -vauuifer
864 3936 984 4009 eteius
1008 3932 1129 4016 generis
1152 3930 1217 3991 aliis

66 4023 229 4087 nominibus
253 4023 302 4097 ab.
318 4022 442 4083 aniculis
466 4021 651 4097 salutabam,
677 4024 910 4102 mercedemque
921 4034 980 4102 pro
1000 4019 1066 4097 istis
1084 4017 1219 4081 muneri·

64 4107 121 4177 bus
139 4108 303 4190 accipiebas
328 4109 537 4189 placentaset
558 4108 705 4177 scriblitae
730 4121 760 4168 et
778 4098 920 4181 ¹'recentes
945 4125 1051 4186 panem
1078 4103 1119 4167 ob
1142 4122 1219 4183 quae

63 4193 128 4273 quis
147 4215 214 4259 euru
229 4215 296 4264 non
312 4182 738 4274 vere-felicem-pr'aedicetet
755 4190 908 4263 fortunam
926 4189 991 4251 eius
1010 4186 1229 4275 magnifaciat?

63 4278 220 4359 Postquam
239 4290 338 4343 autern
358 4278 909 4361 inmunicipiialbum-inscriptuses
923 4294 1112 4356 quocunque
1128 4273 1220 4345 modo

41 4362 107 4459 'fid
125 4362 408 4448 eoimpraetareo),
417 4360 677 4452 postquauarg'q
694 4363 858 4444 inscriptus
873 4355 1223 4490 essetatipnpnlgcbtfti-
