2722 4754
315 156 923 249 'onnoSTnnmsza
985 137 989 146 ¹
1087 238 1115 250 ,,
1223 143 1269 269 a

57 359 220 428 tangeret:
234 357 331 444 atque
348 340 389 403 ita
407 305 519 402 metir'
509 353 599 414 retus,
618 340 777 402 continere
796 361 828 401 se
846 340 879 400 in
895 354 975 402 statu
991 341 1114 410 decenti
1131 335 1242 424 potnit.

58 430 226 512 Explicatu
246 430 338 496 etiam
358 442 404 490 est
421 426 643 503 necessarium,
694 447 735 486 uo
743 424 828 499 loco
851 448 900 488 res
918 427 1156 489 Atheniensium
1173 428 1241 488 fue-

58 518 141 589 rint,
174 528 245 579 cnm
265 516 303 575 ad
319 513 537 616 rempublicam
554 449 780 582 Demosihenes
799 513 932 575 accessit.
969 504 1123 574 Thebani
1147 515 1240 575 Lace-

61 602 275 674 daemonius,
298 601 450 682 principes
477 599 666 659 Graecorum
692 599 881 679 maximaque
906 600 1045 681 potentia
1057 600 1240 682 praeditos,

63 689 104 748 ad
122 686 295 747 Leuctra'
266 708 368 746 neum
381 686 529 758 Boeotiae
548 705 617 745 curn
636 684 790 759 vicissent,
808 685 867 766 ipsi
884 699 1026 765 potentes
1046 707 1111 749 esse
1131 704 1271 769 coepe·
1281 705 1284 720 ·

64 788 155 845 runt,
186 786 218 833 et
240 772 332 853 paulo
351 784 422 854 post
439 770 553 831 bellum
571 768 781 830 Phocensibus
801 770 1004 844 intulerunt.
1029 773 1124 833 Erant
1141 788 1244 844 antem

66 860 243 918 Phocenses
263 879 338 940 gens
356 856 501 917 Euboeae
519 856 658 929 finitima,
691 878 767 937 quae
788 847 913 937 oppida
917 850 1051 917 habebat
1067 860 1128 918 duo
1148 872 1179 920 ot
1196 858 1242 918 vi-

63 944 154 1025 ginti
208 944 248 1001 Hi
265 942 370 1027 Pythii
388 942 508 1018 lanum,
543 942 673 1022 quod
646 962 689 1001 ers
707 941 842 1002 vicinum
853 946 958 1016 ciat,
972 926 1154 1024 ochnpatum
1173 967 1247 1017 curn

64 1029 265 1110 spoliassent:
293 1049 327 1088 ea
347 1029 384 1088 de
403 1050 491 1088 causa
509 1027 578 1088 illos
597 1026 737 1087 Thebani
755 1026 836 1089 bello
855 1027 1019 1108 petierunt.
1071 1029 1245 1091 Gesserunt

65 1129 98 1174 et
124 1115 331 1174 Athenienses
351 1113 383 1175 id
401 1113 532 1187 bellum,
566 1114 649 1194 quod
668 1112 787 1173 Sociale
805 1114 973 1175 nominant
1023 1114 1100 1174 Nam
1123 1111 1244 1176 Chiiet

63 1199 185 1274 Rhodii
206 1213 235 1261 et
252 1200 402 1300 Byzantii,
426 1222 481 1279 qur
470 1199 571 1259 'olim
588 1213 753 1280 paruerant
768 1199 1021 1299 Atheniensibus,
1045 1213 1120 1267 tune
1144 1200 1243 1262 socie-

63 1299 133 1346 tate
153 1299 185 1344 et
203 1277 430 1367 conspiratione
448 1286 531 1348 inter
549 1306 581 1368 se
599 1285 690 1358 inita,
713 1307 781 1344 eum
801 1285 843 1344 eis
863 1285 1010 1367 gerebant
1029 1285 1150 1345 bellum.
1182 1286 1245 1346 Sic

66 1371 250 1430 Graeciam
268 1370 377 1433 multas
397 1370 491 1431 divisa
512 1362 575 1431 erat
592 1384 703 1453 partes,
730 1393 798 1431 cum
816 1368 1027 1433 Athenienses
1040 1370 1155 1431 bellurn
1175 1391 1244 1431 cum

66 1456 112 1517 eis
134 1469 285 1539 gererent,
311 1477 388 1537 quos
408 1457 549 1529 diximus,
568 1470 599 1518 et
616 1455 755 1516 Thebani
773 1469 843 1517 cu'm
860 1450 1082 1531 Phocensibns,
1103 1471 1133 1517 et
1151 1458 1244 1516 Laee-

67 1542 225 1602 daemonii
243 1563 310 1602 cum
329 1541 625 1622 Peloponnensibns.
668 1543 715 1602 Eo
733 1555 873 1623 tempore
895 1543 1065 1642 Philippus,
1091 1538 1245 1627 Amyntae

67 1627 163 1727 filius,
180 1650 309 1710 regnum
327 1628 530 1691 Macedonum
549 1642 730 1709 susceperat
765 1627 918 1713 Amyntae
938 1629 1029 1702 enim,
1047 1629 1245 1688 Macedoniae

66 1714 147 1795 regi,
165 1726 226 1772 tres
246 1713 309 1773 nati
329 1726 415 1773 erant
431 1713 488 1773 filii
508 1734 544 1773 ex
561 1715 715 1799 Eurydice
733 1714 846 1797 Illyria,
864 1714 1047 1787 Alexander,
1075 1714 1246 1788 Perdiccas,
1268 1716 1284 1776 4

67 1798 269 1879 Philippus.
288 1799 407 1858 Horum
432 1812 505 1858 natu
531 1800 679 1859 maximus
701 1799 875 1859 Alexander
898 1822 954 1880 per
980 1799 1105 1859 insidias
1126 1820 1244 1860 caesus:

68 1884 240 1957 Perdiccas,
258 1905 328 1944 cum
340 1883 452 1968 Illyriis
465 1896 615 1966 pugnans,
634 1883 807 1944 occubuit
830 1886 989 1966 Philippus
1003 1899 1077 1945 natu
1090 1885 1246 1958 minimus,

70 1991 124 2048 qur
115 1968 259 2028 Thebis
279 1969 368 2029 obses
395 1981 468 2042 erat,
497 1969 660 2031 Perdiccae
678 1983 777 2030 morte
795 1971 909 2042 audita,
937 1971 1012 2030 clam
1032 1970 1187 2053 digressus
1215 1983 1247 2031 et

71 2053 239 2142 celeriter
230 2076 262 2112 m
281 2055 491 2115 Macedoniam
509 2055 683 2136 profectus,
707 2077 852 2138 regnum
847 2055 999 2116 obtinuit
1051 2057 1129 2114 Nam
1147 2055 1262 2117 Athen

70 2136 192 2199 nienses
220 2139 312 2199 alium
339 2140 491 2240 quendam
515 2140 603 2223 regii
619 2141 751 2223 generis,
779 2141 833 2200 sed
858 2141 1037 2201 Macedonia
1063 2140 1247 2214 exulantem,

73 2248 141 2286 curn
159 2223 277 2306 magnis
297 2225 393 2306 copiis
411 2225 625 2287 reducebant'
616 2249 649 2285 ιιι
659 2248 810 2319 regnum:
846 2248 919 2317 quas
937 2226 1129 2311 Philippus
1116 2247 1153 2286 cx
1170 2225 1246 2305 insi-

73 2311 131 2369 dns
140 2330 311 2392 aggressus,
329 2310 448 2396 proelio
464 2311 551 2378 vicit:
570 2324 602 2372 et
615 2312 769 2399 quotquot
784 2307 990 2372 Athenienses
1006 2311 1096 2392 cepit,
1116 2331 1169 2371 eos
1179 2312 1246 2372 sine

30 2405 35 2411 ’
72 2395 172 2495 pretio
191 2393 316 2468 dimisit,
334 2416 399 2456 non
417 2416 454 2456 ex
471 2397 686 2500 benevolentia
702 2418 782 2480 erga
788 2393 1006 2472 Athenienses,
1023 2418 1134 2477 neque
1144 2418 1181 2457 ex
1198 2397 1269 2461 in·-

68 2480 158 2563 genia
150 2480 344 2540 clementia.

161 2562 325 2625 Causarum
342 2566 402 2626 tria
420 2580 492 2628 sunt
508 2587 635 2650 genera·
656 2567 891 2641 Exornationis,
902 2567 1132 2629 deliberationis
1151 2579 1183 2628 et
1199 2567 1274 2647 ἰιι-

75 2650 154 2715 dicii.
207 2650 253 2710 Ae
278 2651 410 2723 duorum
429 2670 569 2714 summus
596 2652 656 2713 suit
680 2654 802 2726 artifex,
835 2652 941 2713 iudicii
961 2658 995 2714 et
1010 2640 1248 2714 deliberationis.

73 2735 296 2796 Exornationes
320 2751 422 2798 autem'
440 2738 505 2798 eius
523 2758 588 2798 non
605 2738 759 2798 habemus.
806 2738 865 2798 Eas
885 2733 977 2813 enirn,
1002 2760 1079 2818 quae
1098 2738 1250 2813 feruntur,

73 2842 139 2897 non
171 2835 216 2880 est
240 2822 426 2884 credendum
453 2843 518 2884 esse
537 2823 772 2897 Demosthenis,
799 2822 973 2883 Funebrem
999 2835 1030 2883 et
1052 2823 1249 2885 Amatoriam.

73 2907 180 2988 Longe
199 2907 280 2965 enim
300 2922 372 2969 sunt
374 2905 467 2967 infra
485 2910 546 2969 vim
566 2909 631 2969 cius
651 2921 681 2968 et
698 2909 879 2969 facultatem.
931 2909 1059 2990 Neque
1064 2909 1249 2972 sententiam

73 3005 207 3051 nostram
233 2992 411 3067 referimus,
445 2995 499 3055 sed
524 3008 554 3055 et
578 2994 808 3055 Halicarnasseo
833 2994 986 3078 Dionysio
1013 2995 1095 3054 idem
1121 2997 1249 3056 videtur.

72 3076 149 3136 Nam
173 3077 317 3144 habuisse
336 3079 508 3139 orationem
525 3079 685 3139 funebrem
703 3080 955 3153 Demosthenem,
980 3080 1012 3139 id
1031 3081 1155 3160 quidem
1174 3099 1249 3140 con-

71 3175 143 3224 stat:
161 3182 226 3222 non
245 3176 349 3229 tamen
363 3186 428 3224 eam
446 3178 522 3238 esse,
541 3187 617 3246 quae
635 3166 674 3226 sit
688 3165 725 3224 ab
743 3166 797 3225 illo
812 3164 925 3239 habita,
943 3164 1088 3225 credibile
1106 3179 1162 3240 est,
1180 3172 1250 3226 cnm

5 3299 10 3302 .
69 3249 110 3307 sit
132 3248 230 3323 futilis
256 3249 388 3327 omnino
416 3264 447 3311 et
476 3250 635 3312 imbecilla.
687 3250 860 3311 Suasiones
878 3263 980 3310 autem
1007 3251 1072 3310 eius
1103 3240 1276 3331 quaedam

69 3328 307 3414 inscriptionem
326 3335 421 3417 ipsam
440 3336 555 3398 habent
572 3337 772 3398 suasionum:
809 3335 956 3416 quaedam
975 3358 1051 3396 cum
1061 3335 1250 3417 Philippicae

67 3419 289 3492 inscribantur,
320 3412 521 3482 nihilominus
547 3437 619 3483 sunt
644 3421 813 3505 suasiones,
848 3443 884 3481 ex
910 3442 947 3481 eo
974 3422 1101 3503 adeptae
1125 3418 1250 3495 nometi,

67 3505 148 3583 quod
167 3505 208 3564 de
229 3501 369 3586 Philippi
386 3505 479 3566 rebus
498 3508 563 3568 sint
581 3501 702 3568 habitae
728 3520 758 3567 et
775 3506 953 3588 quaelibet
961 3506 1132 3592 Philippica
1155 3528 1248 3590 pecu

65 3588 131 3649 liari
149 3591 293 3670 quodam
311 3590 431 3656 titulo
422 3591 566 3674 rusig'nita
586 3607 642 3668 est,
663 3614 721 3673 pro
739 3591 785 3654 rei
803 3593 952 3673 cuiusque
970 3605 1083 3655 natura.
1143 3622 1146 3629 ¹
1210 3620 1214 3626 ·
