<?xml version="1.0" encoding="UTF-8"?>
<!DOCTYPE html PUBLIC "-//W3C//DTD XHTML 1.0 Transitional//EN"
    "http://www.w3.org/TR/xhtml1/DTD/xhtml1-transitional.dtd">
<html xmlns="http://www.w3.org/1999/xhtml" xml:lang="en" lang="en">
 <head>
  <title>
</title>
<meta http-equiv="Content-Type" content="text/html;charset=utf-8" />
  <meta name='ocr-system' content='tesseract 3.04.00' />
  <meta name='ocr-capabilities' content='ocr_page ocr_carea ocr_par ocr_line ocrx_word'/>
</head>
<body>
  <div class='ocr_page' id='page_1' title='image "./demosthenisquae04schgoog_0366.png"; bbox 0 0 2746 4748; ppageno 0'>
   <div class='ocr_carea' id='block_1_1' title="bbox 171 125 1283 253">
    <p class='ocr_par' dir='ltr' id='par_1_1' title="bbox 171 125 1319 253">
     <span class='ocr_line' id='line_1_1' title="bbox 171 125 1283 253; baseline 0.003 -14"><span class='ocrx_word' id='word_1_1' title='bbox 171 207 177 215; x_wconf 82' lang='lat'><strong>.</strong></span> <span class='ocrx_word' id='word_1_2' title='bbox 257 215 260 227; x_wconf 71' lang='lat'>‚</span> <span class='ocrx_word' id='word_1_3' title='bbox 315 125 1065 269; x_wconf 60' lang='grc' dir='ltr'>ιιιῗιιιιιιιιιιιοιιιιιιιι,</span> <span class='ocrx_word' id='word_1_4' title='bbox 1182 130 1283 245; x_wconf 64' lang='lat' dir='ltr'><strong>ssa)</strong></span> 
     </span>
    </p>
   </div>
   <div class='ocr_carea' id='block_1_2' title="bbox 26 288 1319 4469">
    <p class='ocr_par' dir='ltr' id='par_1_2' title="bbox 67 288 1314 928">
     <span class='ocr_line' id='line_1_2' title="bbox 67 288 1292 417; baseline 0.001 -25"><span class='ocrx_word' id='word_1_5' title='bbox 67 288 244 392; x_wconf 86' lang='lat' dir='ltr'><strong>videamini.</strong></span> <span class='ocrx_word' id='word_1_6' title='bbox 272 331 366 397; x_wconf 91' lang='lat' dir='ltr'><strong>Odio</strong></span> <span class='ocrx_word' id='word_1_7' title='bbox 370 332 576 417; x_wconf 82' lang='lat' dir='ltr'><strong>persequendi</strong></span> <span class='ocrx_word' id='word_1_8' title='bbox 593 347 684 408; x_wconf 85' lang='lat' dir='ltr'><strong>sunt,</strong></span> <span class='ocrx_word' id='word_1_9' title='bbox 700 304 804 416; x_wconf 90' lang='lat' dir='ltr'><strong>neque</strong></span> <span class='ocrx_word' id='word_1_10' title='bbox 820 335 971 396; x_wconf 82' lang='lat' dir='ltr'><strong>audienda</strong></span> <span class='ocrx_word' id='word_1_11' title='bbox 986 355 1046 396; x_wconf 85' lang='lat' dir='ltr'><strong>vox</strong></span> <span class='ocrx_word' id='word_1_12' title='bbox 1053 345 1110 395; x_wconf 89' lang='lat' dir='ltr'><strong>est</strong></span> <span class='ocrx_word' id='word_1_13' title='bbox 1128 350 1246 409; x_wconf 89' lang='lat' dir='ltr'><strong>eorum,</strong></span> <span class='ocrx_word' id='word_1_14' title='bbox 1289 328 1292 335; x_wconf 81' lang='grc'><strong>’</strong></span> 
     </span>
     <span class='ocr_line' id='line_1_3' title="bbox 69 417 1245 502; baseline 0.003 -26"><span class='ocrx_word' id='word_1_15' title='bbox 69 417 128 495; x_wconf 89' lang='lat' dir='ltr'><strong>qui</strong></span> <span class='ocrx_word' id='word_1_16' title='bbox 152 417 372 498; x_wconf 78' lang='lat' dir='ltr'><strong>rempublicam</strong></span> <span class='ocrx_word' id='word_1_17' title='bbox 397 420 456 481; x_wconf 93' lang='lat' dir='ltr'><strong>hoc</strong></span> <span class='ocrx_word' id='word_1_18' title='bbox 478 421 575 482; x_wconf 80' lang='lat' dir='ltr'><strong>morlo</strong></span> <span class='ocrx_word' id='word_1_19' title='bbox 595 430 763 502; x_wconf 77' lang='lat' dir='ltr'><strong>gesserunt.</strong></span> <span class='ocrx_word' id='word_1_20' title='bbox 797 420 855 496; x_wconf 87' lang='lat' dir='ltr'><strong>At,</strong></span> <span class='ocrx_word' id='word_1_21' title='bbox 880 420 1055 495; x_wconf 82' lang='lat' dir='ltr'>hercule,</span> <span class='ocrx_word' id='word_1_22' title='bbox 1045 441 1078 479; x_wconf 91' lang='grc' dir='ltr'><strong>ιιι</strong></span> <span class='ocrx_word' id='word_1_23' title='bbox 1100 418 1147 480; x_wconf 89' lang='lat' dir='ltr'><strong>his</strong></span> <span class='ocrx_word' id='word_1_24' title='bbox 1164 418 1245 487; x_wconf 85' lang='lat' dir='ltr'><strong>solis</strong></span> 
     </span>
     <span class='ocr_line' id='line_1_4' title="bbox 67 502 1244 595; baseline 0.004 -34"><span class='ocrx_word' id='word_1_25' title='bbox 67 502 283 570; x_wconf 83' lang='lat' dir='ltr'><strong>functionibus</strong></span> <span class='ocrx_word' id='word_1_26' title='bbox 302 505 377 564; x_wconf 84' lang='lat' dir='ltr'><strong>tales</strong></span> <span class='ocrx_word' id='word_1_27' title='bbox 396 525 463 566; x_wconf 88' lang='lat' dir='ltr'><strong>sese</strong></span> <span class='ocrx_word' id='word_1_28' title='bbox 480 504 705 586; x_wconf 79' lang='lat' dir='ltr'><strong>praebuerunt:</strong></span> <span class='ocrx_word' id='word_1_29' title='bbox 721 506 781 566; x_wconf 84' lang='lat' dir='ltr'><strong>alia</strong></span> <span class='ocrx_word' id='word_1_30' title='bbox 795 526 872 595; x_wconf 78' lang='lat' dir='ltr'><strong>vero</strong></span> <span class='ocrx_word' id='word_1_31' title='bbox 887 519 979 582; x_wconf 87' lang='lat' dir='ltr'><strong>sunt,</strong></span> <span class='ocrx_word' id='word_1_32' title='bbox 993 518 1099 586; x_wconf 87' lang='lat' dir='ltr'><strong>quae</strong></span> <span class='ocrx_word' id='word_1_33' title='bbox 1090 517 1173 566; x_wconf 85' lang='lat' dir='ltr'><strong>recte</strong></span> <span class='ocrx_word' id='word_1_34' title='bbox 1191 505 1244 566; x_wconf 90' lang='lat' dir='ltr'><strong>ad·-</strong></span> 
     </span>
     <span class='ocr_line' id='line_1_5' title="bbox 70 583 1314 667; baseline 0.002 -19"><span class='ocrx_word' id='word_1_35' title='bbox 70 587 281 652; x_wconf 74' lang='lat' dir='ltr'><strong>ministrarint</strong></span> <span class='ocrx_word' id='word_1_36' title='bbox 299 590 392 651; x_wconf 90' lang='lat' dir='ltr'><strong>lmo</strong></span> <span class='ocrx_word' id='word_1_37' title='bbox 382 612 417 650; x_wconf 89' lang='grc' dir='ltr'><strong>ιιι</strong></span> <span class='ocrx_word' id='word_1_38' title='bbox 433 589 501 651; x_wconf 88' lang='lat' dir='ltr'><strong>aliis</strong></span> <span class='ocrx_word' id='word_1_39' title='bbox 517 589 608 651; x_wconf 89' lang='lat' dir='ltr'><strong>rebus</strong></span> <span class='ocrx_word' id='word_1_40' title='bbox 626 591 728 650; x_wconf 88' lang='lat' dir='ltr'><strong>tales</strong></span> <span class='ocrx_word' id='word_1_41' title='bbox 718 613 751 650; x_wconf 91' lang='grc' dir='ltr'><strong>ιιι</strong></span> <span class='ocrx_word' id='word_1_42' title='bbox 768 612 822 652; x_wconf 93' lang='lat' dir='ltr'><strong>vos</strong></span> <span class='ocrx_word' id='word_1_43' title='bbox 841 583 1033 667; x_wconf 75' lang='lat' dir='ltr'><strong>exstiterunt,</strong></span> <span class='ocrx_word' id='word_1_44' title='bbox 1049 592 1085 650; x_wconf 85' lang='lat' dir='ltr'><strong>nt</strong></span> <span class='ocrx_word' id='word_1_45' title='bbox 1103 589 1143 650; x_wconf 93' lang='lat' dir='ltr'><strong>ob</strong></span> <span class='ocrx_word' id='word_1_46' title='bbox 1160 589 1246 665; x_wconf 83' lang='lat' dir='ltr'><strong>haec,</strong></span> <span class='ocrx_word' id='word_1_47' title='bbox 1306 589 1314 599; x_wconf 48' lang='lat'>⁸</span> 
     </span>
     <span class='ocr_line' id='line_1_6' title="bbox 72 668 1261 765; baseline 0.002 -32"><span class='ocrx_word' id='word_1_48' title='bbox 72 693 150 755; x_wconf 88' lang='lat' dir='ltr'><strong>qnae</strong></span> <span class='ocrx_word' id='word_1_49' title='bbox 169 673 345 750; x_wconf 70' lang='lat' dir='ltr'><strong>audivistis,</strong></span> <span class='ocrx_word' id='word_1_50' title='bbox 363 675 490 736; x_wconf 81' lang='lat' dir='ltr'><strong>minimo</strong></span> <span class='ocrx_word' id='word_1_51' title='bbox 508 676 571 737; x_wconf 88' lang='lat' dir='ltr'><strong>sint</strong></span> <span class='ocrx_word' id='word_1_52' title='bbox 588 675 659 736; x_wconf 90' lang='lat' dir='ltr'><strong>odio</strong></span> <span class='ocrx_word' id='word_1_53' title='bbox 679 676 770 765; x_wconf 82' lang='lat' dir='ltr'><strong>digni.</strong></span> <span class='ocrx_word' id='word_1_54' title='bbox 797 677 880 753; x_wconf 84' lang='lat' dir='ltr'><strong>Quid</strong></span> <span class='ocrx_word' id='word_1_55' title='bbox 900 677 981 738; x_wconf 88' lang='lat' dir='ltr'><strong>enim</strong></span> <span class='ocrx_word' id='word_1_56' title='bbox 999 699 1015 738; x_wconf 93' lang='lat' dir='ltr'><strong>a</strong></span> <span class='ocrx_word' id='word_1_57' title='bbox 1032 694 1083 735; x_wconf 85' lang='lat' dir='ltr'><strong>rue</strong></span> <span class='ocrx_word' id='word_1_58' title='bbox 1101 675 1161 736; x_wconf 90' lang='lat' dir='ltr'><strong>dici</strong></span> <span class='ocrx_word' id='word_1_59' title='bbox 1178 675 1245 735; x_wconf 87' lang='lat' dir='ltr'><strong>vul-</strong></span> <span class='ocrx_word' id='word_1_60' title='bbox 1258 668 1261 678; x_wconf 55' lang='lat'><strong>¹</strong></span> 
     </span>
     <span class='ocr_line' id='line_1_7' title="bbox 72 759 1252 862; baseline -0.002 -40"><span class='ocrx_word' id='word_1_61' title='bbox 72 759 131 822; x_wconf 81' lang='lat' dir='ltr'><strong>tis?</strong></span> <span class='ocrx_word' id='word_1_62' title='bbox 156 759 256 821; x_wconf 85' lang='lat' dir='ltr'><strong>Sacra</strong></span> <span class='ocrx_word' id='word_1_63' title='bbox 267 775 336 821; x_wconf 83' lang='lat' dir='ltr'><strong>vasa</strong></span> <span class='ocrx_word' id='word_1_64' title='bbox 358 782 421 841; x_wconf 90' lang='lat' dir='ltr'><strong>quo</strong></span> <span class='ocrx_word' id='word_1_65' title='bbox 443 763 537 822; x_wconf 84' lang='lat' dir='ltr'><strong>modo</strong></span> <span class='ocrx_word' id='word_1_66' title='bbox 561 760 744 822; x_wconf 78' lang='lat' dir='ltr'><strong>refecerint?</strong></span> <span class='ocrx_word' id='word_1_67' title='bbox 771 775 802 822; x_wconf 90' lang='lat' dir='ltr'><strong>et</strong></span> <span class='ocrx_word' id='word_1_68' title='bbox 824 774 860 822; x_wconf 89' lang='lat' dir='ltr'><strong>ut</strong></span> <span class='ocrx_word' id='word_1_69' title='bbox 885 782 1012 822; x_wconf 87' lang='lat' dir='ltr'><strong>coronas</strong></span> <span class='ocrx_word' id='word_1_70' title='bbox 1031 760 1252 862; x_wconf 65' lang='lat' dir='ltr'><strong>destruxerint,⁴</strong></span> 
     </span>
     <span class='ocr_line' id='line_1_8' title="bbox 72 844 1246 931; baseline 0.001 -25"><span class='ocrx_word' id='word_1_71' title='bbox 72 856 137 906; x_wconf 89' lang='lat' dir='ltr'><strong>aut</strong></span> <span class='ocrx_word' id='word_1_72' title='bbox 143 844 315 928; x_wconf 79' lang='lat' dir='ltr'><strong>elegantem</strong></span> <span class='ocrx_word' id='word_1_73' title='bbox 333 845 417 908; x_wconf 81' lang='lat' dir='ltr'><strong>illam</strong></span> <span class='ocrx_word' id='word_1_74' title='bbox 433 846 610 927; x_wconf 82' lang='lat' dir='ltr'><strong>phialarum</strong></span> <span class='ocrx_word' id='word_1_75' title='bbox 620 847 881 931; x_wconf 85' lang='lat' dir='ltr'><strong>conlectionem?-</strong></span> <span class='ocrx_word' id='word_1_76' title='bbox 898 845 975 906; x_wconf 88' lang='lat' dir='ltr'><strong>Nam</strong></span> <span class='ocrx_word' id='word_1_77' title='bbox 992 846 1053 907; x_wconf 94' lang='lat' dir='ltr'><strong>vel</strong></span> <span class='ocrx_word' id='word_1_78' title='bbox 1059 847 1099 907; x_wconf 90' lang='lat' dir='ltr'><strong>ob</strong></span> <span class='ocrx_word' id='word_1_79' title='bbox 1117 845 1245 920; x_wconf 78' lang='lat' dir='ltr'><strong>haec,</strong></span> <span class='ocrx_word' id='word_1_80' title='bbox 1218 867 1246 907; x_wconf 82' lang='lat' dir='ltr'><strong>ss</strong></span> 
     </span>
    </p>

    <p class='ocr_par' dir='ltr' id='par_1_3' title="bbox 26 929 1283 1270">
     <span class='ocr_line' id='line_1_9' title="bbox 26 929 1245 1013; baseline -0.001 -23"><span class='ocrx_word' id='word_1_81' title='bbox 26 1006 31 1013; x_wconf 38' lang='grc'><strong>,</strong></span> <span class='ocrx_word' id='word_1_82' title='bbox 70 929 157 992; x_wconf 88' lang='lat' dir='ltr'><strong>nulla</strong></span> <span class='ocrx_word' id='word_1_83' title='bbox 176 951 210 990; x_wconf 91' lang='lat' dir='ltr'><strong>re</strong></span> <span class='ocrx_word' id='word_1_84' title='bbox 229 932 286 991; x_wconf 90' lang='lat' dir='ltr'><strong>alia</strong></span> <span class='ocrx_word' id='word_1_85' title='bbox 303 930 523 1012; x_wconf 83' lang='lat' dir='ltr'><strong>rempublicam</strong></span> <span class='ocrx_word' id='word_1_86' title='bbox 539 931 714 1005; x_wconf 78' lang='lat' dir='ltr'><strong>laesissent,</strong></span> <span class='ocrx_word' id='word_1_87' title='bbox 732 946 788 1006; x_wconf 80' lang='grc' dir='ltr'>ιιι,</span> <span class='ocrx_word' id='word_1_88' title='bbox 807 954 871 993; x_wconf 92' lang='grc' dir='ltr'>ιιοιι</span> <span class='ocrx_word' id='word_1_89' title='bbox 889 932 1000 1006; x_wconf 78' lang='lat' dir='ltr'><strong>semel,</strong></span> <span class='ocrx_word' id='word_1_90' title='bbox 1018 932 1093 990; x_wconf 89' lang='lat' dir='ltr'><strong>mihi</strong></span> <span class='ocrx_word' id='word_1_91' title='bbox 1111 948 1245 990; x_wconf 88' lang='lat' dir='ltr'><strong>comme-</strong></span> 
     </span>
     <span class='ocr_line' id='line_1_10' title="bbox 70 1012 1245 1118; baseline 0.001 -43"><span class='ocrx_word' id='word_1_92' title='bbox 70 1015 173 1076; x_wconf 84' lang='lat' dir='ltr'><strong>ruisse</strong></span> <span class='ocrx_word' id='word_1_93' title='bbox 186 1014 316 1076; x_wconf 85' lang='lat' dir='ltr'><strong>mortem</strong></span> <span class='ocrx_word' id='word_1_94' title='bbox 333 1016 493 1077; x_wconf 84' lang='lat' dir='ltr'><strong>videntur.</strong></span> <span class='ocrx_word' id='word_1_95' title='bbox 512 1037 581 1077; x_wconf 86' lang='lat' dir='ltr'><strong>nam</strong></span> <span class='ocrx_word' id='word_1_96' title='bbox 595 1030 626 1077; x_wconf 87' lang='lat' dir='ltr'><strong>et</strong></span> <span class='ocrx_word' id='word_1_97' title='bbox 643 1013 793 1118; x_wconf 30' lang='lat' dir='ltr'><strong>sacrilegi-i</strong></span> <span class='ocrx_word' id='word_1_98' title='bbox 811 1031 842 1078; x_wconf 91' lang='lat' dir='ltr'><strong>et</strong></span> <span class='ocrx_word' id='word_1_99' title='bbox 859 1017 1021 1102; x_wconf 83' lang='lat' dir='ltr'><strong>impietatis</strong></span> <span class='ocrx_word' id='word_1_100' title='bbox 1040 1029 1072 1078; x_wconf 89' lang='lat' dir='ltr'><strong>et</strong></span> <span class='ocrx_word' id='word_1_101' title='bbox 1088 1012 1245 1098; x_wconf 85' lang='lat' dir='ltr'><strong>peculaths</strong></span> 
     </span>
     <span class='ocr_line' id='line_1_11' title="bbox 71 1100 1261 1184; baseline 0.001 -24"><span class='ocrx_word' id='word_1_102' title='bbox 71 1113 104 1160; x_wconf 89' lang='lat' dir='ltr'><strong>et</strong></span> <span class='ocrx_word' id='word_1_103' title='bbox 130 1102 269 1162; x_wconf 85' lang='lat' dir='ltr'><strong>omnium</strong></span> <span class='ocrx_word' id='word_1_104' title='bbox 294 1101 555 1166; x_wconf 79' lang='lat' dir='ltr'><strong>atrocissimorum</strong></span> <span class='ocrx_word' id='word_1_105' title='bbox 574 1102 724 1162; x_wconf 87' lang='lat' dir='ltr'><strong>scelerum</strong></span> <span class='ocrx_word' id='word_1_106' title='bbox 742 1103 786 1161; x_wconf 89' lang='lat' dir='ltr'><strong>rei</strong></span> <span class='ocrx_word' id='word_1_107' title='bbox 804 1117 883 1164; x_wconf 86' lang='lat' dir='ltr'><strong>sunt</strong></span> <span class='ocrx_word' id='word_1_108' title='bbox 919 1103 1041 1163; x_wconf 73' lang='lat' dir='ltr'><strong>Multa-⁹</strong></span> <span class='ocrx_word' id='word_1_109' title='bbox 1024 1102 1126 1184; x_wconf 80' lang='lat' dir='ltr'><strong>agitur·</strong></span> <span class='ocrx_word' id='word_1_110' title='bbox 1144 1120 1180 1161; x_wconf 86' lang='lat' dir='ltr'><strong>ex</strong></span> <span class='ocrx_word' id='word_1_111' title='bbox 1193 1100 1261 1175; x_wconf 28' lang='lat' dir='ltr'><strong>his·</strong></span> 
     </span>
     <span class='ocr_line' id='line_1_12' title="bbox 71 1174 1283 1270; baseline -0.002 -24"><span class='ocrx_word' id='word_1_112' title='bbox 71 1174 281 1260; x_wconf 74' lang='lat' dir='ltr'><strong>oralionibns,</strong></span> <span class='ocrx_word' id='word_1_113' title='bbox 299 1186 410 1266; x_wconf 85' lang='lat' dir='ltr'><strong>quibus</strong></span> <span class='ocrx_word' id='word_1_114' title='bbox 428 1193 482 1248; x_wconf 86' lang='lat' dir='ltr'><strong>vos</strong></span> <span class='ocrx_word' id='word_1_115' title='bbox 501 1187 621 1268; x_wconf 83' lang='lat' dir='ltr'><strong>decepit</strong></span> <span class='ocrx_word' id='word_1_116' title='bbox 632 1186 830 1262; x_wconf 80' lang='lat' dir='ltr'><strong>Androtion,</strong></span> <span class='ocrx_word' id='word_1_117' title='bbox 847 1188 1092 1270; x_wconf 88' lang='lat' dir='ltr'><strong>praetermittam.</strong></span> <span class='ocrx_word' id='word_1_118' title='bbox 1118 1186 1179 1246; x_wconf 88' lang='lat' dir='ltr'><strong>Sed</strong></span> <span class='ocrx_word' id='word_1_119' title='bbox 1196 1185 1245 1244; x_wconf 87' lang='lat' dir='ltr'><strong>so·</strong></span> <span class='ocrx_word' id='word_1_120' title='bbox 1277 1225 1283 1236; x_wconf 65' lang='lat'><strong>.,</strong></span> 
     </span>
    </p>

    <p class='ocr_par' dir='ltr' id='par_1_4' title="bbox 31 1271 1244 1367">
     <span class='ocr_line' id='line_1_13' title="bbox 31 1271 1244 1367; baseline 0 -37"><span class='ocrx_word' id='word_1_121' title='bbox 31 1273 34 1287; x_wconf 79' lang='lat'><strong>¹</strong></span> <span class='ocrx_word' id='word_1_122' title='bbox 70 1272 112 1331; x_wconf 87' lang='lat' dir='ltr'><strong>lia</strong></span> <span class='ocrx_word' id='word_1_123' title='bbox 139 1286 322 1333; x_wconf 85' lang='lat' dir='ltr'><strong>coronarum</strong></span> <span class='ocrx_word' id='word_1_124' title='bbox 346 1272 426 1334; x_wconf 78' lang='lat' dir='ltr'><strong>llura</strong></span> <span class='ocrx_word' id='word_1_125' title='bbox 451 1292 516 1332; x_wconf 87' lang='lat' dir='ltr'><strong>esse</strong></span> <span class='ocrx_word' id='word_1_126' title='bbox 542 1284 573 1332; x_wconf 91' lang='lat' dir='ltr'><strong>et</strong></span> <span class='ocrx_word' id='word_1_127' title='bbox 595 1285 744 1333; x_wconf 90' lang='lat' dir='ltr'><strong>vetustate</strong></span> <span class='ocrx_word' id='word_1_128' title='bbox 761 1274 928 1358; x_wconf 83' lang='lat' dir='ltr'><strong>putrefacta</strong></span> <span class='ocrx_word' id='word_1_129' title='bbox 945 1273 1039 1367; x_wconf 82' lang='lat' dir='ltr'><strong>dixit,</strong></span> <span class='ocrx_word' id='word_1_130' title='bbox 1067 1271 1244 1354; x_wconf 78' lang='lat' dir='ltr'><strong>quasivero</strong></span> 
     </span>
    </p>

    <p class='ocr_par' dir='ltr' id='par_1_5' title="bbox 44 1346 1319 1950">
     <span class='ocr_line' id='line_1_14' title="bbox 44 1346 1297 1460; baseline -0.002 -42"><span class='ocrx_word' id='word_1_131' title='bbox 44 1350 208 1418; x_wconf 78' lang='lat' dir='ltr'><strong>³·violacea</strong></span> <span class='ocrx_word' id='word_1_132' title='bbox 226 1357 277 1417; x_wconf 91' lang='lat' dir='ltr'><strong>illa</strong></span> <span class='ocrx_word' id='word_1_133' title='bbox 296 1371 397 1418; x_wconf 83' lang='lat' dir='ltr'><strong>essent</strong></span> <span class='ocrx_word' id='word_1_134' title='bbox 414 1371 467 1418; x_wconf 93' lang='lat' dir='ltr'><strong>aut</strong></span> <span class='ocrx_word' id='word_1_135' title='bbox 482 1362 619 1430; x_wconf 86' lang='lat' dir='ltr'><strong>rosacea,</strong></span> <span class='ocrx_word' id='word_1_136' title='bbox 642 1379 707 1417; x_wconf 89' lang='lat' dir='ltr'><strong>non</strong></span> <span class='ocrx_word' id='word_1_137' title='bbox 725 1378 835 1419; x_wconf 89' lang='lat' dir='ltr'><strong>aurea.</strong></span> <span class='ocrx_word' id='word_1_138' title='bbox 854 1346 1003 1439; x_wconf 78' lang='lat' dir='ltr'><strong>vobisque</strong></span> <span class='ocrx_word' id='word_1_139' title='bbox 1009 1356 1188 1460; x_wconf 81' lang='lat' dir='ltr'><strong>persuasit,</strong></span> <span class='ocrx_word' id='word_1_140' title='bbox 1208 1368 1245 1416; x_wconf 88' lang='lat' dir='ltr'><strong>ut</strong></span> <span class='ocrx_word' id='word_1_141' title='bbox 1291 1368 1297 1384; x_wconf 69' lang='lat'><strong>.</strong></span> 
     </span>
     <span class='ocr_line' id='line_1_15' title="bbox 71 1441 1245 1519; baseline -0.002 -17"><span class='ocrx_word' id='word_1_142' title='bbox 71 1463 123 1503; x_wconf 85' lang='lat' dir='ltr'><strong>eas</strong></span> <span class='ocrx_word' id='word_1_143' title='bbox 150 1441 332 1503; x_wconf 85' lang='lat' dir='ltr'><strong>conflaretis</strong></span> <span class='ocrx_word' id='word_1_144' title='bbox 375 1443 425 1502; x_wconf 90' lang='lat' dir='ltr'><strong>Eo</strong></span> <span class='ocrx_word' id='word_1_145' title='bbox 427 1463 566 1507; x_wconf 90' lang='lat' dir='ltr'><strong>munere</strong></span> <span class='ocrx_word' id='word_1_146' title='bbox 585 1442 643 1502; x_wconf 89' lang='lat' dir='ltr'><strong>sibi</strong></span> <span class='ocrx_word' id='word_1_147' title='bbox 661 1444 827 1519; x_wconf 90' lang='lat' dir='ltr'><strong>credito,</strong></span> <span class='ocrx_word' id='word_1_148' title='bbox 818 1458 910 1506; x_wconf 78' lang='lat' dir='ltr'><strong>ustum</strong></span> <span class='ocrx_word' id='word_1_149' title='bbox 934 1445 1070 1505; x_wconf 88' lang='lat' dir='ltr'><strong>omnium</strong></span> <span class='ocrx_word' id='word_1_150' title='bbox 1095 1442 1245 1504; x_wconf 87' lang='lat' dir='ltr'><strong>scelerum</strong></span> 
     </span>
     <span class='ocr_line' id='line_1_16' title="bbox 70 1520 1319 1621; baseline 0.001 -34"><span class='ocrx_word' id='word_1_151' title='bbox 70 1527 191 1588; x_wconf 88' lang='lat' dir='ltr'><strong>socium</strong></span> <span class='ocrx_word' id='word_1_152' title='bbox 210 1527 269 1588; x_wconf 90' lang='lat' dir='ltr'><strong>sihi</strong></span> <span class='ocrx_word' id='word_1_153' title='bbox 287 1528 397 1610; x_wconf 81' lang='lat' dir='ltr'><strong>allegit</strong></span> <span class='ocrx_word' id='word_1_154' title='bbox 432 1528 478 1588; x_wconf 90' lang='lat' dir='ltr'><strong>Ac</strong></span> <span class='ocrx_word' id='word_1_155' title='bbox 502 1541 607 1609; x_wconf 89' lang='lat' dir='ltr'><strong>postea</strong></span> <span class='ocrx_word' id='word_1_156' title='bbox 625 1528 658 1587; x_wconf 91' lang='lat' dir='ltr'><strong>in</strong></span> <span class='ocrx_word' id='word_1_157' title='bbox 677 1520 832 1611; x_wconf 82' lang='lat' dir='ltr'><strong>exigendis</strong></span> <span class='ocrx_word' id='word_1_158' title='bbox 850 1531 983 1590; x_wconf 83' lang='lat' dir='ltr'><strong>tributis</strong></span> <span class='ocrx_word' id='word_1_159' title='bbox 973 1542 1134 1621; x_wconf 89' lang='lat' dir='ltr'><strong>oportere</strong></span> <span class='ocrx_word' id='word_1_160' title='bbox 1153 1527 1244 1586; x_wconf 89' lang='lat' dir='ltr'><strong>mini·</strong></span> <span class='ocrx_word' id='word_1_161' title='bbox 1267 1528 1319 1588; x_wconf 85' lang='grc'><strong>48(</strong></span> 
     </span>
     <span class='ocr_line' id='line_1_17' title="bbox 69 1611 1245 1713; baseline 0 -41"><span class='ocrx_word' id='word_1_162' title='bbox 69 1626 170 1672; x_wconf 89' lang='lat' dir='ltr'><strong>strum</strong></span> <span class='ocrx_word' id='word_1_163' title='bbox 187 1612 345 1713; x_wconf 59' lang='lat' dir='ltr'><strong>publicium</strong></span> <span class='ocrx_word' id='word_1_164' title='bbox 364 1615 468 1673; x_wconf 87' lang='lat' dir='ltr'><strong>adesse</strong></span> <span class='ocrx_word' id='word_1_165' title='bbox 487 1613 606 1674; x_wconf 88' lang='lat' dir='ltr'><strong>censuit</strong></span> <span class='ocrx_word' id='word_1_166' title='bbox 628 1614 665 1673; x_wconf 90' lang='lat' dir='ltr'><strong>ad</strong></span> <span class='ocrx_word' id='word_1_167' title='bbox 688 1614 909 1690; x_wconf 83' lang='lat' dir='ltr'><strong>abstinentiam</strong></span> <span class='ocrx_word' id='word_1_168' title='bbox 919 1611 1003 1674; x_wconf 82' lang='lat' dir='ltr'><strong>suain</strong></span> <span class='ocrx_word' id='word_1_169' title='bbox 1022 1613 1245 1688; x_wconf 83' lang='lat' dir='ltr'><strong>ostentandam,</strong></span> 
     </span>
     <span class='ocr_line' id='line_1_18' title="bbox 72 1687 1244 1781; baseline -0.003 -23"><span class='ocrx_word' id='word_1_170' title='bbox 72 1718 144 1758; x_wconf 84' lang='lat' dir='ltr'><strong>cum</strong></span> <span class='ocrx_word' id='word_1_171' title='bbox 168 1698 379 1778; x_wconf 88' lang='lat' dir='ltr'><strong>unusquisque</strong></span> <span class='ocrx_word' id='word_1_172' title='bbox 405 1698 544 1772; x_wconf 89' lang='lat' dir='ltr'><strong>illorum,</strong></span> <span class='ocrx_word' id='word_1_173' title='bbox 571 1718 625 1778; x_wconf 86' lang='lat' dir='ltr'><strong>qur</strong></span> <span class='ocrx_word' id='word_1_174' title='bbox 616 1698 757 1780; x_wconf 77' lang='lat' dir='ltr'><strong>&#39;tributa</strong></span> <span class='ocrx_word' id='word_1_175' title='bbox 772 1687 997 1781; x_wconf 86' lang='lat' dir='ltr'><strong>pependerant,</strong></span> <span class='ocrx_word' id='word_1_176' title='bbox 1023 1698 1115 1759; x_wconf 86' lang='lat' dir='ltr'><strong>sibi</strong></span> <span class='ocrx_word' id='word_1_177' title='bbox 1105 1718 1170 1777; x_wconf 83' lang='lat' dir='ltr'><strong>rpse</strong></span> <span class='ocrx_word' id='word_1_178' title='bbox 1194 1718 1244 1756; x_wconf 91' lang='lat' dir='ltr'><strong>re-</strong></span> 
     </span>
     <span class='ocr_line' id='line_1_19' title="bbox 76 1771 1282 1869; baseline 0 -27"><span class='ocrx_word' id='word_1_179' title='bbox 76 1771 211 1864; x_wconf 84' lang='lat' dir='ltr'><strong>scriptor</strong></span> <span class='ocrx_word' id='word_1_180' title='bbox 223 1783 356 1844; x_wconf 71' lang='lat' dir='ltr'><strong>fisurus</strong></span> <span class='ocrx_word' id='word_1_181' title='bbox 363 1796 457 1844; x_wconf 88' lang='lat' dir='ltr'><strong>esset:</strong></span> <span class='ocrx_word' id='word_1_182' title='bbox 476 1783 507 1843; x_wconf 93' lang='lat' dir='ltr'><strong>in</strong></span> <span class='ocrx_word' id='word_1_183' title='bbox 526 1783 648 1843; x_wconf 90' lang='lat' dir='ltr'><strong>coronis</strong></span> <span class='ocrx_word' id='word_1_184' title='bbox 666 1772 778 1859; x_wconf 82' lang='lat' dir='ltr'><strong>autem,</strong></span> <span class='ocrx_word' id='word_1_185' title='bbox 797 1806 871 1865; x_wconf 89' lang='lat' dir='ltr'><strong>quas</strong></span> <span class='ocrx_word' id='word_1_186' title='bbox 890 1783 1079 1869; x_wconf 86' lang='lat' dir='ltr'><strong>concidebat,</strong></span> <span class='ocrx_word' id='word_1_187' title='bbox 1096 1781 1206 1843; x_wconf 88' lang='lat' dir='ltr'><strong>idem</strong></span> <span class='ocrx_word' id='word_1_188' title='bbox 1197 1803 1244 1842; x_wconf 88' lang='lat' dir='ltr'><strong>rus</strong></span> <span class='ocrx_word' id='word_1_189' title='bbox 1280 1798 1282 1803; x_wconf 76' lang='grc'>’</span> 
     </span>
     <span class='ocr_line' id='line_1_20' title="bbox 76 1866 1245 1969; baseline 0 -42"><span class='ocrx_word' id='word_1_190' title='bbox 76 1886 144 1929; x_wconf 87' lang='grc' dir='ltr'>ιιοιι</span> <span class='ocrx_word' id='word_1_191' title='bbox 160 1867 308 1969; x_wconf 80' lang='lat' dir='ltr'><strong>adhibuit,</strong></span> <span class='ocrx_word' id='word_1_192' title='bbox 329 1870 408 1928; x_wconf 85' lang='lat' dir='ltr'><strong>sed</strong></span> <span class='ocrx_word' id='word_1_193' title='bbox 400 1890 464 1950; x_wconf 86' lang='lat' dir='ltr'><strong>rpse</strong></span> <span class='ocrx_word' id='word_1_194' title='bbox 483 1881 597 1949; x_wconf 74' lang='lat' dir='ltr'><strong>quator,</strong></span> <span class='ocrx_word' id='word_1_195' title='bbox 609 1868 744 1947; x_wconf 78' lang='lat' dir='ltr'><strong>aurifex,</strong></span> <span class='ocrx_word' id='word_1_196' title='bbox 763 1870 1105 1950; x_wconf 54' lang='lat' dir='ltr'><strong>quaestor,„rescriptor</strong></span> <span class='ocrx_word' id='word_1_197' title='bbox 1122 1866 1245 1927; x_wconf 86' lang='lat' dir='ltr'><strong>exstitit.</strong></span> 
     </span>
    </p>

    <p class='ocr_par' dir='ltr' id='par_1_6' title="bbox 47 1942 1275 2205">
     <span class='ocr_line' id='line_1_21' title="bbox 47 1942 1273 2036; baseline -0.001 -24"><span class='ocrx_word' id='word_1_198' title='bbox 47 2006 51 2012; x_wconf 88' lang='lat'><strong>.</strong></span> <span class='ocrx_word' id='word_1_199' title='bbox 74 1950 281 2014; x_wconf 81' lang='lat' dir='ltr'><strong>Enimvero</strong></span> <span class='ocrx_word' id='word_1_200' title='bbox 256 1977 285 2013; x_wconf 80' lang='grc' dir='ltr'><strong>ιι</strong></span> <span class='ocrx_word' id='word_1_201' title='bbox 300 1953 500 2034; x_wconf 86' lang='lat' dir='ltr'><strong>postulasses,</strong></span> <span class='ocrx_word' id='word_1_202' title='bbox 534 1967 571 2014; x_wconf 91' lang='lat' dir='ltr'><strong>ut</strong></span> <span class='ocrx_word' id='word_1_203' title='bbox 585 1942 651 2014; x_wconf 89' lang='lat' dir='ltr'><strong>tibi</strong></span> <span class='ocrx_word' id='word_1_204' title='bbox 671 1954 714 2013; x_wconf 91' lang='lat' dir='ltr'><strong>de</strong></span> <span class='ocrx_word' id='word_1_205' title='bbox 726 1955 871 2015; x_wconf 87' lang='lat' dir='ltr'><strong>omnibns</strong></span> <span class='ocrx_word' id='word_1_206' title='bbox 886 1955 1024 2036; x_wconf 90' lang='lat' dir='ltr'><strong>publicis</strong></span> <span class='ocrx_word' id='word_1_207' title='bbox 1034 1951 1243 2015; x_wconf 79' lang='lat' dir='ltr'><strong>functionibus</strong></span> <span class='ocrx_word' id='word_1_208' title='bbox 1269 2020 1273 2027; x_wconf 79' lang='lat'><strong>.</strong></span> 
     </span>
     <span class='ocr_line' id='line_1_22' title="bbox 72 2037 1275 2121; baseline 0 -25"><span class='ocrx_word' id='word_1_209' title='bbox 72 2038 152 2097; x_wconf 83' lang='lat' dir='ltr'><strong>fides</strong></span> <span class='ocrx_word' id='word_1_210' title='bbox 163 2037 343 2112; x_wconf 73' lang='lat' dir='ltr'><strong>baberetur,</strong></span> <span class='ocrx_word' id='word_1_211' title='bbox 360 2051 412 2099; x_wconf 90' lang='lat' dir='ltr'><strong>tua</strong></span> <span class='ocrx_word' id='word_1_212' title='bbox 429 2038 573 2100; x_wconf 84' lang='lat' dir='ltr'><strong>furacitas</strong></span> <span class='ocrx_word' id='word_1_213' title='bbox 588 2058 651 2099; x_wconf 81' lang='lat' dir='ltr'><strong>non</strong></span> <span class='ocrx_word' id='word_1_214' title='bbox 670 2039 795 2119; x_wconf 89' lang='lat' dir='ltr'><strong>perinde</strong></span> <span class='ocrx_word' id='word_1_215' title='bbox 813 2039 1125 2121; x_wconf 84' lang='lat' dir='ltr'><strong>suisset-deprehensa</strong></span> <span class='ocrx_word' id='word_1_216' title='bbox 1137 2060 1151 2098; x_wconf 76' lang='lat' dir='ltr'><strong>a</strong></span> <span class='ocrx_word' id='word_1_217' title='bbox 1162 2054 1245 2097; x_wconf 87' lang='lat' dir='ltr'><strong>nunc</strong></span> <span class='ocrx_word' id='word_1_218' title='bbox 1272 2054 1275 2060; x_wconf 77' lang='grc'>’</span> 
     </span>
     <span class='ocr_line' id='line_1_23' title="bbox 70 2121 1250 2225; baseline 0 -43"><span class='ocrx_word' id='word_1_219' title='bbox 70 2122 284 2213; x_wconf 41' lang='lat' dir='ltr'><strong>invexigendis</strong></span> <span class='ocrx_word' id='word_1_220' title='bbox 302 2124 442 2200; x_wconf 89' lang='lat' dir='ltr'><strong>tributis,</strong></span> <span class='ocrx_word' id='word_1_221' title='bbox 466 2125 497 2184; x_wconf 94' lang='lat' dir='ltr'><strong>id</strong></span> <span class='ocrx_word' id='word_1_222' title='bbox 517 2125 599 2224; x_wconf 87' lang='lat' dir='ltr'><strong>quod</strong></span> <span class='ocrx_word' id='word_1_223' title='bbox 617 2146 750 2225; x_wconf 78' lang='lat' dir='ltr'><strong>aequum</strong></span> <span class='ocrx_word' id='word_1_224' title='bbox 766 2125 841 2198; x_wconf 83' lang='lat' dir='ltr'><strong>fuit,</strong></span> <span class='ocrx_word' id='word_1_225' title='bbox 860 2125 1022 2201; x_wconf 83' lang='lat' dir='ltr'><strong>definiisti,</strong></span> <span class='ocrx_word' id='word_1_226' title='bbox 1047 2121 1250 2185; x_wconf 69' lang='lat' dir='ltr'><strong>nonhabet--</strong></span> 
     </span>
    </p>

    <p class='ocr_par' dir='ltr' id='par_1_7' title="bbox 44 2205 1312 2546">
     <span class='ocr_line' id='line_1_24' title="bbox 44 2205 1244 2292; baseline 0 -25"><span class='ocrx_word' id='word_1_227' title='bbox 44 2272 48 2284; x_wconf 35' lang='lat'><strong><em>¹</em></strong></span> <span class='ocrx_word' id='word_1_228' title='bbox 72 2205 158 2267; x_wconf 83' lang='lat' dir='ltr'><strong>dam</strong></span> <span class='ocrx_word' id='word_1_229' title='bbox 165 2227 231 2269; x_wconf 85' lang='lat' dir='ltr'><strong>esse</strong></span> <span class='ocrx_word' id='word_1_230' title='bbox 245 2208 306 2274; x_wconf 82' lang='lat' dir='ltr'><strong>tibi</strong></span> <span class='ocrx_word' id='word_1_231' title='bbox 332 2209 423 2270; x_wconf 88' lang='lat' dir='ltr'><strong>fidem</strong></span> <span class='ocrx_word' id='word_1_232' title='bbox 441 2231 458 2270; x_wconf 84' lang='lat' dir='ltr'><strong>a</strong></span> <span class='ocrx_word' id='word_1_233' title='bbox 476 2209 612 2283; x_wconf 84' lang='lat' dir='ltr'><strong>civitate,</strong></span> <span class='ocrx_word' id='word_1_234' title='bbox 638 2211 692 2270; x_wconf 88' lang='lat' dir='ltr'><strong>sed</strong></span> <span class='ocrx_word' id='word_1_235' title='bbox 711 2210 856 2275; x_wconf 90' lang='lat' dir='ltr'><strong>ministris</strong></span> <span class='ocrx_word' id='word_1_236' title='bbox 881 2211 1019 2292; x_wconf 89' lang='lat' dir='ltr'><strong>puhlicis.</strong></span> <span class='ocrx_word' id='word_1_237' title='bbox 1047 2206 1123 2270; x_wconf 86' lang='lat' dir='ltr'><strong>Cum</strong></span> <span class='ocrx_word' id='word_1_238' title='bbox 1139 2217 1244 2268; x_wconf 87' lang='lat' dir='ltr'><strong>autem</strong></span> 
     </span>
     <span class='ocr_line' id='line_1_25' title="bbox 70 2293 1290 2391; baseline 0.001 -39"><span class='ocrx_word' id='word_1_239' title='bbox 70 2293 158 2353; x_wconf 90' lang='lat' dir='ltr'><strong>aliud</strong></span> <span class='ocrx_word' id='word_1_240' title='bbox 177 2293 331 2375; x_wconf 89' lang='lat' dir='ltr'><strong>quippiam</strong></span> <span class='ocrx_word' id='word_1_241' title='bbox 349 2296 430 2377; x_wconf 81' lang='lat' dir='ltr'><strong>agis,</strong></span> <span class='ocrx_word' id='word_1_242' title='bbox 457 2317 525 2355; x_wconf 88' lang='lat' dir='ltr'><strong>cum</strong></span> <span class='ocrx_word' id='word_1_243' title='bbox 542 2315 591 2356; x_wconf 89' lang='lat' dir='ltr'><strong>res</strong></span> <span class='ocrx_word' id='word_1_244' title='bbox 610 2317 707 2356; x_wconf 87' lang='lat' dir='ltr'><strong>sacras</strong></span> <span class='ocrx_word' id='word_1_245' title='bbox 726 2317 917 2369; x_wconf 89' lang='lat' dir='ltr'><strong>commoves,</strong></span> <span class='ocrx_word' id='word_1_246' title='bbox 935 2318 1063 2374; x_wconf 89' lang='lat' dir='ltr'><strong>quarum</strong></span> <span class='ocrx_word' id='word_1_247' title='bbox 1076 2294 1244 2391; x_wconf 77' lang='lat' dir='ltr'><strong>pleraeque</strong></span> <span class='ocrx_word' id='word_1_248' title='bbox 1265 2337 1269 2341; x_wconf 89' lang='lat'><em>-</em></span> <span class='ocrx_word' id='word_1_249' title='bbox 1288 2350 1290 2353; x_wconf 86' lang='lat'><strong>.</strong></span> 
     </span>
     <span class='ocr_line' id='line_1_26' title="bbox 70 2375 1244 2457; baseline -0.003 -19"><span class='ocrx_word' id='word_1_250' title='bbox 70 2399 132 2438; x_wconf 89' lang='lat' dir='ltr'><strong>nec</strong></span> <span class='ocrx_word' id='word_1_251' title='bbox 150 2391 248 2438; x_wconf 85' lang='lat' dir='ltr'><strong>aetate</strong></span> <span class='ocrx_word' id='word_1_252' title='bbox 265 2392 369 2439; x_wconf 89' lang='lat' dir='ltr'><strong>nostra</strong></span> <span class='ocrx_word' id='word_1_253' title='bbox 388 2393 579 2440; x_wconf 89' lang='lat' dir='ltr'><strong>consecratae</strong></span> <span class='ocrx_word' id='word_1_254' title='bbox 598 2393 677 2452; x_wconf 87' lang='lat' dir='ltr'><strong>sunt,</strong></span> <span class='ocrx_word' id='word_1_255' title='bbox 697 2381 884 2456; x_wconf 87' lang='lat' dir='ltr'><strong>eandemque</strong></span> <span class='ocrx_word' id='word_1_256' title='bbox 902 2377 1085 2451; x_wconf 87' lang='lat' dir='ltr'><strong>cautionem,</strong></span> <span class='ocrx_word' id='word_1_257' title='bbox 1104 2397 1193 2457; x_wconf 86' lang='lat' dir='ltr'><strong>quam</strong></span> <span class='ocrx_word' id='word_1_258' title='bbox 1211 2375 1244 2435; x_wconf 92' lang='lat' dir='ltr'><strong>in</strong></span> 
     </span>
     <span class='ocr_line' id='line_1_27' title="bbox 71 2462 1312 2546; baseline -0.004 -22"><span class='ocrx_word' id='word_1_259' title='bbox 71 2463 219 2526; x_wconf 82' lang='lat' dir='ltr'><strong>tributis</strong></span> <span class='ocrx_word' id='word_1_260' title='bbox 214 2464 381 2546; x_wconf 47' lang='lat' dir='ltr'><strong>orcigendis</strong></span> <span class='ocrx_word' id='word_1_261' title='bbox 408 2463 588 2538; x_wconf 79' lang='lat' dir='ltr'><strong>adhibuisti,</strong></span> <span class='ocrx_word' id='word_1_262' title='bbox 617 2484 682 2523; x_wconf 91' lang='lat' dir='ltr'><strong>non</strong></span> <span class='ocrx_word' id='word_1_263' title='bbox 707 2462 866 2535; x_wconf 86' lang='lat' dir='ltr'><strong>adscribis:</strong></span> <span class='ocrx_word' id='word_1_264' title='bbox 902 2482 1006 2522; x_wconf 87' lang='lat' dir='ltr'><strong>nonne</strong></span> <span class='ocrx_word' id='word_1_265' title='bbox 1031 2462 1090 2520; x_wconf 76' lang='lat' dir='ltr'><strong>iam</strong></span> <span class='ocrx_word' id='word_1_266' title='bbox 1117 2472 1247 2536; x_wconf 79' lang='lat' dir='ltr'><strong>constat,</strong></span> <span class='ocrx_word' id='word_1_267' title='bbox 1309 2491 1312 2495; x_wconf 95' lang='lat'>·</span> 
     </span>
    </p>

    <p class='ocr_par' dir='ltr' id='par_1_8' title="bbox 31 2538 1265 2971">
     <span class='ocr_line' id='line_1_28' title="bbox 31 2538 1246 2648; baseline -0.002 -40"><span class='ocrx_word' id='word_1_268' title='bbox 31 2555 35 2558; x_wconf 85' lang='grc'><strong>’</strong></span> <span class='ocrx_word' id='word_1_269' title='bbox 72 2547 275 2643; x_wconf 87' lang='lat' dir='ltr'><strong>quamohrem</strong></span> <span class='ocrx_word' id='word_1_270' title='bbox 289 2548 330 2608; x_wconf 92' lang='lat' dir='ltr'><strong>id</strong></span> <span class='ocrx_word' id='word_1_271' title='bbox 354 2548 481 2609; x_wconf 82' lang='lat' dir='ltr'><strong>feceris?</strong></span> <span class='ocrx_word' id='word_1_272' title='bbox 505 2549 572 2631; x_wconf 83' lang='lat' dir='ltr'><strong>Ego</strong></span> <span class='ocrx_word' id='word_1_273' title='bbox 592 2549 714 2628; x_wconf 87' lang='lat' dir='ltr'><strong>quidem</strong></span> <span class='ocrx_word' id='word_1_274' title='bbox 733 2548 851 2628; x_wconf 90' lang='lat' dir='ltr'><strong>opinor.</strong></span> <span class='ocrx_word' id='word_1_275' title='bbox 893 2545 1010 2648; x_wconf 81' lang='lat' dir='ltr'><strong>Atqui,</strong></span> <span class='ocrx_word' id='word_1_276' title='bbox 1030 2538 1246 2619; x_wconf 85' lang='lat' dir='ltr'><strong>Athenienses,</strong></span> 
     </span>
     <span class='ocr_line' id='line_1_29' title="bbox 74 2614 1245 2732; baseline -0.004 -38"><span class='ocrx_word' id='word_1_277' title='bbox 74 2614 286 2706; x_wconf 86' lang='lat' dir='ltr'><strong>considerate,</strong></span> <span class='ocrx_word' id='word_1_278' title='bbox 310 2656 399 2714; x_wconf 88' lang='lat' dir='ltr'><strong>quam</strong></span> <span class='ocrx_word' id='word_1_279' title='bbox 418 2634 606 2732; x_wconf 87' lang='lat' dir='ltr'><strong>praeclaris</strong></span> <span class='ocrx_word' id='word_1_280' title='bbox 596 2645 627 2692; x_wconf 94' lang='lat' dir='ltr'><strong>et</strong></span> <span class='ocrx_word' id='word_1_281' title='bbox 645 2635 682 2694; x_wconf 94' lang='lat' dir='ltr'><strong>ad</strong></span> <span class='ocrx_word' id='word_1_282' title='bbox 701 2653 823 2692; x_wconf 90' lang='lat' dir='ltr'><strong>omnem</strong></span> <span class='ocrx_word' id='word_1_283' title='bbox 840 2632 1052 2712; x_wconf 87' lang='lat' dir='ltr'><strong>posteritatem</strong></span> <span class='ocrx_word' id='word_1_284' title='bbox 1067 2628 1245 2690; x_wconf 83' lang='lat' dir='ltr'><strong>honorificis</strong></span> 
     </span>
     <span class='ocr_line' id='line_1_30' title="bbox 74 2712 1265 2818; baseline -0.003 -42"><span class='ocrx_word' id='word_1_285' title='bbox 74 2712 326 2818; x_wconf 85' lang='lat' dir='ltr'><strong>inscriptionibus</strong></span> <span class='ocrx_word' id='word_1_286' title='bbox 344 2719 474 2779; x_wconf 88' lang='lat' dir='ltr'><strong>sublatis</strong></span> <span class='ocrx_word' id='word_1_287' title='bbox 490 2741 579 2798; x_wconf 89' lang='lat' dir='ltr'><strong>qua-m</strong></span> <span class='ocrx_word' id='word_1_288' title='bbox 597 2716 703 2798; x_wconf 90' lang='lat' dir='ltr'><strong>impias</strong></span> <span class='ocrx_word' id='word_1_289' title='bbox 728 2730 759 2777; x_wconf 87' lang='lat' dir='ltr'><strong>et</strong></span> <span class='ocrx_word' id='word_1_290' title='bbox 776 2717 921 2776; x_wconf 86' lang='lat' dir='ltr'><strong>humanas</strong></span> <span class='ocrx_word' id='word_1_291' title='bbox 938 2714 1122 2797; x_wconf 85' lang='lat' dir='ltr'><strong>reposuerit.</strong></span> <span class='ocrx_word' id='word_1_292' title='bbox 1152 2713 1247 2773; x_wconf 85' lang='lat' dir='ltr'><strong>Arbi-</strong></span> <span class='ocrx_word' id='word_1_293' title='bbox 1262 2782 1265 2785; x_wconf 25' lang='lat'><strong><em>¹</em></strong></span> 
     </span>
     <span class='ocr_line' id='line_1_31' title="bbox 76 2798 1247 2880; baseline -0.006 -17"><span class='ocrx_word' id='word_1_294' title='bbox 76 2815 146 2863; x_wconf 83' lang='lat' dir='ltr'><strong>tror</strong></span> <span class='ocrx_word' id='word_1_295' title='bbox 161 2803 260 2878; x_wconf 73' lang='lat' dir='ltr'><strong>miro,</strong></span> <span class='ocrx_word' id='word_1_296' title='bbox 268 2804 355 2864; x_wconf 88' lang='lat' dir='ltr'><strong>scire</strong></span> <span class='ocrx_word' id='word_1_297' title='bbox 362 2824 417 2863; x_wconf 87' lang='lat' dir='ltr'><strong>vos</strong></span> <span class='ocrx_word' id='word_1_298' title='bbox 437 2823 553 2877; x_wconf 85' lang='lat' dir='ltr'><strong>omnes,</strong></span> <span class='ocrx_word' id='word_1_299' title='bbox 570 2803 628 2863; x_wconf 90' lang='lat' dir='ltr'><strong>sub</strong></span> <span class='ocrx_word' id='word_1_300' title='bbox 646 2823 827 2863; x_wconf 89' lang='lat' dir='ltr'><strong>coronarum</strong></span> <span class='ocrx_word' id='word_1_301' title='bbox 842 2801 988 2861; x_wconf 90' lang='lat' dir='ltr'><strong>modiolis</strong></span> <span class='ocrx_word' id='word_1_302' title='bbox 1006 2799 1152 2880; x_wconf 89' lang='lat' dir='ltr'><strong>scriptum</strong></span> <span class='ocrx_word' id='word_1_303' title='bbox 1170 2798 1247 2857; x_wconf 88' lang='lat' dir='ltr'><strong>luis-</strong></span> 
     </span>
     <span class='ocr_line' id='line_1_32' title="bbox 74 2877 1246 2971; baseline -0.006 -22"><span class='ocrx_word' id='word_1_304' title='bbox 74 2908 128 2949; x_wconf 86' lang='lat' dir='ltr'><strong>se·</strong></span> <span class='ocrx_word' id='word_1_305' title='bbox 157 2886 242 2950; x_wconf 88' lang='lat' dir='ltr'><strong>Socii·</strong></span> <span class='ocrx_word' id='word_1_306' title='bbox 250 2890 415 2971; x_wconf 83' lang='lat' dir='ltr'><strong>populum</strong></span> <span class='ocrx_word' id='word_1_307' title='bbox 440 2889 665 2949; x_wconf 84' lang='lat' dir='ltr'><strong>Atheniensem</strong></span> <span class='ocrx_word' id='word_1_308' title='bbox 686 2887 874 2948; x_wconf 84' lang='lat' dir='ltr'><strong>fortitudinis</strong></span> <span class='ocrx_word' id='word_1_309' title='bbox 901 2908 974 2971; x_wconf 84' lang='lat' dir='ltr'><strong>ergo</strong></span> <span class='ocrx_word' id='word_1_310' title='bbox 1002 2877 1189 2946; x_wconf 81' lang='lat' dir='ltr'><strong>coronarunt</strong></span> <span class='ocrx_word' id='word_1_311' title='bbox 1214 2894 1246 2943; x_wconf 86' lang='lat' dir='ltr'><strong>et</strong></span> 
     </span>
    </p>

    <p class='ocr_par' dir='ltr' id='par_1_9' title="bbox 39 2964 1314 3826">
     <span class='ocr_line' id='line_1_33' title="bbox 39 2964 1306 3069; baseline -0.003 -37"><span class='ocrx_word' id='word_1_312' title='bbox 39 3015 44 3026; x_wconf 79' lang='grc'>.</span> <span class='ocrx_word' id='word_1_313' title='bbox 64 2971 219 3048; x_wconf 79' lang='lat' dir='ltr'><strong>iustitiae,</strong></span> <span class='ocrx_word' id='word_1_314' title='bbox 236 2987 304 3034; x_wconf 88' lang='lat' dir='ltr'><strong>aut·</strong></span> <span class='ocrx_word' id='word_1_315' title='bbox 321 2975 405 3034; x_wconf 88' lang='lat' dir='ltr'><strong>Socii</strong></span> <span class='ocrx_word' id='word_1_316' title='bbox 421 2976 602 3056; x_wconf 83' lang='lat' dir='ltr'><strong>praemium</strong></span> <span class='ocrx_word' id='word_1_317' title='bbox 599 2975 664 3035; x_wconf 93' lang='lat' dir='ltr'><strong>hoc</strong></span> <span class='ocrx_word' id='word_1_318' title='bbox 675 2974 828 3035; x_wconf 90' lang='lat' dir='ltr'><strong>Minervae</strong></span> <span class='ocrx_word' id='word_1_319' title='bbox 846 2984 1073 3045; x_wconf 90' lang='lat' dir='ltr'><strong>consecrarunt,</strong></span> <span class='ocrx_word' id='word_1_320' title='bbox 1091 2982 1155 3031; x_wconf 80' lang='grc' dir='ltr'><strong>ιιι</strong></span> <span class='ocrx_word' id='word_1_321' title='bbox 1153 2964 1245 3069; x_wconf 89' lang='lat' dir='ltr'><strong>oppi-</strong></span> <span class='ocrx_word' id='word_1_322' title='bbox 1300 2983 1306 2991; x_wconf 64' lang='lat'><strong>¹</strong></span> 
     </span>
     <span class='ocr_line' id='line_1_34' title="bbox 69 3052 1245 3161; baseline -0.005 -42"><span class='ocrx_word' id='word_1_323' title='bbox 69 3057 193 3119; x_wconf 70' lang='lat' dir='ltr'><strong>datium·</strong></span> <span class='ocrx_word' id='word_1_324' title='bbox 210 3059 252 3117; x_wconf 88' lang='lat' dir='ltr'><strong>Hi</strong></span> <span class='ocrx_word' id='word_1_325' title='bbox 274 3060 323 3119; x_wconf 87' lang='lat' dir='ltr'><strong>vel</strong></span> <span class='ocrx_word' id='word_1_326' title='bbox 346 3060 391 3119; x_wconf 91' lang='lat' dir='ltr'><strong>illi</strong></span> <span class='ocrx_word' id='word_1_327' title='bbox 414 3061 561 3161; x_wconf 88' lang='lat' dir='ltr'><strong>populum</strong></span> <span class='ocrx_word' id='word_1_328' title='bbox 579 3065 782 3133; x_wconf 81' lang='lat' dir='ltr'><strong>coronarunt,</strong></span> <span class='ocrx_word' id='word_1_329' title='bbox 809 3059 919 3120; x_wconf 88' lang='lat' dir='ltr'><strong>servati</strong></span> <span class='ocrx_word' id='word_1_330' title='bbox 941 3081 956 3118; x_wconf 88' lang='lat' dir='ltr'><strong>a</strong></span> <span class='ocrx_word' id='word_1_331' title='bbox 981 3057 1115 3139; x_wconf 82' lang='lat' dir='ltr'><strong>populo,</strong></span> <span class='ocrx_word' id='word_1_332' title='bbox 1135 3052 1245 3127; x_wconf 90' lang='lat' dir='ltr'><strong>veluti,</strong></span> 
     </span>
     <span class='ocr_line' id='line_1_35' title="bbox 72 3133 1276 3243; baseline -0.006 -41"><span class='ocrx_word' id='word_1_333' title='bbox 72 3140 298 3217; x_wconf 81' lang='lat' dir='ltr'><strong>Euboeenses,</strong></span> <span class='ocrx_word' id='word_1_334' title='bbox 320 3145 430 3206; x_wconf 88' lang='lat' dir='ltr'><strong>servati</strong></span> <span class='ocrx_word' id='word_1_335' title='bbox 449 3146 529 3205; x_wconf 90' lang='lat' dir='ltr'><strong>etin</strong></span> <span class='ocrx_word' id='word_1_336' title='bbox 545 3145 717 3206; x_wconf 86' lang='lat' dir='ltr'><strong>libertatem</strong></span> <span class='ocrx_word' id='word_1_337' title='bbox 735 3144 859 3218; x_wconf 81' lang='lat' dir='ltr'><strong>asserti,</strong></span> <span class='ocrx_word' id='word_1_338' title='bbox 887 3141 1074 3243; x_wconf 81' lang='grc' dir='ltr'>ιοιοιιιιιιιιιι</span> <span class='ocrx_word' id='word_1_339' title='bbox 1089 3133 1246 3223; x_wconf 83' lang='lat' dir='ltr'><strong>populum.</strong></span> <span class='ocrx_word' id='word_1_340' title='bbox 1273 3190 1276 3195; x_wconf 90' lang='lat'><strong>.</strong></span> 
     </span>
     <span class='ocr_line' id='line_1_36' title="bbox 73 3216 1294 3312; baseline -0.003 -24"><span class='ocrx_word' id='word_1_341' title='bbox 73 3227 159 3289; x_wconf 80' lang='lat' dir='ltr'><strong>Alibi</strong></span> <span class='ocrx_word' id='word_1_342' title='bbox 184 3228 295 3289; x_wconf 90' lang='lat' dir='ltr'><strong>alicubi</strong></span> <span class='ocrx_word' id='word_1_343' title='bbox 317 3222 500 3312; x_wconf 85' lang='lat' dir='ltr'><strong>adscriptum</strong></span> <span class='ocrx_word' id='word_1_344' title='bbox 525 3231 598 3290; x_wconf 89' lang='lat' dir='ltr'><strong>fuit.</strong></span> <span class='ocrx_word' id='word_1_345' title='bbox 623 3226 735 3293; x_wconf 86' lang='lat' dir='ltr'><strong>Conon</strong></span> <span class='ocrx_word' id='word_1_346' title='bbox 760 3232 797 3289; x_wconf 89' lang='lat' dir='ltr'><strong>de</strong></span> <span class='ocrx_word' id='word_1_347' title='bbox 821 3231 920 3291; x_wconf 83' lang='lat' dir='ltr'><strong>navali</strong></span> <span class='ocrx_word' id='word_1_348' title='bbox 941 3216 1060 3311; x_wconf 89' lang='lat' dir='ltr'><strong>proelio</strong></span> <span class='ocrx_word' id='word_1_349' title='bbox 1077 3225 1246 3287; x_wconf 87' lang='lat' dir='ltr'><strong>Laconico:</strong></span> <span class='ocrx_word' id='word_1_350' title='bbox 1277 3239 1294 3252; x_wconf 76' lang='grc'><strong><em>”</em></strong></span> 
     </span>
     <span class='ocr_line' id='line_1_37' title="bbox 73 3309 1312 3417; baseline -0.003 -43"><span class='ocrx_word' id='word_1_351' title='bbox 73 3309 221 3375; x_wconf 91' lang='lat' dir='ltr'><strong>Chabrias</strong></span> <span class='ocrx_word' id='word_1_352' title='bbox 246 3309 298 3374; x_wconf 83' lang='lat' dir='ltr'><strong>de</strong></span> <span class='ocrx_word' id='word_1_353' title='bbox 308 3317 420 3376; x_wconf 88' lang='lat' dir='ltr'><strong>navali</strong></span> <span class='ocrx_word' id='word_1_354' title='bbox 429 3316 547 3417; x_wconf 84' lang='lat' dir='ltr'><strong>proelio</strong></span> <span class='ocrx_word' id='word_1_355' title='bbox 570 3316 675 3375; x_wconf 86' lang='lat' dir='ltr'><strong>Naxio.</strong></span> <span class='ocrx_word' id='word_1_356' title='bbox 718 3314 798 3392; x_wconf 73' lang='lat' dir='ltr'><strong>Nam¹</strong></span> <span class='ocrx_word' id='word_1_357' title='bbox 817 3316 893 3376; x_wconf 87' lang='lat' dir='ltr'><strong>tales</strong></span> <span class='ocrx_word' id='word_1_358' title='bbox 914 3315 1041 3374; x_wconf 84' lang='lat' dir='ltr'><strong>fuerunt</strong></span> <span class='ocrx_word' id='word_1_359' title='bbox 1064 3325 1247 3374; x_wconf 80' lang='lat' dir='ltr'><strong>coronarum</strong></span> <span class='ocrx_word' id='word_1_360' title='bbox 1303 3376 1312 3386; x_wconf 82' lang='lat'><strong>.</strong></span> 
     </span>
     <span class='ocr_line' id='line_1_38' title="bbox 72 3378 1314 3500; baseline -0.002 -41"><span class='ocrx_word' id='word_1_361' title='bbox 72 3397 298 3500; x_wconf 85' lang='lat' dir='ltr'><strong>inscriptiones.</strong></span> <span class='ocrx_word' id='word_1_362' title='bbox 340 3402 411 3462; x_wconf 85' lang='lat' dir='ltr'><strong>Ea</strong></span> <span class='ocrx_word' id='word_1_363' title='bbox 402 3403 513 3486; x_wconf 80' lang='lat' dir='ltr'><strong>agitur,</strong></span> <span class='ocrx_word' id='word_1_364' title='bbox 536 3423 613 3482; x_wconf 90' lang='lat' dir='ltr'><strong>quae</strong></span> <span class='ocrx_word' id='word_1_365' title='bbox 631 3399 719 3460; x_wconf 89' lang='lat' dir='ltr'><strong>nobis</strong></span> <span class='ocrx_word' id='word_1_366' title='bbox 739 3378 852 3460; x_wconf 81' lang='lat' dir='ltr'><strong>honori</strong></span> <span class='ocrx_word' id='word_1_367' title='bbox 870 3401 985 3460; x_wconf 89' lang='lat' dir='ltr'><strong>dudum</strong></span> <span class='ocrx_word' id='word_1_368' title='bbox 1001 3399 1127 3459; x_wconf 87' lang='lat' dir='ltr'><strong>suerunt</strong></span> <span class='ocrx_word' id='word_1_369' title='bbox 1144 3409 1175 3458; x_wconf 86' lang='lat' dir='ltr'><strong>et</strong></span> <span class='ocrx_word' id='word_1_370' title='bbox 1192 3396 1245 3456; x_wconf 88' lang='lat' dir='ltr'><strong>ad·</strong></span> <span class='ocrx_word' id='word_1_371' title='bbox 1312 3405 1314 3408; x_wconf 80' lang='grc'>’</span> 
     </span>
     <span class='ocr_line' id='line_1_39' title="bbox 70 3478 1245 3585; baseline -0.003 -41"><span class='ocrx_word' id='word_1_372' title='bbox 70 3484 267 3555; x_wconf 79' lang='lat' dir='ltr'><strong>mirationem</strong></span> <span class='ocrx_word' id='word_1_373' title='bbox 286 3496 485 3567; x_wconf 79' lang='lat' dir='ltr'><strong>pepererunt,</strong></span> <span class='ocrx_word' id='word_1_374' title='bbox 504 3486 668 3546; x_wconf 78' lang='lat' dir='ltr'><strong>destructis</strong></span> <span class='ocrx_word' id='word_1_375' title='bbox 684 3484 805 3545; x_wconf 89' lang='lat' dir='ltr'><strong>coronis</strong></span> <span class='ocrx_word' id='word_1_376' title='bbox 823 3497 896 3546; x_wconf 86' lang='lat' dir='ltr'><strong>sunt</strong></span> <span class='ocrx_word' id='word_1_377' title='bbox 912 3484 1040 3545; x_wconf 88' lang='lat' dir='ltr'><strong>abolita·</strong></span> <span class='ocrx_word' id='word_1_378' title='bbox 1062 3478 1172 3585; x_wconf 88' lang='lat' dir='ltr'><strong>phialis</strong></span> <span class='ocrx_word' id='word_1_379' title='bbox 1190 3500 1245 3541; x_wconf 84' lang='lat' dir='ltr'><strong>au-</strong></span> 
     </span>
     <span class='ocr_line' id='line_1_40' title="bbox 70 3560 1245 3670; baseline -0.003 -41"><span class='ocrx_word' id='word_1_380' title='bbox 70 3581 148 3643; x_wconf 83' lang='lat' dir='ltr'><strong>tem,</strong></span> <span class='ocrx_word' id='word_1_381' title='bbox 168 3560 240 3650; x_wconf 81' lang='lat' dir='ltr'><strong>qrias</strong></span> <span class='ocrx_word' id='word_1_382' title='bbox 259 3569 319 3630; x_wconf 88' lang='lat' dir='ltr'><strong>iste</strong></span> <span class='ocrx_word' id='word_1_383' title='bbox 335 3594 433 3655; x_wconf 82' lang='lat' dir='ltr'><strong>ganeo</strong></span> <span class='ocrx_word' id='word_1_384' title='bbox 452 3571 538 3632; x_wconf 90' lang='lat' dir='ltr'><strong>vobis</strong></span> <span class='ocrx_word' id='word_1_385' title='bbox 557 3572 679 3632; x_wconf 90' lang='lat' dir='ltr'><strong>illorum</strong></span> <span class='ocrx_word' id='word_1_386' title='bbox 692 3570 768 3630; x_wconf 92' lang='lat' dir='ltr'><strong>loco</strong></span> <span class='ocrx_word' id='word_1_387' title='bbox 785 3563 968 3652; x_wconf 83' lang='lat' dir='ltr'><strong>procuravit,</strong></span> <span class='ocrx_word' id='word_1_388' title='bbox 986 3569 1166 3670; x_wconf 75' lang='lat' dir='ltr'><strong>inscriptum</strong></span> <span class='ocrx_word' id='word_1_389' title='bbox 1185 3577 1266 3626; x_wconf 92' lang='lat' dir='ltr'><strong>est.</strong></span> 
     </span>
     <span class='ocr_line' id='line_1_41' title="bbox 69 3653 1286 3757; baseline -0.003 -43"><span class='ocrx_word' id='word_1_390' title='bbox 69 3653 270 3715; x_wconf 80' lang='lat' dir='ltr'><strong>Androtione</strong></span> <span class='ocrx_word' id='word_1_391' title='bbox 285 3670 410 3717; x_wconf 84' lang='lat' dir='ltr'><strong>curante</strong></span> <span class='ocrx_word' id='word_1_392' title='bbox 427 3659 523 3717; x_wconf 87' lang='lat' dir='ltr'><strong>sactae</strong></span> <span class='ocrx_word' id='word_1_393' title='bbox 533 3670 622 3732; x_wconf 89' lang='lat' dir='ltr'><strong>sunt,</strong></span> <span class='ocrx_word' id='word_1_394' title='bbox 640 3669 672 3717; x_wconf 92' lang='lat' dir='ltr'><strong>et</strong></span> <span class='ocrx_word' id='word_1_395' title='bbox 690 3656 775 3716; x_wconf 91' lang='lat' dir='ltr'><strong>cuius</strong></span> <span class='ocrx_word' id='word_1_396' title='bbox 795 3674 905 3757; x_wconf 70' lang='lat' dir='ltr'><strong>corpus</strong></span> <span class='ocrx_word' id='word_1_397' title='bbox 923 3654 1035 3756; x_wconf 77' lang='lat' dir='ltr'><strong>stupris</strong></span> <span class='ocrx_word' id='word_1_398' title='bbox 1052 3653 1244 3733; x_wconf 72' lang='lat' dir='ltr'><strong>inquinatum</strong></span> <span class='ocrx_word' id='word_1_399' title='bbox 1280 3698 1286 3704; x_wconf 80' lang='lat'><strong>.</strong></span> 
     </span>
     <span class='ocr_line' id='line_1_42' title="bbox 70 3737 1244 3841; baseline -0.003 -42"><span class='ocrx_word' id='word_1_400' title='bbox 70 3737 199 3823; x_wconf 83' lang='lat' dir='ltr'><strong>ingredi</strong></span> <span class='ocrx_word' id='word_1_401' title='bbox 201 3742 360 3841; x_wconf 89' lang='lat' dir='ltr'><strong>templum</strong></span> <span class='ocrx_word' id='word_1_402' title='bbox 378 3743 461 3834; x_wconf 83' lang='lat' dir='ltr'><strong>leges</strong></span> <span class='ocrx_word' id='word_1_403' title='bbox 480 3755 601 3815; x_wconf 88' lang='lat' dir='ltr'><strong>vetant,</strong></span> <span class='ocrx_word' id='word_1_404' title='bbox 618 3743 683 3802; x_wconf 90' lang='lat' dir='ltr'><strong>eius</strong></span> <span class='ocrx_word' id='word_1_405' title='bbox 701 3761 815 3801; x_wconf 87' lang='lat' dir='ltr'><strong>nornen</strong></span> <span class='ocrx_word' id='word_1_406' title='bbox 833 3742 875 3801; x_wconf 92' lang='lat' dir='ltr'><strong>in</strong></span> <span class='ocrx_word' id='word_1_407' title='bbox 883 3741 974 3802; x_wconf 85' lang='lat' dir='ltr'><strong>‘sacris</strong></span> <span class='ocrx_word' id='word_1_408' title='bbox 993 3739 1176 3838; x_wconf 77' lang='lat' dir='ltr'><strong>templorum</strong></span> <span class='ocrx_word' id='word_1_409' title='bbox 1193 3756 1244 3796; x_wconf 86' lang='lat' dir='ltr'><strong>va-</strong></span> 
     </span>
    </p>

    <p class='ocr_par' dir='ltr' id='par_1_10' title="bbox 62 3819 1319 4426">
     <span class='ocr_line' id='line_1_43' title="bbox 62 3819 1245 3913; baseline -0.004 -28"><span class='ocrx_word' id='word_1_410' title='bbox 62 3824 117 3885; x_wconf 85' lang='lat' dir='ltr'><strong>·sis</strong></span> <span class='ocrx_word' id='word_1_411' title='bbox 137 3837 184 3885; x_wconf 89' lang='lat' dir='ltr'><strong>est</strong></span> <span class='ocrx_word' id='word_1_412' title='bbox 190 3826 385 3913; x_wconf 70' lang='lat' dir='ltr'><strong>inscriptum</strong></span> <span class='ocrx_word' id='word_1_413' title='bbox 427 3828 544 3902; x_wconf 87' lang='lat' dir='ltr'><strong>Quidni</strong></span> <span class='ocrx_word' id='word_1_414' title='bbox 561 3848 635 3888; x_wconf 84' lang='lat' dir='ltr'><strong>vero</strong></span> <span class='ocrx_word' id='word_1_415' title='bbox 653 3826 751 3886; x_wconf 89' lang='lat' dir='ltr'><strong>simile</strong></span> <span class='ocrx_word' id='word_1_416' title='bbox 769 3827 854 3886; x_wconf 91' lang='lat' dir='ltr'><strong>istud</strong></span> <span class='ocrx_word' id='word_1_417' title='bbox 869 3839 950 3888; x_wconf 86' lang='lat' dir='ltr'><strong>esset</strong></span> <span class='ocrx_word' id='word_1_418' title='bbox 966 3822 1148 3886; x_wconf 79' lang='lat' dir='ltr'><strong>veteribus&#39;</strong></span> <span class='ocrx_word' id='word_1_419' title='bbox 1137 3819 1245 3882; x_wconf 79' lang='lat' dir='ltr'><strong>snseri-</strong></span> 
     </span>
     <span class='ocr_line' id='line_1_44' title="bbox 68 3906 1301 4012; baseline -0.003 -42"><span class='ocrx_word' id='word_1_420' title='bbox 68 3906 235 3992; x_wconf 83' lang='lat' dir='ltr'><strong>ptionibus</strong></span> <span class='ocrx_word' id='word_1_421' title='bbox 253 3925 284 3971; x_wconf 91' lang='lat' dir='ltr'><strong>et</strong></span> <span class='ocrx_word' id='word_1_422' title='bbox 294 3933 396 4012; x_wconf 37' lang='lat' dir='ltr'><strong>,aeque</strong></span> <span class='ocrx_word' id='word_1_423' title='bbox 414 3912 620 3981; x_wconf 88' lang='lat' dir='ltr'><strong>honorificum</strong></span> <span class='ocrx_word' id='word_1_424' title='bbox 635 3911 843 3992; x_wconf 81' lang='lat' dir='ltr'><strong>reipublicae?</strong></span> <span class='ocrx_word' id='word_1_425' title='bbox 877 3913 948 3973; x_wconf 87' lang='lat' dir='ltr'><strong>Tria</strong></span> <span class='ocrx_word' id='word_1_426' title='bbox 968 3912 1064 3995; x_wconf 82' lang='lat' dir='ltr'><strong>igitur</strong></span> <span class='ocrx_word' id='word_1_427' title='bbox 1080 3907 1152 3968; x_wconf 85' lang='lat' dir='ltr'><strong>hinc</strong></span> <span class='ocrx_word' id='word_1_428' title='bbox 1170 3928 1244 3968; x_wconf 91' lang='lat' dir='ltr'><strong>con·</strong></span> <span class='ocrx_word' id='word_1_429' title='bbox 1290 3924 1301 3938; x_wconf 71' lang='lat'>²</span> 
     </span>
     <span class='ocr_line' id='line_1_45' title="bbox 69 3991 1244 4078; baseline -0.003 -23"><span class='ocrx_word' id='word_1_430' title='bbox 69 4007 136 4063; x_wconf 81' lang='lat' dir='ltr'><strong>stat</strong></span> <span class='ocrx_word' id='word_1_431' title='bbox 153 4016 206 4055; x_wconf 90' lang='lat' dir='ltr'><strong>eos</strong></span> <span class='ocrx_word' id='word_1_432' title='bbox 222 3997 364 4059; x_wconf 76' lang='lat' dir='ltr'><strong>maxime.-</strong></span> <span class='ocrx_word' id='word_1_433' title='bbox 369 3997 483 4057; x_wconf 85' lang='lat' dir='ltr'><strong>nefaria</strong></span> <span class='ocrx_word' id='word_1_434' title='bbox 504 4010 709 4078; x_wconf 71' lang='lat' dir='ltr'><strong>perpetrasse:</strong></span> <span class='ocrx_word' id='word_1_435' title='bbox 743 4019 813 4056; x_wconf 87' lang='lat' dir='ltr'><strong>nam</strong></span> <span class='ocrx_word' id='word_1_436' title='bbox 840 4011 871 4059; x_wconf 89' lang='lat' dir='ltr'><strong>et</strong></span> <span class='ocrx_word' id='word_1_437' title='bbox 888 3999 975 4058; x_wconf 89' lang='lat' dir='ltr'><strong>deam</strong></span> <span class='ocrx_word' id='word_1_438' title='bbox 993 3994 1115 4056; x_wconf 90' lang='lat' dir='ltr'><strong>coronis</strong></span> <span class='ocrx_word' id='word_1_439' title='bbox 1133 3991 1244 4075; x_wconf 90' lang='lat' dir='ltr'><strong>spolia-</strong></span> 
     </span>
     <span class='ocr_line' id='line_1_46' title="bbox 67 4078 1286 4180; baseline -0.002 -40"><span class='ocrx_word' id='word_1_440' title='bbox 67 4093 164 4156; x_wconf 83' lang='lat' dir='ltr'><strong>runt,</strong></span> <span class='ocrx_word' id='word_1_441' title='bbox 188 4093 219 4160; x_wconf 82' lang='lat' dir='ltr'><strong>et</strong></span> <span class='ocrx_word' id='word_1_442' title='bbox 235 4081 319 4141; x_wconf 86' lang='lat' dir='ltr'><strong>urbis</strong></span> <span class='ocrx_word' id='word_1_443' title='bbox 337 4082 424 4143; x_wconf 82' lang='lat' dir='ltr'><strong>illam</strong></span> <span class='ocrx_word' id='word_1_444' title='bbox 436 4082 608 4143; x_wconf 77' lang='lat' dir='ltr'><strong>sucinorum·</strong></span> <span class='ocrx_word' id='word_1_445' title='bbox 625 4082 832 4143; x_wconf 88' lang='lat' dir='ltr'><strong>celebritatem</strong></span> <span class='ocrx_word' id='word_1_446' title='bbox 849 4095 880 4142; x_wconf 84' lang='lat' dir='ltr'><strong>et</strong></span> <span class='ocrx_word' id='word_1_447' title='bbox 897 4079 1144 4180; x_wconf 88' lang='lat' dir='ltr'><strong>admirationem,</strong></span> <span class='ocrx_word' id='word_1_448' title='bbox 1163 4078 1244 4158; x_wconf 88' lang='lat' dir='ltr'><strong>qira-</strong></span> <span class='ocrx_word' id='word_1_449' title='bbox 1284 4157 1286 4161; x_wconf 18' lang='grc' dir='ltr'>ι</span> 
     </span>
     <span class='ocr_line' id='line_1_47' title="bbox 62 4165 1244 4247; baseline -0.003 -23"><span class='ocrx_word' id='word_1_450' title='bbox 62 4178 144 4225; x_wconf 86' lang='lat' dir='ltr'><strong>rum</strong></span> <span class='ocrx_word' id='word_1_451' title='bbox 162 4178 293 4247; x_wconf 80' lang='lat' dir='ltr'><strong>coronae</strong></span> <span class='ocrx_word' id='word_1_452' title='bbox 311 4166 499 4232; x_wconf 84' lang='lat' dir='ltr'><strong>monimenta</strong></span> <span class='ocrx_word' id='word_1_453' title='bbox 514 4170 651 4244; x_wconf 86' lang='lat' dir='ltr'><strong>fuerant,</strong></span> <span class='ocrx_word' id='word_1_454' title='bbox 675 4168 891 4242; x_wconf 85' lang='lat' dir='ltr'><strong>aboleverunt,</strong></span> <span class='ocrx_word' id='word_1_455' title='bbox 913 4166 1027 4240; x_wconf 90' lang='lat' dir='ltr'><strong>ethis,</strong></span> <span class='ocrx_word' id='word_1_456' title='bbox 1046 4165 1098 4247; x_wconf 85' lang='lat' dir='ltr'><strong>qui</strong></span> <span class='ocrx_word' id='word_1_457' title='bbox 1107 4172 1244 4225; x_wconf 84' lang='lat' dir='ltr'><strong>coronas</strong></span> 
     </span>
     <span class='ocr_line' id='line_1_48' title="bbox 66 4248 1244 4340; baseline -0.003 -29"><span class='ocrx_word' id='word_1_458' title='bbox 66 4248 271 4327; x_wconf 77' lang='lat' dir='ltr'><strong>dedicarent,</strong></span> <span class='ocrx_word' id='word_1_459' title='bbox 293 4267 357 4314; x_wconf 89' lang='lat' dir='ltr'><strong>non</strong></span> <span class='ocrx_word' id='word_1_460' title='bbox 379 4275 500 4336; x_wconf 87' lang='lat' dir='ltr'><strong>parvam</strong></span> <span class='ocrx_word' id='word_1_461' title='bbox 524 4255 652 4340; x_wconf 82' lang='lat' dir='ltr'><strong>gloriam</strong></span> <span class='ocrx_word' id='word_1_462' title='bbox 671 4255 878 4326; x_wconf 85' lang='lat' dir='ltr'><strong>sustulerunt,</strong></span> <span class='ocrx_word' id='word_1_463' title='bbox 905 4272 972 4333; x_wconf 93' lang='lat' dir='ltr'><strong>quo</strong></span> <span class='ocrx_word' id='word_1_464' title='bbox 984 4251 1085 4313; x_wconf 88' lang='lat' dir='ltr'><strong>minus</strong></span> <span class='ocrx_word' id='word_1_465' title='bbox 1103 4258 1244 4330; x_wconf 83' lang='lat' dir='ltr'><strong>accepto-</strong></span> 
     </span>
     <span class='ocr_line' id='line_1_49' title="bbox 62 4330 1319 4469; baseline -0.008 -67"><span class='ocrx_word' id='word_1_466' title='bbox 62 4354 156 4402; x_wconf 86' lang='lat' dir='ltr'><strong>rum</strong></span> <span class='ocrx_word' id='word_1_467' title='bbox 161 4330 383 4456; x_wconf 76' lang='lat' dir='ltr'><strong>beneficiorum</strong></span> <span class='ocrx_word' id='word_1_468' title='bbox 397 4352 549 4406; x_wconf 82' lang='lat' dir='ltr'><strong>memores</strong></span> <span class='ocrx_word' id='word_1_469' title='bbox 567 4354 601 4404; x_wconf 81' lang='lat' dir='ltr'><strong>&#39;ac</strong></span> <span class='ocrx_word' id='word_1_470' title='bbox 614 4341 697 4468; x_wconf 59' lang='lat' dir='ltr'><strong>¹agrati</strong></span> <span class='ocrx_word' id='word_1_471' title='bbox 716 4361 789 4402; x_wconf 86' lang='lat' dir='ltr'><strong>esse</strong></span> <span class='ocrx_word' id='word_1_472' title='bbox 798 4337 966 4445; x_wconf 87' lang='lat' dir='ltr'><strong>videantur.</strong></span> <span class='ocrx_word' id='word_1_473' title='bbox 988 4335 1133 4457; x_wconf 82' lang='lat' dir='ltr'><strong>Quamvis</strong></span> <span class='ocrx_word' id='word_1_474' title='bbox 1150 4334 1247 4469; x_wconf 80' lang='lat' dir='ltr'><strong>igitur</strong></span> <span class='ocrx_word' id='word_1_475' title='bbox 1286 4344 1290 4351; x_wconf 69' lang='lat'>‘</span> <span class='ocrx_word' id='word_1_476' title='bbox 1318 4335 1319 4338; x_wconf 74' lang='grc'>’</span> 
     </span>
    </p>
   </div>
   <div class='ocr_carea' id='block_1_3' title="bbox 0 0 1378 4748">
    <p class='ocr_par' dir='ltr' id='par_1_11' title="bbox 0 0 1378 4748">
     <span class='ocr_line' id='line_1_50' title="bbox 0 0 1378 4748; baseline 0 0"><span class='ocrx_word' id='word_1_477' title='bbox 0 0 1378 4748; x_wconf 95' lang='lat' dir='ltr'><strong> </strong></span> 
     </span>
    </p>
   </div>
  </div>
 </body>
</html>
