2722 4754
84 181 271 268 „sss
240 212 243 217 ,
356 177 359 180 ’
308 126 786 272 ΕΕΕΕΕΕΕΕΕΕΕ
818 154 1011 242 ont-rto

76 404 77 408 η
132 318 203 395 talia
219 344 252 392 et
267 342 350 391 tanta
367 311 443 388 mala
460 322 603 387 fecerint:
630 338 732 390 ΕΕΕΕΕΕ
750 325 791 385 ἰΕΕ
809 322 936 426 insignis
955 314 1062 384 eorum
1079 336 1189 405 stupor
1206 336 1253 383 cst
1271 336 1301 384 et

93 415 355 498 impudentia,
366 425 403 474 ut
420 425 451 472 et
468 411 525 477 iste
544 425 669 512 propter
685 411 772 471 illum
791 430 856 470 esse
875 409 1006 492 impune
1018 410 1120 490 speret
1137 407 1302 484 abiturum,

49 503 110 562 481
135 515 167 565 et
184 501 237 561 ille
254 499 399 574 assideat,
424 518 481 563 nec
498 497 611 576 intueri
629 497 728 576 lucem
745 508 901 595 vereatpr,
927 495 973 555 his
991 494 1082 555 rebus
1100 494 1203 577 gestis.
1247 493 1303 554 Est

90 634 95 643 ,
129 599 236 649 ,ΕΕΕΕΕΕ
258 604 323 644 ΕοΕ
346 584 387 643 ἱΕΕ
410 585 504 647 modo
522 567 709 665 impudens
699 604 731 642 ΕΕ
749 579 878 681 pecunia
894 580 1054 661 rapienda,
1078 581 1132 642 sed
1152 579 1244 640 etiem
1261 577 1304 640 ita

134 666 261 753 stultus,
278 682 314 729 ut
330 670 459 754 ignoret·
469 668 575 768 illud,
579 688 707 733 coronas
725 687 791 727 esse
810 666 938 728 virtutis
946 666 1078 749 signum,
1095 663 1238 747 phialas
1224 684 1302 724 vero

134 769 167 818 et
190 736 300 855 pocula
325 768 357 816 et
382 755 447 816 eius
471 752 590 837 generis
616 747 690 826 alia,
716 751 904 812 divitiarum:
930 764 961 812 et
986 771 1131 836 coronam
1155 749 1306 830 quamvis,

132 839 255 902 tametsi
268 836 380 924 pusilla
397 840 446 914 sit,
464 852 560 920 aeque
578 837 777 899 honorificam
796 857 871 912 esse,
888 842 933 898 ἰΕΕ
929 831 1098 919 magnam:
1119 837 1175 897 sed
1193 835 1304 934 pocula

135 939 188 987 aut
204 945 320 986 acerras
339 916 457 1004 aliaque
475 923 596 1007 generis
615 922 750 985 eiusdem
769 944 860 997 vasa,
872 944 899 983 ss
889 912 1064 1003 permulta
1083 910 1216 994 liserint,
1235 919 1303 1000 opi-

126 1011 261 1072 nionem
277 1010 434 1093 quandam
459 1008 634 1090 opulentiae
657 1007 884 1089 possessoribus
903 1007 1080 1106 conciliare:
1105 1006 1175 1102 sin?
1179 1005 1242 1066 tib-
1231 1004 1303 1064 -mi-

80 1110 93 1135 ··
134 1093 209 1157 nuta
226 1089 429 1176 superbieris,
454 1105 573 1155 tantum
590 1093 713 1168 abesse,
739 1105 776 1160 ut
790 1105 951 1175 propterea
970 1091 1132 1193 quicquam
1150 1069 1303 1151 existima-

73 1202 75 1208 ·
134 1181 214 1242 tioni
231 1193 301 1254 tuae
319 1180 458 1269 accedat,
488 1191 524 1240 ut
541 1177 632 1240 etiam
649 1178 771 1259 ineptus
790 1199 856 1238 esse
873 1176 1010 1239 videaris
1043 1177 1131 1238 lste
1121 1177 1219 1259 agitur
1235 1174 1304 1275 glo-

128 1266 198 1327 riae
215 1264 424 1346 possessiones
442 1263 576 1338 sustulit,
593 1262 789 1344 opulentiae
784 1263 934 1345 reposuit,
951 1262 1081 1323 minutas
1101 1275 1132 1323 et
1148 1260 1267 1323 vobis
1257 1282 1305 1321 m·
1352 1262 1355 1266 ’

135 1350 250 1450 dignaq
284 1348 330 1409 Ac
353 1369 393 1408 ne
417 1348 493 1411 illud
512 1349 636 1430 quidem
661 1348 886 1423 animadvertit,
911 1347 1059 1430 populum
1082 1368 1255 1426 nunquam
1267 1346 1304 1404 de

135 1432 264 1517 pecunia
282 1435 462 1497 cumulanda
479 1435 676 1501 vehementer
692 1434 861 1496 laborasse:
887 1434 925 1494 de
943 1432 1125 1513 acquirenda
1141 1452 1221 1494 vero
1236 1429 1305 1513 glo-

134 1519 180 1581 ria
198 1519 365 1593 sic,utde
383 1520 517 1581 nullane
535 1519 658 1591 aliald
677 1520 761 1600 quod
780 1539 815 1579 ex
833 1538 870 1579 eo
889 1517 1041 1592 cernitur,
1059 1519 1232 1597 quodcum
1250 1515 1304 1582 ali-

66 1611 79 1643 7
136 1606 298 1686 quando
281 1604 443 1673 maximam
469 1605 560 1670 inter
578 1625 683 1667 omnes
714 1603 848 1666 Graecos
875 1603 1036 1685 pecuniam
1063 1603 1227 1678 baberet,
1240 1622 1304 1662 eam

136 1711 259 1751 omnem
278 1680 417 1755 bononis
427 1690 559 1773 augendi
580 1688 716 1753 studio
706 1690 862 1763 ¹tnsumsit,
886 1710 920 1750 ac
936 1687 1059 1770 gloriae
1084 1709 1173 1749 causa
1190 1685 1302 1749 tributa

65 1769 74 1825 Ϊ
127 1775 285 1837 ‘conferre
296 1775 333 1840 de
356 1795 412 1835 suo
430 1775 576 1850 voluit,
569 1795 669 1854 neque
691 1774 796 1850 ullum
811 1765 981 1869 pericolum
1001 1795 1136 1874 unquam
1155 1775 1303 1855 detrecta-

137 1859 210 1921 vit.
211 1848 538 1942 Undepossessiones
560 1859 744 1921 immortales
768 1859 827 1919 sibi
850 1858 1050 1942 comparavit,
1075 1859 1185 1941 partim
1203 1878 1304 1918 rerum

102 1995 104 1999 ,
136 1956 290 2028 gestarum
308 1945 503 2021 memoriam,
529 1945 637 2027 partim
656 1944 870 2019 donariorum,
896 1965 973 2025 quae
990 1957 1117 2025 propter
1134 1945 1201 2004 illas
1219 1941 1304 2004 dedi-
1326 1986 1331 1996 .

138 2042 203 2096 cata
221 2043 295 2091 sunt
300 2031 557 2112 ,praestantiam,
574 2030 738 2112 propylaea
756 2028 848 2117 baec,
865 2030 971 2090 aedem
988 2029 1160 2106 Minervae,
1179 2023 1303 2099 navalia,

63 2194 66 2198 Α
132 2113 290 2196 porticus:
318 2130 384 2175 non
399 2116 541 2177 urceolos
560 2117 637 2178 duos
655 2127 708 2176 aut
720 2135 833 2198 aureos
845 2112 994 2175 caliculos
1014 2128 1147 2198 quatuor
1163 2127 1217 2174 aut
1231 2126 1303 2186 tres,

137 2198 233 2260 librae
250 2201 388 2280 pondere
406 2188 559 2284 singulos,
583 2217 676 2282 qu'os,
701 2195 770 2260 cum
786 2199 889 2265 tibi
860 2222 958 2267 visum
976 2201 1092 2273 luerit,
1109 2200 1212 2261 denuo
1231 2220 1304 2273 con·
1323 2242 1330 2255 ,

69 2345 72 2350 .
138 2282 257 2345 llandos
275 2305 342 2359 esse
358 2287 510 2346 decernes.
527 2287 592 2368 Nec
611 2286 692 2351 enim
710 2285 860 2349 decimas
858 2308 883 2347 Ε
891 2285 1006 2347 civibus
1026 2284 1188 2367 exigendo,
1205 2303 1305 2363 neque

131 2386 193 2440 >ea,
214 2388 290 2446 quae
309 2366 459 2434 hostes
428 2389 475 2428 ers
493 2364 650 2448 imprecati
668 2382 786 2442 essent,
809 2370 988 2453 factitando,
1013 2383 1066 2432 aut
1083 2370 1187 2455 dupla
1193 2369 1305 2431 tributa

82 2513 87 2528 ,
140 2452 350 2531 extorquendo
377 2445 452 2514 bae'e
477 2466 715 2527 consecrarunt,
750 2469 850 2532 neque
876 2455 922 2517 toi
949 2456 1098 2516 similibus
1126 2444 1306 2514 consiliariis

53 2552 56 2559 ’
138 2536 256 2597 utendo
273 2537 490 2616 relnpublicam
508 2550 681 2621 gesserunt:
704 2538 759 2598 sed
777 2537 916 2599 hostibus
928 2539 1128 2621 superandis,
1153 2550 1185 2601 et
1202 2539 1240 2598 iis
1258 2559 1307 2597 re-

140 2618 197 2681 bus
215 2621 372 2703 gerendis,
395 2622 507 2702 quibus
525 2644 583 2685 nec
600 2623 699 2707 opttri
717 2622 843 2684 meliora
858 2602 994 2705 possint,
1019 2639 1110 2705 atque
1128 2623 1210 2685 inter
1228 2624 1307 2684 cives

140 2706 304 2774 concordia
328 2706 501 2767 conciliata
512 2699 742 2772 immortalem
740 2707 788 2769 sui
812 2709 990 2771 memoriam
1015 2711 1221 2789 reliquerunt:
1256 2716 1307 2768 eos'

130 2811 231 2864 uero,
255 2790 310 2870 qui
332 2792 375 2857 ita
399 2791 551 2866 vixerant,
575 2805 611 2854 ut
633 2807 685 2853 tu
692 2792 838 2863 hactenus
863 2794 981 2855 studio
981 2794 1047 2855 tibi
1064 2793 1308 2869 habuisti,toro
1341 2811 1345 2817 ·

82 2949 86 2953 ⁴
139 2875 371 2975 prohibuerunt
389 2881 453 2938 Vos
471 2890 592 2952 autem,
607 2869 857 2951 Atheniensem·
848 2901 880 2939 ΕΕ
900 2899 965 2938 eam
982 2879 1106 2943 addbcti
1125 2876 1199 2940 estis
1217 2891 1259 2938 et·
1256 2877 1307 2937 ·-fa

72 2983 81 2995 ⁸
141 2960 285 3039 cilitatem
304 2975 334 3022 et
349 2961 511 3043 ignaviam,
529 2975 565 3023 ut
582 2962 717 3043 exempla
734 2963 804 3023 talia
822 2985 891 3023 cum
909 2963 1055 3038 habeatis,
1073 2985 1108 3025 ea
1125 2976 1228 3027 tamen
1245 2981 1305 3022 non

76 3095 78 3097 .
112 3100 113 3104 ,
139 3045 313 3120 imitemini,
330 3047 385 3107 sed
402 3047 578 3108 Androtion
595 3047 681 3108 vobis
700 3068 854 3109 sacrorum
871 3069 1011 3110 vasorum
1029 3050 1069 3110 sit
1084 3048 1224 3111 refector.
1241 3049 1305 3113 An·

127 3130 276 3205 'drotiom
294 3132 370 3206 odii
388 3131 595 3197 immortales!
609 3133 650 3193 Et
668 3132 745 3193 hanc
757 3133 851 3217 ulla
841 3133 996 3215 impietate
1013 3134 1071 3195 alia
1088 3133 1238 3194 minorem
1252 3132 1306 3191 du-

142 3214 232 3316 titis?
262 3215 333 3317 Ego
353 3216 437 3277 enim
452 3217 598 3318 arbitror,
615 3217 668 3298 qui
685 3239 782 3278 sacras
795 3219 890 3282 aedes
907 3218 1111 3303 ingrediatur,
1125 3240 1183 3298 qur
1173 3206 1305 3279 mallu-

130 3300 190 3400 ,via
207 3313 239 3370 et
255 3302 402 3373 canistros
420 3302 563 3386 attingat,
589 3303 642 3384 qui
666 3324 754 3362 curae
779 3303 947 3365 divinarum
965 3324 1067 3370 rerum
1085 3302 1210 3384 praesit,
1236 3321 1301 3361 eum
1334 3336 1337 3339 -

62 3405 64 3409 ·
141 3406 208 3463 non
222 3387 315 3447 modo
333 3386 372 3447 ad
396 3401 512 3453 certum
536 3388 655 3488 aliquot
671 3387 794 3448 dierum
810 3401 946 3469 tempus
963 3402 1077 3453 castum
1097 3409 1162 3448 esse
1180 3386 1303 3447 debere:

111 3466 196 3531 ··'sed
218 3490 275 3551 per
295 3493 388 3544 omne
411 3473 542 3555 spatium
559 3474 664 3534 aetatis
688 3471 725 3533 ab
749 3473 921 3533 istiusmodi
944 3473 1061 3536 studiis
1069 3473 1173 3540 fuisse
1197 3491 1306 3552 purum

142 3568 303 3636 oportere,
321 3557 353 3618 in
372 3553 495 3644 quibus
500 3570 629 3621 aetatem
647 3558 705 3617 iste
723 3558 897 3621 consumsit
923 3557 969 3619 Ac
988 3559 1026 3619 de
1042 3557 1091 3618 bis
1111 3557 1236 3637 quidem
1253 3574 1320 3636 per

53 3644 55 3651 “
141 3640 246 3714 otium.
270 3638 348 3704 Cum
361 3664 437 3704 vero
456 3645 494 3705 de
512 3644 578 3721 bis,
596 3663 673 3723 quae
691 3663 747 3723 pro
766 3642 944 3704 defensione
961 3643 1142 3704 Timocratis
1160 3642 1219 3702 iste
1238 3638 1305 3699 alla-

140 3738 227 3801 turus
239 3740 294 3801 est,
307 3726 395 3809 plura
409 3729 498 3790 etiam
503 3729 641 3790 dicenda
654 3727 796 3788 haberem
809 3741 929 3812 praeter
935 3727 1029 3805 baec,
1035 3729 1179 3789 desinam.
1198 3725 1308 3801 Quem,

139 3812 261 3880 tametsi
279 3812 418 3873 inutilem
436 3815 527 3876 vobis
541 3815 618 3874 banc
637 3833 703 3875 esse
720 3789 836 3910 legem,
863 3827 893 3874 et
910 3827 1015 3878 contra
1034 3834 1139 3875 omnes
1158 3809 1271 3894 leges
1261 3831 1308 3868 rn-
1342 3887 1346 3894 μ

141 3896 303 3970 sulcatam,
329 3911 360 3961 et
376 3900 414 3959 ab
430 3899 521 3959 omni
527 3911 624 3992 parte
642 3899 778 3998 iniquam
801 3920 911 3981 negare
929 3920 993 3960 non
1010 3919 1100 3981 posse
1119 3906 1307 3977 compertum

56 3978 123 4038 482
142 3978 257 4055 babeo,
284 3982 384 4044 dicere
401 3997 503 4045 ΕΕΕΕΕΕ
521 3972 629 4058 audio,
654 3983 821 4066 pecuniam
825 3984 912 4045 illam
929 3984 1054 4067 solvisse
1072 3981 1309 4051 Androtionem,

103 4064 322 4127 Glaucetem
360 4083 391 4129 et
416 4069 626 4170 Melanopum.
661 4068 790 4150 proinde
818 4070 954 4129 omnium
989 4068 1180 4150 iniquissime
1206 4086 1307 4127 secum

141 4162 241 4211 actum
259 4151 313 4226 iri,
330 4175 356 4214 sr
347 4153 601 4217 ‘'nibilominus.
592 4175 657 4236 rpse
674 4155 850 4228 damnetur,
868 4176 936 4216 cum
954 4154 999 4215 illi
1015 4154 1146 4216 fecerint
1162 4149 1306 4232 quicquid

138 4241 272 4322 aequum
292 4234 354 4313 est,
372 4259 428 4318 pro
448 4239 558 4319 quibus
577 4262 647 4305 enm
664 4239 771 4299 tulisse
789 4238 888 4323 legem
907 4239 984 4301 banc
1003 4239 1208 4301 criminemur
1234 4233 1315 4313 Mibi

141 4339 213 4379 vero
209 4312 309 4381 nnllo
318 4322 411 4383 modo
425 4327 655 4436 concedendum
664 4345 693 4383 er
683 4323 891 4393 videturboc
901 4324 1058 4455 effugium.
1075 4324 1152 4385 Nam
1160 4345 1188 4384 s1
1178 4319 1309 4390 fatens,
