2722 4754
349 172 910 308 --m-rnimrr'uurn.)
1003 196 1013 279 J
1102 247 1107 250 -
1185 170 1267 274 sa'

64 358 216 451 Eupbraeo
242 365 421 439 accidisset,
447 364 586 448 adeoque
613 365 721 444 misere
750 387 819 424 cum
844 360 895 426 eis
912 354 1082 448 agebatur,
1101 380 1136 429 ut
1160 387 1225 427 non

65 455 142 538 prius
155 451 281 512 auderet
293 451 468 531 quisquam,
483 449 537 510 tali
553 450 731 510 imminente
747 451 836 525 malo,
852 447 959 510 vocent
970 454 1120 531 rumpere,
1135 475 1225 533 quam
1306 517 1311 524 ,

68 542 202 602 murteta
219 536 283 596 acie
300 537 338 594 ad
355 555 456 594 muros
474 535 655 595 accederent
669 535 780 594 hostes.
799 537 877 593 Tum
896 536 1017 597 demum
1032 535 1064 596 hi
1079 538 1224 620 oppidum
1246 558 1282 588 ··,

74 621 280 689 defendebant:
306 621 352 681 illi
370 619 546 701 prodebant
583 619 707 701 Oppido¹
731 619 771 678 ita
796 632 883 700 capto
900 619 1057 702 'flagitiose
1083 637 1115 683 et
1137 625 1224 697 male,

78 711 128 774 ist'r
138 710 278 789 imperant
295 717 327 764 et
343 697 504 788 tyrannide
523 705 700 784 potiuntur:
719 704 772 776 iis,
792 705 843 784 qui
863 698 927 785 tum
947 718 978 765 et
995 709 1174 789 semetipsos
1195 719 1226 767 et

84 795 252 878 Enpbrreum
279 788 483 850 defendebant
508 789 654 868 omnique
677 789 764 870 fungi
790 789 892 848 officio
912 790 1092 870 cupiebant,
1116 793 1225 874 partim
1247 853 1249 861 ,

88 870 178 950 aab,
193 875 303 956 partim
321 874 438 934 occisis.
463 874 640 955 Euphraeus
659 887 759 934 autern
779 861 829 932 illi
848 875 1045 954 semetipsum
1063 876 1241 958 iugulavita'
1262 879 1272 884 ”

89 967 165 1046 reipsa
177 973 320 1032 testatus,
346 980 379 1019 se
404 959 470 1017 iure
496 972 527 1018 et
552 960 670 1039 integre
695 979 750 1039 pro
777 959 894 1018 civibus
911 959 1058 1019 restitisse
1076 961 1224 1041 Philippo.
1256 1005 1263 1021 η,

86 1032 216 1127 Quidniru
239 1044 336 1126 igitur
359 1056 464 1103 causae
490 1044 546 1116 sit,
572 1042 722 1103 miramini
739 1042 882 1115 fortasse,
908 1066 962 1103 cur
980 1056 1011 1102 et
1028 1044 1169 1128 Olynthii
1196 1057 1227 1104 et

86 1132 249 1195 Eretrienses
276 1140 308 1187 et
326 1128 430 1211 Oritae
454 1129 547 1210 magis
567 1128 699 1208 Philippi
726 1127 937 1201 defensoribus
965 1129 1109 1204 laverint,
1127 1124 1226 1210 ¹quam
1314 1164 1324 1173 -

86 1217 154 1280 suis?
183 1214 292 1273 Eadem
311 1230 415 1285 causa,
443 1207 519 1291 qirae
539 1226 570 1273 et
587 1214 666 1292 apud
683 1233 755 1270 vost
790 1213 884 1286 Quod
905 1214 943 1287 ii,
967 1214 1023 1292 'qui
1040 1209 1226 1294 reipublicae

86 1301 233 1364 consultum
251 1296 378 1369 volunt,
401 1318 439 1355 ue
459 1298 583 1375 quidem
600 1298 630 1356 si
644 1297 784 1376 cupiant,
803 1298 963 1377 quicquam
982 1298 1018 1356 ad
1036 1300 1161 1379 gratiam
1179 1300 1225 1358 di:

87 1409 148 1449 cere
167 1382 317 1461 aliquando
343 1393 479 1459 possunt
514 1381 590 1461 Nam
615 1403 662 1439 res
681 1382 763 1460 ipsae
780 1393 820 1439 utv
834 1381 1001 1440 incolumes
1020 1382 1246 1463 sintkproui„

88 1472 273 1533 drudamest:
300 1464 345 1523 illi
363 1462 410 1522 his
428 1465 511 1545 ipsis,
530 1487 606 1544 quae
625 1466 657 1523 in
675 1464 807 1544 Philippi
826 1466 1019 1525 commodum
1038 1481 1141 1549 agunt,
1159 1490 1227 1550 gra·
1288 1467 1291 1471 ’

88 1557 146 1617 tiam
161 1554 266 1615 ineunt
294 1549 455 1628 Tributum
476 1550 614 1610 conferre
633 1548 857 1608 iubebant:·illi
875 1545 970 1608 nihil
986 1550 1099 1611 bellum
1118 1557 1237 1634 geren:

89 1643 146 1701 dum
161 1657 220 1696 esse
238 1633 388 1706 dicebant,
407 1647 438 1711 et
456 1635 654 1699 diffidendum
665 1655 672 1690 ε
685 1622 741 1691 'illi
758 1655 861 1713 pacem
878 1636 1034 1717 agendam,
1053 1628 1151 1696 donec
1169 1638 1226 1696 cir-
1252 1628 1255 1633 ¹
1289 1694 1292 1701 Δ

76 1720 311 1786 commotisunt.
347 1711 472 1778 Caetera
492 1720 600 1779 eodem
618 1719 681 1776 fere
700 1719 791 1778 modo
810 1719 927 1792 onmia,
953 1732 992 1778 ne
1011 1720 1130 1802 singula
1146 1723 1226 1792 rele-

88 1831 142 1870 run
167 1805 261 1865 Alteri
278 1803 373 1886 igitur
391 1823 429 1863 ea·
444 1803 601 1875 dicebant,
627 1824 703 1882 quae
722 1803 941 1883 inpraesentia
959 1805 1158 1866 delectarent:
1184 1806 1226 1865 al-

48 1922 55 1933 *
88 1893 140 1965 teri,
153 1911 223 1970 quae
236 1889 270 1950 ad
287 1887 527 1948 incolumitatem
541 1889 572 1947 in
586 1901 742 1969 posterum
755 1889 944 1963 retinendam
959 1890 1157 1969 pertinerent,
1178 1911 1226 1948 ea·
1255 1889 1257 1895 ’
1311 1920 1315 1925 ·

89 1994 209 2059 φιτ-ωτι]
226 1973 394 2033 oll'ensione
410 1974 578 2033 coniuncta.
615 1972 709 2032 Multa
724 1985 824 2031 autern
841 1972 948 2054 uulgus
966 1973 1056 2031 etiam
1071 1988 1226 2053 postremo

88 2084 138 2123 non
149 2074 204 2120 tam
219 2057 268 2128 vel,
281 2058 395 2139 gratiae
412 2079 501 2125 causa
518 2058 564 2117 vel
582 2079 637 2137 per
653 2057 875 2138 ignorationem
891 2058 1016 2131 ferebat,
1035 2079 1124 2139 quam
1143 2059 1227 2138 quod
1304 2083 1312 2090 ·

88 2145 232 2207 cedendum
259 2163 323 2202 esse
349 2143 536 2223 temporibus
562 2143 734 2214 videbatur,
765 2156 925 2221 postquam
950 2158 983 2201 se
1008 2145 1133 2202 omnino
1160 2147 1249 2216 esse,
1307 2187 1313 2192 -

89 2234 194 2313 inpares
211 2227 364 2308 putabant
391 2228 484 2304 Quod
503 2228 599 2299 idem,
625 2228 665 2286 ita
684 2248 731 2285 me
750 2240 831 2286 amet
847 2227 961 2307 lupiter
981 2232 1012 2286 et
1028 2226 1158 2308 Apollo,
1175 2249 1227 2287 ve-

90 2334 216 2389 reor,ne
239 2312 326 2372 vobis
351 2312 441 2372 etiam
467 2313 596 2384 accidat,
622 2325 818 2391 posteaquam
842 2312 994 2385 videritis,
1019 2334 1073 2372 vos
1097 2312 1225 2372 consilio

41 2388 43 2395 ¹
88 2399 150 2461 nibil
163 2398 313 2479 proficere.
347 2396 450 2475 Atque
471 2418 538 2469 eos,
564 2397 616 2476 qui
634 2418 686 2456 vos
706 2416 743 2455 eo
761 2396 920 2478 redigunt,
938 2418 1001 2456 non
1020 2397 1148 2468 horreo,
1171 2398 1225 2456 sed
1245 2397 1299 2450 82·Ι
1324 2428 1326 2431 -

88 2487 208 2545 detestor.
219 2482 288 2542 Aut
301 2482 382 2541 enim
396 2483 433 2541 de
445 2482 605 2559 industria,
624 2494 676 2540 aut
688 2502 743 2560 per
757 2482 957 2562 ignorantiam
971 2482 1002 2540 in
1019 2482 1228 2542 difficultatem

41 2628 43 2633 .
64 2558 74 2567 ’
88 2571 222 2631 adducunt
236 2567 462 2647 rempubIIcam.
496 2570 610 2625 Verum
628 2566 721 2637 absit,
736 2565 961 2639 Athenienses,
983 2578 1082 2626 utres
1103 2588 1139 2626 eo
1152 2567 1231 2634 reda

41 2668 51 2721 ¹,
87 2666 152 2712 eant
174 2652 250 2711 Mori
268 2653 348 2711 enim
366 2651 475 2711 millies
494 2662 648 2731 praestat,
658 2673 748 2730 quam
765 2670 821 2729 per
837 2651 1071 2710 assentationem
1085 2650 1227 2731 Philippo
1263 2665 1293 2720 ’ζ

41 2772 44 2777 ·
88 2738 234 2818 quicquam
249 2737 407 2818 conficere,
426 2748 458 2795 et
474 2736 591 2816 aliquos
610 2735 703 2796 vestri
721 2735 896 2793 defensores
908 2734 1054 2793 abiicere]
1075 2736 1230 2793 Praeclara
1313 2742 1317 2747 ’

41 2852 43 2859 ·
87 2842 160 2880 nunc
183 2820 312 2890 Oritano.
325 2822 441 2903 populo
467 2821 560 2881 relata
586 2833 634 2880 est
657 2819 769 2902 gratia,
805 2818 887 2897 quod
912 2817 1045 2898 Philippi
1069 2819 1228 2878 amicisxse

87 2905 300 2978 commiserunt,
317 2905 511 2986 Euphraeum
526 2919 627 2964 autem
642 2896 844 2983 impulerunt:
861 2903 1012 2983 praeclara
1024 2903 1139 2984 populo
1153 2904 1229 2962 Ere·
1249 2952 1251 2959 ,

56 3018 65 3035 ⁸
88 2989 243 3062 triensium,
272 2991 355 3070 quod
378 3005 493 3051 vestros
513 2990 628 3071 legatos
647 2987 842 3068 repulerunt,
870 2983 1023 3047 Clitarcho
1046 3009 1079 3047 se
1104 2988 1229 3046 dedide-

75 3079 153 3134 xrunt
172 3072 315 3136 Serviunt
332 3074 379 3138 illi
394 3096 482 3147 sane,
499 3074 601 3157 flagris
620 3073 795 3133 afficiuntur
812 3085 843 3132 et
859 3085 1050 3151 torquentur.
1074 3072 1229 3131 Praeclare

88 3157 225 3242 Olynthiis
250 3160 496 3239 pepercit,-qu1,
520 3173 556 3218 ut
573 3158 753 3219 Lasthenem
784 3156 959 3238 magistrum
984 3158 1120 3237 equiturn
1146 3177 1237 3231 crea-³

85 3255 194 3324 verunt,
217 3242 261 3303 sic
279 3243 494 3324 Apollonidem
514 3244 675 3303 eiecerunt
711 3241 863 3301 Stultitiae
888 3255 919 3300 et
943 3241 1078 3324 ignaviae
1098 3255 1143 3301 est
1160 3241 1231 3300 talia

85 3348 205 3408 sperare,
239 3341 330 3406 atque
356 3328 478 3387 interim
502 3329 580 3388 male
604 3326 762 3388 consulere
788 3338 818 3384 et
843 3335 992 3404 nusquam
1017 3327 1118 3386 officio
1144 3326 1231 3408 sungi

48 3468 57 3480 ,
84 3411 165 3471 uelle:
181 3412 215 3471 iis
233 3426 346 3485 autem,
365 3413 417 3492 qui
432 3413 564 3472 hostium
584 3433 703 3471 causam
721 3423 823 3492 agunt,
842 3411 1008 3484 audiendis,
1025 3412 1131 3472 urbem
1150 3413 1232 3471 tanta
1282 3427 1288 3433 '

87 3497 277 3577 magnitudine
296 3519 328 3556 se
348 3496 483 3556 incolere
499 3497 685 3568 existimare,
703 3508 739 3554 ut
757 3501 837 3554 extra
857 3517 946 3555 omne
964 3496 1131 3577 periculum
1149 3495 1231 3576 posi-

85 3593 112 3640 ta
131 3579 173 3640 sit
204 3581 302 3661 Atqui
326 3595 413 3660 turpe
432 3581 507 3661 illud
527 3594 586 3654 est,
611 3581 638 3640 si
655 3576 729 3660 quid
746 3593 817 3660 post
834 3581 990 3652 acciderit,
1014 3581 1130 3640 dicere:
1153 3578 1231 3652 Quis
1304 3622 1307 3629 .

84 3654 148 3723 vero
164 3679 312 3745 putasset,
343 3665 416 3730 haec
433 3667 555 3726 lutura?
589 3664 721 3724 Hercule
739 3685 828 3725 vero:
854 3664 930 3724 illud
949 3667 1029 3724 enim
1048 3679 1137 3745 atque
1156 3663 1232 3723 illud

84 3749 241 3813 laciendum
258 3750 374 3810 fuerat:
393 3751 503 3824 ethoc'
518 3764 549 3809 et
566 3751 624 3809 hoc
642 3769 705 3808 non
723 3749 901 3808 faciendum.
920 3751 1015 3809 Multa
1034 3771 1114 3808 nnnc
1132 3750 1232 3809 dicere
1264 3811 1271 3819 ‚

49 3859 53 3865 ¹
83 3833 190 3914 possint
208 3834 368 3917 Olynthii,
386 3856 462 3914 quae
482 3849 545 3894 tum
564 3837 590 3893 si
608 3833 841 3915 praevidissent,
860 3855 922 3892 non
941 3835 1115 3913 periissent:
1140 3831 1234 3908 multa

82 3917 260 3992 Phocenses,
276 3918 374 3978 multa
391 3919 565 3998 quicunque
583 3919 746 3998 perierunt
769 3918 829 3977 Sed
848 3918 990 3995 quidnam
1002 3918 1082 3977 'haec
1101 3917 1143 3975 eis
1162 3936 1232 3996 pro-

80 4003 164 4064 sunt?
188 4005 270 4065 Dum
289 4003 375 4063 navis
394 4016 441 4062 est
457 4001 632 4074 incolumis,
651 4003 713 4061 sive
733 4023 767 4061 ea
784 4001 880 4061 maior
897 4003 959 4062 sive
978 4003 1078 4061 minor
1095 4001 1149 4073 sit,
1168 4014 1233 4060 tum

79 4086 159 4148 decet
175 4101 206 4148 et
222 4099 350 4157 nautam
374 4100 404 4147 et
425 4086 658 4169 gubernatorem
683 4098 714 4146 et
731 4107 851 4145 omnem
869 4087 965 4145 virum
985 4107 1049 4144 esse
1067 4097 1235 4157 strenuum,

78 4182 164 4251 utque
180 4193 238 4232 nec
258 4173 298 4231 de
320 4171 476 4245 industria,
494 4193 550 4231 nec
568 4172 742 4251 imprudens
763 4171 919 4250 quisquam
939 4191 1003 4228 eam
1022 4182 1146 4242 evertat,
1163 4190 1235 4249 pro-

41 4294 45 4319 r
68 4255 176 4317 andere.
194 4258 283 4316 Nam
304 4255 362 4314 ubi
379 4277 458 4316 mare
475 4269 612 4337 superat,
631 4254 719 4315 inane
739 4267 786 4314 est
802 4254 943 4315 studium.
962 4255 1064 4328 Quare
1082 4274 1137 4314 nos
1159 4274 1236 4333 quo·
1274 4302 1280 4309 .

76 4360 143 4420 que,
172 4339 408 4413 Athenienses,
438 4342 510 4402 dum
527 4363 631 4401 sumus
650 4339 835 4427 incolumes,
866 4338 938 4397 dum
954 4339 1061 4398 urbem
1079 4337 1236 4398 maximam
1282 4387 1286 4390 ,
