2722 4754
86 176 154 263 ms
371 148 733 258 nemossnnms
762 157 961 250 x(tristato

86 355 182 440 igitur
204 350 329 423 dixerit,
355 360 470 428 patrem
494 369 601 420 snum,
624 344 876 426 Theopompum,
904 334 1032 422 evicisse
1055 341 1253 417 hereditatem

88 443 181 503 hane:
207 458 261 497 vos
281 436 325 505 ei,
343 432 479 508 ludices,
504 431 706 513 respondete,
734 430 893 490 mulierem
913 430 1039 489 eandem
1059 428 1184 489 evicisse
1201 427 1254 488 he-

87 526 246 587 reditatem
277 519 361 603 prius
381 518 488 591 etiam,
514 535 603 598 qnam
622 516 875 596 Theopompum,
893 514 1048 575 hlacartati
1066 528 1200 596 patrem:
1226 527 1254 574 et

56 672 59 676 A
86 613 166 671 iuste
184 606 309 666 evicisse
326 604 496 681 mulierem,
513 617 548 664 nt
566 623 643 684 quae
662 613 742 661 esset
760 623 776 660 e
793 600 903 677 familia
919 601 1066 682 Hagniae,
1083 598 1254 660 Eubulidae

87 694 165 765 lilia,
183 691 326 773 patruelis
344 691 497 772 Hagniae:
515 690 747 777 Theoppmpum
766 698 865 746 autem
886 707 947 744 non
968 686 1109 758 evicisse,
1128 686 1183 745 sed
1202 685 1246 744 de·

87 778 220 859 cepisse,
237 790 273 837 nt
290 775 343 856 qni
362 797 399 835 ex
416 775 552 858 Hagniae
569 771 681 834 familia
701 771 828 831 omnino
847 791 910 831 non
929 784 1015 830 esset.
1041 771 1125 830 llaec
1143 792 1197 830 vos
1217 770 1255 844 ei,

87 863 223 935 ltrdiees,
245 862 451 942 respondete:
477 874 568 939 atque
586 859 662 918 illud
681 856 790 930 etiam,
814 877 941 936 puerum
960 857 1041 916 hunc
1059 846 1252 924 Euhulidem,

86 949 257 1021 Eubulidae
274 947 387 1020 filium,
413 945 568 1027 Hagniae,
595 944 680 1002 cuins
697 956 745 1002 est
762 942 933 1016 hereditas,
957 941 1087 1022 patrueli
1105 941 1252 1023 genitum,

7 1040 65 1095 167
86 1045 178 1108 uet‘a
195 1033 416 1112 Theopompo,
445 1027 598 1089 hlacartati
615 1040 718 1108 patre,
747 1048 848 1107 neque
866 1027 903 1087 ah
920 1027 985 1087 nllo
1003 1026 1178 1100 mortalium
1196 1050 1255 1085 nn-

85 1141 177 1202 quam
196 1139 262 1177 esse
279 1116 408 1176 victum:
434 1129 464 1174 et
482 1137 564 1174 nunc
592 1112 828 1175 controversiam
847 1125 878 1171 et
895 1112 1042 1174 iudicium
1059 1134 1127 1172 esse
1145 1114 1183 1172 de
1199 1111 1250 1171 he-

84 1203 215 1267 reditate
233 1201 369 1283 Hagniae
385 1199 457 1269 huic
474 1199 645 1276 Euhnlidae
662 1198 726 1257 filio
745 1209 783 1270 et
795 1197 960 1257 Macartato
977 1198 1044 1270 isti,
1065 1198 1131 1258 filio
1150 1199 1176 1256 T
1178 1197 1250 1257 heo-

85 1288 204 1372 pompi:
236 1308 366 1368 quorum
384 1298 456 1346 nter
470 1284 613 1365 aequiora
632 1284 732 1343 dicere
751 1295 782 1342 et
798 1281 918 1364 legibus
936 1282 1031 1364 magis
1049 1295 1250 1343 consentanea

86 1372 255 1446 videbitur,
273 1371 302 1430 ei
319 1370 461 1448 nimirum
480 1365 552 1442 vos,
570 1368 712 1440 ludices,
723 1367 937 1428 assentiemini.
970 1369 1053 1450 Lege
1070 1368 1189 1447 reliqua
1204 1382 1248 1435 te-

43 1468 50 1525 f
84 1458 242 1521 stimonia:
266 1456 414 1538 primum,
431 1454 673 1527 Philomacham,
690 1453 827 1535 Hagniae
838 1453 984 1526 amitam,
1001 1453 1248 1531 sororemlasisse

84 1564 257 1626 germanam
276 1554 307 1600 et
323 1541 471 1601 uterinam
489 1539 682 1613 Polemonis,
707 1538 844 1622 Hagniae
862 1536 968 1620 patris:
1003 1539 1116 1598 deinde
1135 1552 1246 1600 caetera

61 1662 65 1666 ·
85 1627 187 1689 omnia
199 1626 414 1688 'recitabuntur
430 1627 468 1685 de
486 1629 608 1708 genere.
625 1685 628 1697 ,
811 1636 819 1644 ·

427 1751 899 1845 lvssvtmovrom„

91 1924 95 1935 ·
165 1884 340 1955 Testantur,
356 1903 390 1941 se
407 1881 569 1962 populares
586 1899 653 1938 esse
670 1872 814 1962 Phila'grt,
825 1878 1001 1938 Eubulidas
1019 1878 1125 1958 patris,
1143 1891 1173 1940 et
1188 1879 1245 1940 Po-

82 1966 224 2040 temonis,
239 1967 376 2048 Hagniac
394 1966 498 2047 patris,
516 1978 547 2024 et
565 1965 652 2036 scire,
670 1964 906 2037 Philomacham,
923 1963 1095 2031 Euhnlidae
1113 1977 1246 2037 matrem,

81 2051 215 2115 habitam
240 2072 377 2113 sororem
403 2071 470 2111 esse
495 2048 687 2123 Polemonis,
717 2045 809 2130 patris
834 2049 990 2131 Hagniae,
1018 2069 1191 2130 germanam
1217 2063 1247 2110 et
1344 2070 1346 2074 ’

75 2137 248 2199 uterinam:
272 2144 373 2216 neque
391 2134 428 2196 e'x
444 2134 509 2195 ullo
526 2157 660 2215 unquam
678 2133 844 2215 audivisse,
862 2135 955 2194 fuisse
974 2135 1099 2199 fratrem
1116 2135 1244 2215 aliquem

81 2220 258 2293 Polemoni,
275 2221 412 2304 Hagniae
428 2219 518 2281 lilio.-
593 2280 597 2285 .

518 2371 756 2430 ἢΑιιυυ.

140 2510 144 2517 ·
165 2475 347 2548 Testantur,
365 2473 574 2546 Oenantham,
597 2488 722 2535 matrem
741 2475 789 2534 avi
806 2477 853 2536 sui
870 2477 1243 2552 Stratonidae,·Polemo-

81 2560 129 2623 nis
151 2560 261 2646 patris,
296 2560 441 2642 Hagnas
460 2561 628 2642 patruelem
652 2578 791 2620 sororem
813 2561 924 2623 fnisse:
962 2572 1057 2642 'seque
1081 2562 1204 2622 audisse
1230 2585 1245 2622 e

5 2692 7 2699 ι
79 2657 265 2726 pattendo,
288 2645 468 2719 Polemoni,
494 2646 571 2726 patri
589 2644 742 2727 Hagniae,
768 2647 886 2707 nullum
909 2670 1044 2727 unquam
1069 2647 1163 2708 luisse
1187 2649 1245 2707 sra-

80 2743 169 2805 trem,
180 2732 239 2805 >sed
257 2750 394 2797 sororem
411 2730 505 2791 fuisse
522 2730 746 2803 Philomacharn
766 2751 937 2813 germanam
957 2745 987 2793 et
1003 2733 1169 2807 uterinam,
1185 2755 1245 2793 ma-

81 2828 158 2876 trem
175 2815 362 2890 Rubnlidae,
379 2816 472 2896 patris
489 2815 717 2889 Philomaehes,
736 2838 813 2895 quae
831 2816 974 2877 Sositheo
992 2819 1106 2898 nupsit.

569 2967 753 3025 aaron.

112 3142 113 3149 ,
163 3072 321 3145 Testatur,
338 3091 372 3130 se
390 3083 551 3152 cognatum
570 3091 636 3131 esse
654 3082 685 3131 et
702 3060 845 3132 curialem
864 3084 895 3133 ct
912 3072 1091 3155 popularem
1109 3072 1243 3154 Hagniae

80 3167 113 3215 et
129 3154 313 3219 Eubulidas:
337 3169 369 3216 et
386 3156 505 3216 audisse
524 3157 561 3215 de
579 3168 663 3235 patre
681 3177 738 3216 suo
759 3168 789 3216 et
806 3159 933 3218 caeteris
950 3157 1105 3241 cognatis,
1126 3157 1242 3218 nullum

79 3239 174 3303 fnisse
190 3240 313 3300 fratrem
330 3241 506 3316 Polemoni,
524 3239 660 3323 Hagniae
677 3241 771 3321 patri,
795 3242 848 3302 sed
866 3262 1002 3304 sororem
1021 3263 1195 3327 germanam
1215 3255 1244 3302 et

77 3324 229 3386 uterinam
255 3325 496 3403 Philomacham,
532 3340 658 3387 matrem
683 3326 868 3402 Eubulidas,
902 3329 995 3411 patris
1020 3328 1242 3400 Philomachae,

78 3430 157 3492 quae
173 3409 317 3475 Sosithen
333 3412 446 3495 nupsit
524 3439 529 3444 ·

14 3551 56 3608 68
228 3580 231 3586 ·
554 3533 749 3633 amon.

99 3679 107 3740 ᾖ
125 3686 144 3738 j
160 3665 318 3738 Testatur,
341 3687 428 3725 avum
446 3688 534 3727 sunm
553 3687 619 3726 esse
636 3665 874 3740 Archilochum,
892 3666 929 3727 ah
947 3687 1048 3748 eoque
1066 3689 1099 3732 se
1117 3671 1242 3751 adopta-

76 3750 141 3809 tnm
159 3771 238 3824 esse,
254 3764 384 3833 cognato
402 3751 589 3824 Polemonis,
605 3753 697 3832 patris
715 3753 866 3834 Hagniae:
888 3765 919 3813 ct
935 3754 1058 3822 audisse
1076 3755 1114 3815 dc
1133 3755 1242 3816 Archi-

75 3833 167 3895 locho
183 3837 355 3904 etcaeteris
373 3837 524 3919 cognatis,
542 3837 660 3897 nullum
677 3861 810 3918 unquam
825 3838 919 3899 fuisse
932 3833 1056 3900 fratrem
1070 3840 1242 3914 Polemoni,

64 3920 152 4004 patri
169 3920 321 4004 Hagniae,
343 3915 397 3982 sed
414 3944 550 3983 sororem
569 3922 664 3983 fnisse
681 3935 853 4006 germanam
872 3937 904 3986 et
919 3924 1070 3987 uterinam
1088 3926 1241 3987 Philoma-

75 4004 177 4081 cham,
195 4019 321 4068 matrem
339 4006 529 4084 Eubulidae,
545 4008 638 4090 patris
656 4009 887 4086 Philomaehes,
904 4010 1039 4072 Sosithei
1057 4012 1173 4073 uxoris.

565 4139 776 4221 aaron(

34 4335 38 4343 1
158 4261 315 4339 Testatur,
331 4276 448 4343 patrem
466 4237 539 4325 suae
555 4263 674 4344 uxoris,
693 4228 912 4341 Callistmtnm,
931 4218 1053 4329 fratrem
1072 4255 1251 4350 patruelem*

72 4343 167 4407 sume
181 4340 376 4422 Polemonis,
392 4349 487 4429 patris
504 4349 651 4432 Hegesiae,
669 4346 901 4428 ct--Charidemi,
918 4351 1012 4434 patris
1031 4355 1239 4436 Theopompio

1211 4544 1223 4578 Ι
