2722 4754
170 178 178 189 ’
274 184 283 197 ·
373 236 381 251 e
459 140 984 246 irreverenti-2„
1098 205 1102 213 ,
1180 179 1240 241 54,
1323 196 1359 201 ..

82 322 201 412 publica
220 349 283 388 non
302 331 452 402 redderet,
470 330 523 387 sed
542 326 614 393 etur,
625 327 724 409 etiam,
743 327 795 407 qui
810 327 924 408 privata
941 350 994 388 sua
1012 329 1172 390 venderet:
1190 329 1242 389 tali

82 430 146 477 tum
171 428 425 484 armamentorum
451 412 484 473 in
505 410 581 473 urbe
602 412 731 493 penuria·
753 409 966 496 laborabatur(
985 416 1066 496 Lege
1091 413 1166 473 milti
1189 415 1243 473 de-

47 539 51 544 -
84 512 207 559 eretum.

441 679 450 689 .
511 624 821 711 υΕεητυΜζ
899 628 907 705 ᾗ
1215 708 1219 713 ⁴

68 818 72 823 ¹
122 824 128 833 Ι
169 754 330 824 Reversus,¹
348 750 534 822 ludices,ut
550 749 664 809 nemini
682 769 746 807 rem
763 746 939 827 permittere
957 747 1171 830 Theopbemus
1189 775 1243 814 vo·

84 837 151 909 luit,
169 858 237 896 eum
258 835 289 893 in
308 835 353 894 ius
372 847 509 895 vocatum
528 832 745 893 verberationis
765 830 908 906 accusavi.
945 827 1019 890 Cum
1038 856 1110 894 vero
1130 838 1243 918 etipse
1317 893 1331 902 ,

84 922 160 982 mibi
183 921 314 980 vicissim
339 918 417 991 diem
443 919 581 991 dixisset,
609 930 639 977 et
664 915 768 988 arbitri
784 916 905 991 *indicia
931 914 1092 993 baberent:
1119 924 1263 989 cumde,
1300 949 1316 984 μ

85 1028 172 1065 causa
197 1000 455 1086 pronuntiandum
474 1016 569 1075 esset,
595 999 810 1080 Theopbemus
835 999 1002 1079 excipiebat
1028 1014 1059 1061 et
1075 1002 1247 1078 disserebat,

86 1112 144 1172 ego
162 1111 245 1161 vero,
264 1087 357 1148 fretus
376 1087 549 1151 innocentia
565 1107 640 1166 mea,
658 1086 759 1169 advos
776 1083 974 1166 ingrediebar.
992 1085 1045 1169 llle
1059 1099 1158 1156 autem
1173 1109 1245 1167 pru-
1263 1086 1272 1125 ἶ

85 1176 147 1234 lato
165 1169 352 1249 testimonio,
370 1172 452 1251 quod
471 1189 561 1231 nemo
579 1171 655 1230 alius
666 1168 804 1242 dixerat,
821 1169 880 1227 nisi
898 1168 989 1229 lrater
1007 1170 1071 1229 eius
1089 1183 1120 1229 et
1136 1172 1247 1256 allinit,

86 1259 138 1340 qui
157 1259 360 1328 affirma-bant,
378 1255 510 1315 voluisse
527 1269 598 1323 etum
616 1255 734 1315 tradere
753 1253 927 1341 mulierem,
944 1243 1133 1333 simplicitate
1151 1256 1256 1334 simu,-¹
1283 1247 1286 1253 ⁸

86 1341 144 1405 lata
163 1338 421 1421 decepitiudices.
443 1341 637 1399 Rementem
656 1339 764 1403 iustam
783 1359 799 1396 a
816 1336 901 1396 vobis
919 1358 1037 1418 precor,
1054 1351 1089 1398 ut
1107 1340 1195 1399 simul
1215 1352 1246 1400 et
1281 1410 1285 1418 s

86 1431 124 1489 de
142 1426 317 1488 testimonio
335 1422 555 1504 pronuntietis,
566 1423 710 1482 verumne
729 1442 767 1481 an
785 1421 892 1480 salsum
905 1421 954 1495 sit,
972 1414 1061 1482 siinul
1080 1423 1168 1482 etiam
1182 1445 1246 1496 rem
1265 1472 1268 1476 Α
1296 1496 1298 1501 Ι

86 1515 181 1593 ipsam
200 1514 237 1572 cle
256 1512 376 1591 integro
401 1506 608 1581 consideretis.
643 1505 689 1567 Ac
708 1525 765 1593 ego
784 1505 925 1585 quidem,
949 1507 985 1580 ad
1005 1528 1082 1586 qnae
1099 1507 1163 1568 iura
1182 1522 1247 1577 tum
1263 1503 1271 1525 ⁵

85 1598 137 1657 ille
157 1596 311 1677 confugit,
333 1615 370 1653 cx
387 1592 424 1666 iis
442 1613 524 1651 nunc
542 1592 579 1650 de
602 1590 728 1650 veritate
747 1596 853 1649 causae
879 1591 1071 1650 statuendum
1092 1611 1157 1664 esse
1176 1613 1248 1664 cen·
1324 1622 1328 1627 ·

84 1704 159 1757 seo,
177 1681 315 1740 habenda
334 1679 370 1738 de
389 1676 515 1736 muliere
534 1675 731 1754 quaestione,
748 1687 818 1743 nter
833 1673 918 1753 prior
934 1675 1145 1757 periniurium
1162 1677 1255 1751 alteri=

86 1789 195 1827 manus
220 1762 356 1824 attulerit
372 1758 422 1843 (ea
441 1760 521 1833 enim
540 1771 586 1820 est
609 1756 810 1840 verberatio):
837 1771 869 1818 et
885 1771 978 1831 testes
1003 1760 1248 1840 propterealalsi

44 1859 47 1863 ’
86 1849 257 1910 testimonii
281 1868 351 1907 reos
376 1828 458 1927 ogd,
478 1846 560 1927 quod
586 1845 739 1917 testificati
764 1855 855 1916 sunt,
875 1842 1105 1924 Theophemum
1130 1847 1249 1906 tradere

86 1936 221 2006 voluisse
239 1932 415 2002 mulierem,
433 1952 501 1990 cum
519 1932 634 2011 corpus>
646 1929 726 1987 illius
744 1948 892 2006 nusquam
909 1930 1053 2002 traderet,
1069 1931 1249 2011 nequeprI-
1267 1962 1270 1967 ·

44 2020 49 2026 ’
86 2041 170 2078 mum
189 2018 267 2097 apud
285 2013 442 2089 arbitrum,
460 2033 559 2093 neque
577 2025 683 2094 postea
701 2032 789 2092 saepe
808 2034 824 2071 a
842 2033 890 2095 me
907 2012 1101 2093 postulatum.
1128 2016 1249 2094 Duplex

87 2103 182 2184 igitur
201 2102 243 2160 eis
262 2121 359 2179 poena
378 2100 487 2158 luenda
507 2111 602 2158 esset:
619 2101 693 2173 tuni
711 2098 794 2177 quod
811 2096 928 2167 indices
945 2098 1131 2178 deceperunt
1139 2141 1155 2171 „
1165 2100 1247 2159 salsis
1289 2116 1301 2121 ’·
1320 2152 1327 2161 .

87 2184 271 2246 testimoniis
291 2182 449 2257 exhibitis,
467 2183 565 2243 affinis
585 2194 616 2242 et
632 2180 749 2257 fratris,
766 2194 830 2239 tum
849 2180 933 2259 quod
950 2180 1026 2253 mihi
1043 2181 1185 2241 iniuriam
1203 2184 1263 2261 lte-¹
1284 2194 1306 2242 ‘s

89 2282 196 2331 cerunt
212 2268 299 2326 vobis
318 2268 424 2326 sedulo
443 2266 637 2336 inservienti,
663 2278 694 2324 et
711 2265 848 2328 mandata
867 2265 1062 2345 exsequenti,
1081 2279 1111 2326 ct
1128 2267 1247 2348 legibus
1283 2265 1294 2331 ’.

89 2378 122 2416 ac
140 2351 391 2429 decretis-,vestris
410 2350 654 2431 obtemperantis
673 2350 713 2408 Et
729 2360 917 2421 utconstet,
934 2369 997 2408 non
1015 2370 1063 2408 me
1081 2351 1179 2411 solum
1198 2373 1247 2411 ac·
1270 2362 1332 2421 230

89 2439 204 2519 cepisse
223 2438 281 2495 hoc
299 2448 412 2509 munus
427 2457 443 2494 a
460 2434 630 2517 republica,
644 2447 691 2499 ‚ut
708 2433 745 2504 db
764 2432 823 2492 isto
843 2436 1040 2507 armamenta,
1059 2456 1135 2514 quae
1154 2435 1248 2497 debe·
1260 2497 1267 2504 ,,

89 2537 146 2596 ret,
164 2541 369 2602 reposcerem,
387 2520 438 2578 sed
459 2533 490 2579 et
507 2519 581 2579 alios
600 2517 780 2597 trierarchos
799 2517 836 2589 ab
854 2517 937 2593 aliis,
954 2537 1031 2599 quos
1050 2519 1082 2579 in
1100 2520 1262 2598 mandatis,
1303 2557 1305 2562 ·
1324 2519 1328 2529 '

88 2605 277 2687 acceperant,
293 2603 522 2686 exegisse„lege
541 2603 616 2663 mibi
634 2624 739 2664 eorum
750 2601 938 2668 testimonia.

489 2734 895 2806 rrsrtmort,1t.'',

121 2907 124 2911 .
174 2855 309 2917 Narrabo
327 2855 414 2916 vobis
432 2855 539 2929 etiam,
562 2854 694 2928 ludices,
720 2874 781 2934 qno
799 2867 887 2936 pacto
905 2853 942 2914 ab
962 2855 1004 2915 eis
1022 2868 1165 2916 tractatus
1183 2856 1250 2918 sim.

72 2938 134 3002 'Eo
154 2943 267 3002 iudicio
286 2941 382 3001 victus
400 2939 436 3000 ab
455 2941 525 3013 illo,
549 2941 774 3020 propterquod
793 2951 884 2999 testes
903 2939 978 3019 istos
996 2940 1250 3011 falsitestimonii

88 3048 159 3086 reos
177 3048 252 3108 ago,
270 3025 400 3086 conveni
417 3024 662 3105 Theopbemum,
680 3045 748 3082 cum
766 3024 825 3083 iam
841 3022 1085 3103 praefinitimihi
1103 3026 1252 3104 temporis¹
1314 3090 1318 3103 ι

89 3112 160 3170 finis
177 3111 319 3182 instaret,
344 3123 542 3189 precatusque
561 3130 644 3184 sum,
667 3119 703 3166 ut
720 3107 795 3167 mibi
812 3108 930 3188 parvam
950 3129 1063 3168 moram
1081 3109 1256 3191 largiretur,
1343 3157 1346 3161 .

89 3194 234 3256 Dicebam
252 3194 297 3275 (id
316 3195 399 3273 quod
416 3214 521 3252 verum
539 3191 625 3275 erat),
644 3189 822 3270 conquisitis
840 3191 980 3265 nummis,
998 3213 1075 3272 quos
1095 3194 1123 3252 ei
1141 3213 1258 3267 nume.

60 3302 62 3309 ¹
89 3293 173 3340 ratus
191 3279 332 3351 fuissem,
352 3277 511 3350 accidisse,
535 3289 570 3337 ut
588 3276 662 3335 mibi
680 3275 809 3335 triremis
827 3277 1004 3335 instruenda
1023 3290 1059 3336 et
1071 3278 1251 3346 festinanter
1310 3336 1315 3354 ,Ι
1336 3334 1343 3345 ,

91 3364 238 3424 mittenda
264 3376 357 3434 esset,
389 3363 472 3440 quod
497 3361 633 3421 Alcimus
660 3361 824 3439 imperator
847 3359 946 3420 navim
967 3361 1090 3435 ‘solvere
1116 3361 1275 3433 luberctt-
1310 3423 1313 3434 ,

43 3440 46 3449 ‘
91 3469 139 3507 me
158 3448 252 3530 igitur
268 3445 396 3526 pecunia
414 3445 446 3504 in
472 3466 541 3506 eum
558 3467 647 3505 usum
666 3457 784 3517 coacta,
807 3457 843 3505 ut
859 3443 1057 3524 Theophemo
1075 3455 1262 3505 numerare-¹

90 3547 159 3607 tur,
177 3553 214 3592 eo
234 3552 298 3590 esse
324 3531 458 3590 abusum.
492 3529 664 3612 Rogabam,
687 3542 724 3588 ut
739 3528 901 3591 terminum
918 3529 1070 3608 proferret
1087 3551 1124 3589 eo
1142 3530 1250 3609 usque,
1342 3554 1354 3577 ι

67 3620 162 3690 ‚dum
180 3637 287 3676 navem
305 3615 495 3696 ablegassem.
513 3618 540 3675 ls
553 3635 625 3674 vero
644 3612 719 3675 miti
737 3614 874 3693 expedite
890 3625 920 3673 et
933 3612 1109 3693 simpIIciter
1122 3608 1250 3695 respon-
1345 3668 1348 3673 .

90 3704 150 3763 det
184 3701 269 3760 Nihil
287 3713 384 3772 vetat,
402 3699 516 3779 inquit:
543 3699 597 3758 sed
614 3697 668 3757 ubi
684 3703 792 3758 navem
810 3697 1011 3780 ablegaveris,
1037 3697 1201 3759 satisfacito
1221 3712 1257 3763 et

89 3786 173 3846 mihi.
191 3787 278 3860 Quae
292 3807 359 3844 cum
374 3783 448 3842 mihi
459 3782 677 3863 Theopbemus'
685 3783 901 3864 respondisset,
919 3784 968 3843 die
983 3797 1157 3865 prorogato,
1176 3804 1251 3870 ego·
1279 3853 1282 3858 Ι

112 3892 151 3931 ue
169 3869 296 3945 maxime
314 3869 408 3929 fretus
428 3888 523 3928 essem
541 3889 610 3928 cum
635 3868 759 3935 testium
783 3867 967 3941 revictione,
994 3879 1057 3927 tum
1077 3869 1170 3948 ipsius
1189 3883 1251 3928 tra-
1331 3865 1353 3898 '¹

81 3895 208 4016 dendae
226 3951 360 4013 mulieris
385 3954 574 4015 recusatione
592 3950 706 4034 (neque
731 3973 804 4012 vero
827 3973 905 4015 nova
929 3950 1016 4018 illum
1042 3948 1184 4031 adversus
1201 3972 1251 4013 me
1281 4012 1284 4018 ,
1349 3994 1359 4004 ,

89 4040 184 4104 inisse
203 4028 327 4119 consilii
344 4037 513 4121 putabam):
535 4037 652 4098 triremi
669 4036 819 4118 ablegata,
837 4036 965 4118 pecunia
982 4058 1046 4096 non
1064 4037 1165 4097 multis
1185 4038 1250 4098 die-

81 4125 149 4187 'bus
166 4135 428 4222 posticorrogata,
447 4122 574 4201 conveni
593 4121 763 4194 hominem,
788 4127 836 4181 uie
854 4123 890 4183 ad
909 4142 1042 4182 mensam
1060 4121 1147 4202 sequi
1165 4123 1249 4198 iussi,

89 4222 126 4270 ut
139 4209 286 4283 mulctam
303 4220 459 4287 reciperet
492 4207 574 4269 Haec
591 4221 627 4268 ut
651 4227 721 4269 verc
739 4228 755 4267 a
772 4205 898 4289 medici
916 4212 1054 4282 constet,
1076 4205 1250 4279 testimonia

90 4293 177 4355 vobis
195 4291 410 4376 recitabuntur.
696 4322 721 4359 ,·
841 4311 845 4319 ·
1134 4289 1137 4294 ’
1188 4302 1198 4330 ⁸
