2722 4754
112 148 214 266 [sos
269 136 271 143 ’
330 194 342 207 ’
425 134 800 240 ‘nutrosrnnrv-ls
837 177 1030 242 ouu'rro

151 335 345 418 intelligatis,
368 330 587 403 Athenienses,
613 331 742 390 eis'non
768 331 865 390 modo*
884 325 967 408 nuuc
991 327 1131 397 iniuriam
1157 327 1316 403 norbeti,

47 433 49 436 ’
132 421 205 482 :sed
232 433 263 478 et
288 418 356 477 illos
382 417 466 496 ipsos
489 415 578 484 nobis
605 428 710 477 contra
735 436 846 481 omues
864 415 948 497 leges
974 412 1315 492 facessere‘negotium:

93 517 108 584 f
152 527 217 566 eam
237 521 360 582 quoque
378 501 476 583 legem
494 500 754 572 vobisrecitabo,
772 519 853 579 quae
867 512 970 583 aperte
990 498 1084 569 dicit,
1102 498 1128 556 si
1147 497 1315 576 quinquen-

100 612 107 627 *
147 589 236 666 ,nium
261 584 549 667 praeterierit,gneqc
576 587 608 645 in
634 586 781 645 iudicium
805 582 960 655 venerint,
987 605 1055 666 cum
1073 581 1205 662 ,pupillis
1231 603 1329 663 agere

151 694 215 733 non
239 672 330 732 licere
355 692 456 730 earum
481 667 600 743 rerum,
627 682 713 750 quae
727 670 764 729 ad
782 669 908 729 tutelam
925 667 1079 728 attineant
1123 667 1222 726 Etiam
1248 667 1316 727 haec

122 805 131 820 Ι
152 759 200 834 lex
216 757 304 817 vobis
318 754 506 817 recitabitur.

20 889 282 969 11202·
382 911 384 915 ·
579 884 785 963 ,aar
862 888 902 938 w

44 1084 47 1089 p
146 1032 165 1071 .·
234 994 368 1080 Auditis,
384 1007 599 1080 Athenienses,
616 999 714 1089 legem
731 1008 827 1088 palam
843 1005 955 1079 dicere,
973 1005 1032 1064 uisi
1050 1006 1129 1066 intra
1146 1002 1314 1086 quinquen-

46 1146 52 1151 .
129 1090 133 1094 ’
150 1099 237 1159 nium
256 1096 391 1177 egerint,
409 1106 481 1174 post
497 1093 669 1167 nonlicere
688 1092 798 1174 agere?
824 1090 920 1170 Atqui
939 1090 1065 1172 egimus,
1083 1091 1232 1171 inquient
1254 1088 1317 1150 Sed

90 1220 94 1226 ·
142 1184 244 1244 ‘iidem
259 1193 290 1241 et
297 1177 489 1259 ‚transegistis
497 1201 513 1236 τι
521 1178 751 1258 proindevobis
762 1198 866 1236 rursus
879 1174 957 1234 actio
973 1177 1069 1235 danda
1083 1197 1146 1235 non
1161 1188 1214 1234 est.
1231 1175 1315 1235 Alio-

64 1256 73 1282 *
111 1276 126 1289 “
152 1267 227 1348 quin
235 1265 375 1343 iniquum
388 1262 490 1336 fuerit,
502 1285 570 1322 cum
580 1263 628 1325 lex
640 1263 762 1343 pupillis
770 1262 932 1342 primarum
942 1261 1030 1319 etiam
1041 1260 1221 1322 iniuriarum
1237 1273 1314 1319 extra

147 1347 396 1432 quinquennium
414 1347 565 1407 actionem
583 1369 645 1407 non
666 1349 718 1407 det
733 1347 766 1406 iu
777 1361 917 1418 tutores,
935 1345 987 1428 qui
1006 1365 1075 1433 non,
1087 1344 1220 1404 absoluti
1237 1358 1315 1416 sunt,

95 1445 114 1474 ’·
151 1456 207 1497 vos⁴
225 1446 329 1512 contra
346 1454 421 1504 uos,
446 1431 569 1497 illorum
586 1428 743 1504 filiossAs
758 1433 800 1492 de
818 1431 925 1504 rebus,
951 1450 1023 1509 quas
1042 1428 1099 1517 ipsi
1120 1429 1314 1510 transegistis,

57 1546 60 1553 ·
127 1518 298 1604 ,vigesimo
320 1538 403 1577 nunc
427 1538 507 1576 anno
530 1518 578 1575 ius
598 1517 749 1597 persequi.
781 1516 886 1575 Audio
904 1527 1022 1588 autem,
1046 1535 1099 1573 eos
1118 1536 1220 1586 rerum
1239 1514 1315 1594 ipsa-

150 1627 219 1666 rum
238 1617 268 1663 et
284 1603 386 1683 legum
404 1601 471 1666 iura
488 1601 690 1664 declinaturos
700 1624 710 1659 :·
722 1601 870 1674 xdicturos
889 1608 1007 1681 autem,
1030 1620 1169 1681 magnam
1188 1592 1247 1658 'sihi
1263 1619 1314 1680 pe-

129 1688 271 1762 gcuuiam
293 1686 447 1767 relictam,
477 1688 573 1765 eaque
594 1707 630 1754 se
654 1685 807 1750 fraudatos
832 1706 914 1745 esse:
947 1697 978 1743 et
1001 1696 1183 1766 argumento
1207 1705 1313 1744 usuros

131 1830 134 1835 ,
151 1772 362 1856 magnitudine
380 1769 524 1842 actionis,
543 1791 632 1849 quam
650 1769 686 1829 ab
705 1770 797 1829 initio
811 1769 1014 1829 instituerint:
1034 1761 1065 1828 el
1084 1768 1245 1839 orbitatem
1256 1770 1314 1827 de-

92 1915 101 1931 ,
142 1854 397 1942 vploraturus,-et
413 1854 495 1913 illam
513 1855 626 1914 tutelae
643 1855 793 1914 rationem
810 1860 1000 1931 narraturos:
1031 1874 1127 1932 eaque
1147 1872 1212 1912 esse
1229 1863 1314 1934 prae-

122 2009 126 2023 ,
151 1943 245 2015 sidia,
271 1936 381 2023 quihus
399 1939 551 2012 nitantur,
576 1938 748 2019 quibusque
771 1961 825 1998 vos
850 1961 867 1997 a
892 1960 924 1998 se
947 1958 1036 2018 posse
1052 1937 1171 2018 ›decipi‹
1186 1950 1314 2018 sperent

77 2052 107 2106 ¹7
152 2018 219 2111 Ego
236 2040 308 2085 vero
327 2021 363 2083 err
379 2023 484 2082 iudicii
498 2036 562 2085 tum
579 2023 914 2106 dictatirmaguitudiue
934 2023 1028 2101 maius
1046 2023 1136 2082 nobis
1155 2044 1315 2105 argumen-

28 2118 31 2127 “
74 2106 77 2111 ’
151 2103 428 2188 tumsuppeditari
450 2121 540 2186 puto,
564 2114 769 2191 patrem3tum
786 2107 941 2185 ,calumnia
965 2107 1097 2194 petitum
1120 2127 1201 2178 esse,
1225 2129 1314 2187 quam

117 2244 119 2249 ,
152 2196 218 2254 istis
237 2192 340 2265 multis
359 2211 411 2250 eos
429 2190 581 2250 fraudatos
601 2211 673 2252 esse.
707 2192 783 2252 Nam
817 2192 869 2272 qui
896 2192 1051 2273 octoginta
1069 2192 1128 2251 sibi
1147 2190 1251 2252 deberi
1269 2190 1353 2259 ta-',

37 2350 40 2360 Ι
90 2346 106 2360 ,Α
152 2281 234 2340 lenta
259 2275 421 2337 ostendere
446 2275 559 2354 possit,
581 2276 679 2337 tribus
697 2277 826 2358 acceptis
851 2297 942 2335 nemo
957 2298 1030 2354 cum
1047 2296 1103 2334 reo
1119 2265 1319 2356 transegerit!

150 2374 251 2424 tantae
277 2373 377 2421 autem
402 2358 548 2440 pecuniae
572 2354 727 2421 accusatus
752 2360 865 2423 tutelae
883 2361 1007 2421 nomine
1025 2382 1117 2421 nemo
1142 2376 1204 2434 est,
1221 2361 1316 2442 quin,

73 2461 76 2469 ¹
112 2439 115 2445 ’
146 2439 388 2527 ‘tribus‘talehtis
413 2441 505 2516 datis,
530 2444 699 2524 periculum
722 2446 887 2506 redimeret
910 2456 1036 2527 propter
1061 2466 1110 2506 eas
1127 2446 1314 2527 praerogati-

130 2525 220 2604 vas,
238 2550 311 2610 quas
330 2540 395 2587 tum
413 2527 465 2587 isti
481 2541 587 2609 natura
605 2529 763 2590 habebant.
798 2524 875 2594 Nam
892 2544 923 2591 ct
939 2529 1064 2612 pupilli,
1088 2543 1120 2590 et
1135 2530 1326 2610 adolescen7

57 2682 60 2687 ⁴
130 2613 215 2688 tes,
241 2626 272 2674 et
296 2610 398 2693 quales
425 2626 540 2687 essent,
565 2612 664 2695 ignoti
689 2627 788 2673 erant:
807 2636 893 2695 quae
919 2611 1133 2683 omuesvaiunt
1158 2616 1238 2696 apud
1260 2636 1313 2675 vos

152 2698 275 2780 optimis
295 2696 465 2778 quibusque
484 2698 580 2757 causis
598 2698 665 2779 plus
683 2699 790 2776 valere.
832 2698 935 2778 Atque
959 2700 1035 2760 illud
1054 2700 1144 2760 etiam
1161 2721 1210 2760 me
1228 2701 1312 2761 vobis

119 2784 121 2803 '
149 2796 344 2860 ostensurum
363 2795 449 2871 ppto,
466 2802 520 2842 vos
539 2782 598 2856 eis,
617 2784 654 2842 de
673 2783 957 2850 tuteladiceutibus
975 2784 1099 2864 aliquid,
1121 2805 1208 2846 aures
1227 2807 1311 2867 prae-

42 2870 45 2877 ’
131 2867 224 2928 'bere
248 2887 312 2926 non
337 2879 486 2946 oportere.
529 2866 561 2924 Si
581 2867 648 2946 quis
667 2868 747 2926 enim
773 2866 816 2927 'eis
834 2869 993 2951 largiatur,
1018 2869 1144 2931 affectos
1160 2892 1222 2931 ¹eos
1249 2890 1312 2930 esse

49 3018 53 3023 ,
151 2950 288 3024 iniuriis,
321 2971 410 3028 quam
427 2948 494 3009 fieri
511 2962 629 3030 potest,
660 2951 810 3025 maximis,
841 2953 939 3032 deque
959 2952 1003 3013 his
1023 2976 1104 3015 nuuc
1122 2955 1224 3015 omnia
1242 2976 1321 3014 vere

151 3034 395 3109 dicturos:¹illud
412 3055 484 3107 vos,
503 3035 628 3114 opinor,
647 3055 752 3095 omnes
769 3037 937 3111 fateamini,
955 3060 1013 3097 usu
1029 3039 1149 3098 venisse
1167 3041 1224 3098 iam
1243 3037 1309 3119 qui-

48 3160 50 3163 ·
149 3119 287 3190 busdam,
306 3131 342 3176 ut
358 3118 522 3201 maioribus
537 3119 669 3192 iniuriis,
687 3142 775 3199 quam
793 3123 983 3200 pecuniariae
999 3114 1217 3195 rationes'es'se
1229 3118 1314 3202 ¹que*
1343 3130 1348 3138 '

133 3198 212 3276 'aut,
229 3203 430 3267 afficerentur.
447 3203 522 3280 Nam
538 3201 568 3263 et
583 3203 726 3263 fortuitae
739 3206 845 3265 caedes
859 3207 947 3279 fiunt,
964 3219 995 3266 et
1007 3229 1043 3267 ea
1058 3207 1220 3280 violantur,
1235 3195 1309 3286 quae

111 3281 135 3345 „²
150 3308 213 3349 uon
232 3298 371 3367 oportet,
391 3298 422 3345 et
438 3287 532 3347 inulta
551 3287 615 3346 eius
633 3288 752 3370 generis
770 3289 903 3357 facinora
922 3293 1168 3369 committuntur:
1194 3294 1248 3352 sed
1266 3306 1310 3353 ta·
1346 3290 1348 3297 *

85 3376 94 3383 ⁴
129 3368 220 3431 ‘meu
248 3362 358 3431 h‘orum
378 3372 523 3431 ¹omnium
549 3373 696 3433 terminus
723 3385 754 3432 et
777 3374 941 3435 satisfactio
968 3374 1056 3437 laesis
1084 3377 1239 3458 praefinita
1266 3391 1336 3439 est.

129 3453 558 3528 ‘haec,si1cum'adversario
577 3453 787 3540 transegerint
818 3454 868 3518 'Et
884 3459 943 3519 hoc
961 3458 1008 3520 ius
1021 3475 1142 3536 ¹tantum
1157 3462 1192 3521 in
1213 3462 1309 3523 omni-

67 3572 70 3576 -
149 3540 206 3631 bus
224 3541 318 3611 valet,
348 3552 398 3613 ut,
426 3540 452 3600 si
471 3540 538 3619 quis
557 3540 686 3619 aliquem
706 3541 847 3601 fortuitae
866 3544 965 3603 caedis
984 3546 1165 3622 convicerit,
1194 3559 1225 3606 et
1242 3540 1308 3628 per-

91 3650 95 3661 ¹
146 3622 251 3704 spicue
271 3625 499 3695 demonstrarit,
525 3645 589 3684 esse
607 3625 774 3705 pollutum,
799 3640 830 3686 et
845 3641 951 3708 postea
969 3625 1072 3689 tamen
1088 3631 1222 3710 placatus
1242 3653 1306 3691 eum

96 3766 100 3774 ,
148 3709 272 3769 missum
296 3707 417 3780 fecerit,
432 3709 577 3785 'eiusdem
592 3709 749 3769 veiiciundi
772 3724 952 3791 potestatem
977 3724 1083 3800 postea
1107 3736 1170 3775 uon
1197 3710 1308 3776 habeat

144 3788 225 3875 ¹Cum
242 3792 349 3875 igitur,
364 3793 542 3873 quandode
559 3793 619 3852 vita
637 3794 821 3875 summisque
836 3790 929 3857 'rebus
948 3796 1056 3880 agitur,
1076 3811 1196 3861 tantum
1214 3813 1310 3862 traus-

128 3878 226 3939 'actlo
243 3878 341 3937 valeat
357 3881 482 3956 rataque
498 3877 568 3953 sit:⁸
589 3875 756 3951 iuratione
775 3881 945 3961 pecuniaria
964 3883 1122 3962 causisque
1141 3885 1308 3947 minoribus

21 3978 22 3981 ’
66 3964 124 4020 121
148 3969 212 4021 ιιὸίι
229 3960 359 4028 valebit?
374 3961 499 4021 ¹llal'ebit
515 3962 660 4043 profecto.
682 3962 790 4044 Neque
810 3967 887 4027 enim
908 3967 966 4027 hoc
983 3968 1193 4051 gravissimum
1213 3984 1268 4047 est,
1284 3971 1308 4033 si
1347 3989 1353 3999 ’

69 4074 73 4083 ¹
145 4054 207 4128 'ego
233 4047 279 4106 ius
291 4052 404 4105 ”meum
422 4045 542 4106 avobts
560 4069 627 4125 nou·
642 4070 824 4128 consequar:
861 4045 913 4111 sed
931 4053 957 4112 s'i
975 4053 1136 4130 instares,
1171 4057 1209 4116 ab
1229 4055 1309 4115 omni

148 4149 222 4189 aevo
238 4143 370 4212 recepta,
387 4152 468 4208 nunc
485 4130 688 4215 abrogabitur.
705 4135 775 4192 Non
792 4135 930 4215 locarunt
944 4151 1078 4198 nostram
1095 4140 1231 4214 domum,
1248 4141 1308 4199 for-

147 4223 227 4274 tasse
244 4215 353 4276 dicent
378 4215 449 4275 Nou
468 4216 548 4276 euim
567 4217 665 4277 voluit
680 4230 805 4299 patruus
823 4234 931 4292 vester,
950 4223 1152 4304 Xenopithes,
1170 4225 1225 4285 sed
1243 4247 1312 4284 cum

136 4317 211 4369 rem
230 4319 294 4363 eam
313 4299 626 4380 detulissetNicidas,
644 4295 794 4379 iudicibus
812 4310 970 4386 persuasit,
988 4306 1025 4367 'ut
1041 4308 1100 4369 sibi
1118 4309 1184 4370 eius
1199 4309 1308 4395 guber-

104 4480 109 4497 l

148 4505 158 4555 ‘,
