2722 4754
221 234 276 277 ·.
332 124 1021 265 ..aurursusnurrrnun„
1162 185 1244 265 225>
1327 148 1329 153 ’

55 298 128 415 etii,
144 330 401 423 quemadmodum
419 336 586 395 Harmodio
606 347 637 395 et
652 333 886 415 Aristogitoni,
899 353 986 395 aerea
1003 345 1103 397 statura
1120 334 1226 394 decer-

57 436 193 489 neretur.
235 424 385 497 Putahant
411 422 510 494 enim,
539 442 623 493 eum,
651 419 705 498 qui
728 419 1038 480 Lacedaemoniorum
1065 419 1226 501 imperium

61 513 237 584 evertisset,
264 506 328 575 nnn
353 516 472 587 parvam
496 504 688 590 tyrannidem
714 503 904 563 destruitisse.
947 507 989 564 Ut
1012 504 1106 587 igitur
1131 504 1226 565 maius

64 620 83 659 a
103 601 146 661 ud
159 616 211 658 tos
228 595 348 677 pondus
364 591 404 651 sit
420 591 678 662 orationismeae,
696 587 760 669 ipsa
777 589 1051 666 senatusconsulta,
1068 603 1225 671 quactum

70 621 186 749 &noni
201 681 277 743 lacta
295 689 383 752 suut,
400 676 491 742 vohis
505 676 653 758 legentur.
686 673 800 736 Recita:

237 816 261 851 ’··’
312 796 957 903 fssuusruscons's‘uurA.¹

41 942 47 949 ’
154 941 253 1018 Neque
270 955 343 999 vero
361 956 378 994 a
394 933 482 1003 vobis
500 933 599 995 solum
617 928 744 1004 Conon,
766 931 986 1006 Athenienses,
1011 943 1078 993 turn
1095 931 1227 991 honora-
1262 972 1265 977 -

48 1026 58 1035 '
81 1042 128 1091 tus
140 1038 194 1097 est,
208 1021 275 1081 illis
292 1019 384 1081 rebus
402 1018 515 1102 gestis,
540 1039 614 1098 quas
630 1017 787 1082 recensui:
814 1017 868 1078 sed
886 1039 902 1077 a
920 1015 1024 1081 multis
1041 1015 1133 1077 etiam
1151 1016 1226 1088 aliis,
1304 1034 1311 1049 ¹

84 1115 134 1195 qui
146 1112 202 1173 iure
217 1104 379 1187 putabant,
404 1103 530 1189 gratiam
542 1102 593 1163 illi
609 1123 667 1182 pro
685 1102 989 1184 acceptis-‘beneficiis
1008 1123 1074 1163 esse
1088 1100 1226 1169 reseren—
1288 1146 1297 1157 ,

79 1201 151 1261 ,lm
186 1194 290 1267 Quare,
305 1201 395 1270 turpe
419 1201 476 1262 est,
500 1187 716 1261 Athenienses,
741 1188 875 1249 honores
900 1188 938 1248 ab
962 1186 1028 1248 aliis
1054 1188 1083 1248 ei
1106 1186 1226 1267 habitos

79 1299 159 1347 -rrtos
171 1298 245 1348 esse,
268 1288 403 1335 vestrum
420 1276 492 1334 vero
511 1273 610 1333 solum
628 1274 658 1333 ei
677 1273 759 1353 eripi.
783 1273 867 1332 ·Nec
884 1273 960 1332 illud
978 1273 1159 1346 honestum,
1181 1271 1227 1333 vi-

91 1360 365 1433 uentcmeumsumi
382 1359 506 1431 secisse,
529 1370 564 1417 ut
581 1358 640 1430 ita,
664 1359 920 1437 quemadmodum
936 1358 1075 1419 auditum
1093 1369 1155 1431 est,
1166 1376 1226 1417 -or-
1260 1414 1263 1419 .

96 1450 195 1516 num:
222 1458 384 1525 postquam
400 1465 473 1505 vero
492 1455 630 1502 mortuus
649 1455 710 1518 est,
736 1443 850 1503 oblitos
868 1464 975 1503 eorum
993 1443 1154 1515 omnium,
1171 1441 1226 1501 uli-

94 1538 153 1619 quid
166 1554 196 1593 er
206 1528 272 1602 illis,
289 1542 450 1608 quactum
468 1529 496 1588 ei
511 1529 579 1588 data
595 1540 676 1602 sunt,
695 1528 819 1609 eripere.
845 1529 922 1588 Nam
939 1550 1007 1588 cum
1023 1528 1060 1587 ah
1079 1550 1115 1588 co
1132 1522 1228 1586 multa
1318 1592 1326 1599 ,

93 1622 164 1685 laude
177 1616 257 1699 digna
273 1627 360 1697 gesta
377 1615 448 1688 sint,
470 1606 595 1695 propter
613 1634 689 1694 quae
708 1615 809 1674 omnia
827 1635 892 1674 non
910 1613 1063 1686 convenit,
1082 1615 1163 1673 datas
1183 1611 1228 1671 illi

95 1704 242 1771 donationes
257 1700 383 1763 tollere:
404 1699 539 1760 omnium
557 1698 794 1780 pulcherrimum
810 1713 857 1760 est
872 1700 1049 1761 instauratio
1064 1699 1228 1759 moenium.
1320 1750 1324 1759 ,

95 1794 123 1853 id
140 1787 208 1871 quod
227 1785 297 1845 iude
320 1784 473 1859 cernitur,
499 1785 526 1844 si
550 1784 617 1863 quis
643 1786 796 1859 conserat,
823 1786 979 1865 quomodo
997 1780 1229 1856 Themistocles,
1290 1850 1295 1857 ¹

90 1878 136 1937 -uir
150 1871 264 1937 omnium
272 1870 387 1942 aetatis
406 1891 478 1929 suae
497 1869 724 1953 celeberrimus,
742 1871 817 1930 illud
837 1871 942 1950 ipsum-
955 1870 1124 1949 perfecerit
1148 1869 1228 1927 Eum

95 1962 175 2043 igitur
187 1956 276 2019 terum
294 1955 423 2015 edixisse
442 1948 576 2033 civibus,
596 1967 631 2014 ut
648 1955 769 2015 moenia
786 1967 957 2026 struerent,
977 1954 1073 2025 et„si2
1085 1954 1157 2033 quis·
1169 1954 1226 2013 La·
1251 1955 1314 2014 304

97 2046 248 2107 cedaemone
265 2041 416 2112 venisset,
436 2036 505 2099 euin
524 2037 710 2099 detinerent:
738 2039 893 2118 ipsum‘ad
909 2039 1165 2099 Lacedaemonios
1183 2038 1229 2098 le-

97 2142 178 2215 gatum
192 2125 301 2187 abiisse·
328 2122 414 2185 .Cum
431 2132 504 2184 ver'o
523 2122 584 2184 illic
601 2125 693 2197 rerha
709 2125 834 2197 fierent,
854 2137 885 2183 et
903 2124 1026 2203 qnidam
1043 2124 1229 2196 nuntiarent,

97 2213 269 2285 Athenienses
282 2210 402 2271 moenia
421 2222 548 2281 struere,
567 2230 705 2291 negasse,
725 2223 765 2282 et,
783 2209 950 2290 utlegatos
963 2210 1010 2268 rei
1027 2209 1228 2289 explorandae

100 2320 170 2362 causa
181 2294 336 2369 mitterent,
353 2294 490 2379 iussisse:
510 2295 571 2354 illis
588 2314 661 2353 vcro
679 2315 744 2353 non
760 2292 994 2379 revertentibus,
1012 2294 1177 2366 monuisse,
1193 2306 1230 2353 ut

98 2381 314 2447 aliosmitterent.
332 2379 393 2440 Sed
407 2400 512 2443 omnes
523 2380 657 2439 fortassis
675 2377 842 2453 audivistis,
860 2379 1229 2459 quomodohaccdaemo-
1262 2434 1267 2451 ,

100 2458 307 2545 uios'decepisse
326 2465 449 2525 dicatur.
467 2466 534 2546 Ego
552 2465 648 2547 igitur
664 2464 723 2538 aio,
740 2462 955 2538 Athenienses,
973 2463 1101 2547 (quaeso
1119 2471 1230 2535 intem,
1249 2520 1252 2525 ,
1286 2464 1290 2477 ’

100 2550 271 2614 πειὶιινίιίἰοεα
288 2550 329 2610 sit
346 2551 442 2610 omnio
462 2571 545 2621 mea,
575 2551 627 2609 sed
644 2549 677 2608 id
694 2562 864 2631 spectetur,
876 2573 932 2611 ..an
945 2570 1019 2609 -vera
1037 2548 1091 2631 sit)
1116 2561 1229 2630 quanto

100 2636 192 2716 aliquid
205 2647 300 2716 aperte
320 2657 412 2715 quam
429 2634 522 2708 clam,
539 2648 570 2694 et
587 2635 712 2694 victoria
731 2656 822 2716 quarn
839 2636 946 2695 fraude
964 2635 1126 2716 perficere„
1143 2652 1230 2714 prae-

101 2721 188 2783 clarius
208 2722 260 2781 e'st:
293 2732 380 2780 tanto
406 2719 562 2800 pulchrius
590 2715 750 2779 Cononem
773 2720 949 2779 'condidisse
973 2720 1110 2789 moenia,
1124 2752 1127 2763 ·
1141 2739 1230 2796 quam

102 2800 310 2865 Themistoclem.
337 2805 397 2864 Hic
416 2805 498 2863 enim
515 2803 744 2886 ignorantibus,
763 2805 819 2864 ‘itte
837 2804 923 2864 victis
941 2803 995 2876 iis,
1022 2803 1075 2883 qui
1092 2801 1231 2881 prohihi-

99 2890 152 2949 ‘turi
168 2902 253 2961 cnut,
277 2889 337 2949 hoc
354 2888 465 2951 effecit.
501 2889 578 2949 Non
602 2888 696 2971 igitur
714 2890 817 2963 decet',
843 2890 934 2949 talem
957 2889 1056 2948 virum
1081 2887 1190 2947 iniuria
1215 2909 1232 2946 a

88 2973 169 3044 ‘lechis
180 2972 265 3047 affici,
286 2987 354 3034 ¹aut
371 2974 569 3054 minus-apud
586 2995 641 3033 vos
657 2975 757 3034 valere
776 2976 865 3054 quani
886 2987 1040 3047 oratores,
1074 2970 1246 3053 qui'vohis,

99 3058 247 3138 persuadere
265 3060 388 3133 volunt,
420 3059 534 3138 aliquid
553 3059 751 3119 auferendu'm
771 3078 854 3135 esse,
889 3059 973 3140 qn'od
991 3058 1036 3119 illi
1054 3079 1232 3121 concessum

101 3141 139 3201 rit
161 3143 211 3223 An
225 3164 297 3203 vero
318 3144 545 3224 permittemus,
570 3156 606 3203 ut
623 3140 771 3219 Chabriae
794 3145 859 3204 lilio
881 3144 1058 3204 immunitas
1072 3143 1232 3225 eripiatur,
1293 3171 1296 3175 ·

101 3228 308 3308 qam-eipate'r
324 3229 392 3289 iure
409 3252 425 3289 a
442 3229 531 3288 vohis
549 3242 701 3309 acceptam
719 3230 864 3310 reliquit?
893 3230 953 3290 Sed
972 3229 1125 3289 nemiuem
1144 3249 1233 3289 sanae

87 3311 191 3389 ruentis·
208 3311 359 3374 hominem
384 3315 450 3374 fore
476 3314 630 3386 existimo,
656 3314 711 3394 'qui
727 3315 759 3374 id
783 3329 901 3374 rectum
920 3336 985 3374 esse
1010 3326 1138 3374 censeat.
1169 3313 1232 3373 Sci-

100 3394 288 3475 tis-lectariis,
312 3401 402 3459 etiam
427 3399 493 3459 sine
517 3421 584 3459 mea
599 3399 765 3473 ¹oratioue,
789 3397 992 3483 praestantem
1016 3398 1115 3459 virum
1138 3399 1233 3460 fuisse

94 3474 242 3542 ,Ghahriarrz
254 3484 344 3557 ¹nihil
355 3497 463 3544 tamen
481 3483 637 3565 prohihet,
655 3481 713 3544 me*
724 3506 852 3565 quoque·
865 3506 914 3545 res
933 3485 998 3545 eius
1016 3497 1123 3567 gestas.
1133 3483 1233 3544 brevi-

99 3564 303 3649 terattingerej
325 3570 426 3644 Quem
443 3570 538 3651 igitur
554 3570 590 3629 ad
610 3570 748 3644 modum,
768 3592 836 3631 cum
855 3592 909 3630 vos
929 3571 992 3630 cius
1011 3572 1105 3630 ductu
1123 3570 1233 3629 milita-

98 3647 226 3721 rein-ut
250 3652 370 3714 Thehas
397 3676 465 3715 cum
490 3655 639 3715 universis
663 3655 949 3736 Peloponnensihus
975 3655 1141 3728 dimicarit,
1171 3675 1232 3734 quo
1316 3674 1320 3679 ·

97 3744 167 3810 pacto
182 3735 352 3819 Gorgopam
369 3739 403 3799 in
418 3739 536 3822 Aegina
554 3740 710 3815 occiderit,
727 3742 804 3820 quot
821 3740 854 3800 in
869 3737 972 3826 Cypro
989 3754 1112 3823 tropaea
1130 3759 1233 3799 erere·
1285 3754 1297 3783 ‘—

88 3815 352 3888 attrectandam
369 3823 531 3907 Aegypto,
550 3839 581 3883 et
598 3827 739 3885 universa
757 3839 847 3900 terra,
863 3846 960 3907 prope
979 3826 1124 3898 dixerim,
1142 3846 1231 3905 pera·
1313 3818 1316 3822 Δ

95 3908 334 3987 pratu'uuaquam
348 3926 455 3988 ,neque
471 3910 590 3968 nomini
608 3910 890 3989 civitatisnostrae,
909 3932 1010 3991 neque
1028 3912 1086 3970 sihi
1104 3909 1162 3990 ipsi
1180 3910 1233 3969 de-

93 3985 298 4071 decori-luerit:
335 3995 460 4055 manino
475 3994 566 4067 facile
584 4015 648 4054 non
667 4008 713 4055 est
729 4017 785 4076 pro
804 3998 952 4079 dignitate
970 3997 1088 4068 dicere,
1124 4006 1154 4055 et
1171 4015 1233 4054 ma-

49 4146 56 4157 l
96 4090 172 4150 gnon
182 4076 457 4152 dedecus·.·fuerit,·
473 4100 523 4139 me
545 4078 621 4140 haec
645 4084 912 4157 commemorante,
936 4082 1055 4141 minora
1078 4077 1175 4139 videri
1201 4100 1234 4139 ea

58 4162 64 4167 ’
95 4156 238 4236 θῐὶὶιῑὶοιὶο,ι
264 4167 360 4243 quim
385 4165 466 4245 apud
491 4164 608 4224 animos
635 4165 748 4247 quique
773 4180 890 4228 vestros
917 4168 955 4225 de
981 4185 1017 4224 eo
1045 4165 1235 4247 concepistis.

94 4238 315 4314 Quaesumus
334 4249 464 4309 dicendo
482 4271 672 4330 nequaquam
691 4264 922 4313 extenuatumm
940 4263 1026 4331 puto,
1045 4271 1079 4310 ea
1096 4250 1183 4311 vohis
1202 4251 1234 4310 in

93 4330 408 4417 maneriam-redigere
422 4333 563 4396 conabor.
581 4336 703 4398 Proelio
722 4337 816 4420 igitur
831 4336 929 4397 navali
946 4335 1019 4396 vicit
1033 4336 1234 4399 Lacedaemo-

893 4428 1082 4539 '15'
