2722 4754
340 160 928 280 nnvansmnoaviottn*
1016 178 1021 187 ’
1088 216 1091 222 ·
1158 173 1220 303 {aa
1315 231 1317 244 ·

184 394 191 424 ²
266 377 347 461 '2¹
399 394 817 493 ”ansasnonam

82 548 85 553 '
135 543 232 619 Quam
246 540 347 625 igitur
360 539 465 612 remisi
479 541 639 623 pecuniam
654 539 783 600 etdouo
802 538 873 599 dedi
890 537 1074 603 calamitosis
1092 537 1226 610 civibus,

54 626 125 690 haec
142 641 192 689 est
210 626 332 702 Quodsi
348 624 494 686 moriste
508 619 616 685 advos
635 624 734 685 dicet:
753 619 817 682 Cur
833 626 966 698 tandem,
983 625 1220 696 Demosthenes,

59 734 92 791 es
107 734 185 788 mea,
201 725 238 785 ut
255 714 318 787 ais,
335 710 515 771 Philocratis
535 710 728 786 defensione,
753 730 822 769 cum
839 709 1057 784 intellexisses,
1076 732 1133 787 nos
1152 708 1218 770 sani
1261 711 1264 717 ⁴

63 800 129 863 nihil
144 819 248 881 agere,
275 793 440 878 posteriori
458 795 605 878 legationi
623 796 660 855 ad
678 794 888 856 iusiurandum
907 797 1091 878 exigendum
1109 795 1218 873 missae

66 882 232 950 interfuisti?
260 903 315 942 cur
330 903 398 941 eam
416 900 480 941 non
499 881 641 942 eiurasti?
660 917 702 928 -
728 880 788 940 hoc
804 893 1010 954 mementote,
1036 900 1085 940 me
1102 880 1217 961 promi-

69 975 128 1037 sisse
141 970 191 1042 iis,
209 989 293 1047 quos
304 968 506 1040 redemeram,
526 980 557 1027 et
575 967 735 1038 allaturum
753 966 915 1046 pecuniam
933 979 964 1025 et
982 987 1051 1039 eos,
1070 978 1217 1044 quantum

71 1063 153 1122 lune
174 1066 268 1127 esset,
294 1044 549 1115 conservaturum.
592 1053 663 1113 Non
685 1053 937 1132 committendum
959 1052 1054 1135 igitur
1079 1062 1158 1123 erat,
1182 1062 1218 1109 ut

72 1141 192 1211 mentirer
213 1151 246 1198 et
269 1139 440 1199 desererem
465 1137 656 1198 calamitosos
679 1138 767 1198 cives.
810 1139 918 1218 Neque
937 1139 1027 1198 etiam
1053 1136 1217 1199 admodum
1293 1152 1296 1156 ·

70 1233 209 1294 honestum
226 1235 280 1283 aut
299 1235 400 1283 tutum
420 1223 500 1296 erat,
532 1225 696 1284 detrectata
714 1224 867 1307 legatione
885 1224 1032 1304 privatim·
1044 1222 1107 1282 illic
1125 1221 1217 1282 ober—
1232 1226 1301 1283 -251

75 1334 132 1379 rare,
165 1311 239 1370 Nam
261 1307 323 1368 nisi
346 1308 415 1369 illos
440 1309 758 1383 servarevoluissem:
785 1309 828 1368 dii
846 1330 895 1368 me
914 1329 1020 1369 omnes
1039 1308 1168 1389 perdant
1187 1319 1219 1366 et

41 1403 43 1406 ⁴
77 1399 215 1469 eradicent,
239 1388 266 1453 si
289 1415 429 1477 magnam
452 1395 563 1455 mereri
585 1395 745 1474 pecuniam
767 1394 948 1468 voluissem,
970 1407 1006 1454 ut
1023 1386 1159 1454 istorum
1184 1391 1218 1452 iu

77 1484 199 1570 legatione
217 1478 334 1562 collega
344 1483 458 1547 essem.
502 1477 597 1539 Cuius
614 1480 661 1539 rei
679 1480 800 1563 siguum
819 1479 878 1540 hoc
897 1493 960 1552 est,
979 1480 1080 1559 quod,
1098 1479 1136 1538 ad
1153 1490 1216 1538 ter-

42 1573 130 1645 ‚aiau
145 1564 324 1648 legationem
351 1565 550 1649 bisldelectus
570 1588 585 1625 a
603 1565 707 1638 vobis,
732 1565 779 1625 bis
803 1565 1000 1626 iureiurando
1024 1563 1161 1626 recusavi
1185 1576 1217 1625 et
1268 1578 1276 1594 ⁹

27 1707 33 1715 .
77 1654 158 1720 inilia
176 1650 365 1732 profectione
391 1649 451 1710 illis
469 1672 524 1732 per
542 1651 642 1711 omnia
661 1651 705 1709 fui
726 1652 909 1711 adversatus.
952 1651 1040 1726 Quae
1062 1650 1158 1733 igitur
1183 1649 1215 1709 iu
1253 1700 1256 1704 Α

77 1739 200 1824 legatione
222 1735 282 1796 mei
305 1735 423 1796 arbitrii
440 1737 579 1811 fuerunt,
606 1735 665 1795 hoc
682 1757 715 1795 se
733 1726 827 1796 modo
845 1736 933 1797 vohis
951 1735 1139 1797 hahuerunt:
1183 1733 1216 1792 in
1272 1764 1278 1772 =

77 1824 276 1910 quibusaute‘m
295 1821 361 1895 isti,
380 1833 415 1881 ut
432 1821 552 1902 plures,
570 1821 750 1896 vincebant,
769 1842 804 1881 ea
822 1821 925 1881 omnia
942 1822 1107 1902 perierunt.
1131 1818 1216 1895 Quin

77 1927 100 1974 et
115 1907 569 1984 caetera‘omnia-convenienter
586 1906 633 1965 his
652 1920 715 1981 acta
735 1920 854 1982 essent,
873 1908 899 1966 si
917 1906 985 1986 quis
999 1907 1079 1980 ¹mihi
1096 1905 1215 1987 paruis·

77 2010 117 2060 set
133 1997 228 2074 Neque
246 1992 328 2052 enim
348 2014 405 2075 ego
425 1995 466 2053 ita
484 1993 589 2052 infelix
606 2005 659 2052 aut
675 2013 781 2053 vecors
798 1991 855 2066 fui,
871 1998 906 2050 u't
923 1992 1084 2074 pecuniam
1103 1992 1216 2064 darem,
1259 2041 1264 2053 ‚

78 2105 129 2145 cum
144 2078 362 2159 alios-accipere
381 2077 534 2150 viderem,
551 2076 607 2158 pro
626 2098 695 2137 meo
713 2079 807 2138 vestri
824 2077 943 2137 studio:
970 2099 1047 2157 quae
1065 2090 1167 2137 autem
1185 2088 1217 2136 et

79 2163 283 2245 siue'impensis
309 2163 418 2223 confici
444 2163 617 2254 potuissent
645 2176 676 2223 et
702 2163 862 2224 universae
889 2163 1003 2223 civitati
1027 2163 1120 2245 longe
1142 2161 1215 2242 plus

78 2251 248 2336 profuissent,
276 2269 309 2308 ea
326 2249 395 2308 ficri
413 2250 587 2308 noluissem.
605 2251 670 2308 Imo
689 2249 763 2328 quid
781 2248 971 2323 maluissem,
990 2238 1216 2308 Athenienses?

78 2339 126 2400 Sed
136 2356 175 2396 me
187 2333 349 2394 vincebant
360 2334 411 2394 isti
425 2335 576 2399 nimirum.
593 2332 685 2416 Agite
698 2355 783 2408 vero,
802 2334 969 2414 quidinter
983 2333 1057 2394 haec
1072 2334 1129 2394 iste
1144 2353 1216 2414 ege·
1282 2367 1287 2379 ,

77 2423 110 2485 rit
120 2435 145 2482 et
154 2420 219 2500 quid
233 2418 431 2494 Philocrates,
449 2433 589 2501 spectate.
607 2421 690 2479 Haec
709 2418 800 2493 enim,
820 2419 901 2478 inter
918 2441 951 2479 se
970 2420 1088 2491 collata,
1107 2417 1216 2478 clario-

77 2531 105 2569 ra
119 2517 195 2568 erunt
223 2504 356 2564 Primum
374 2507 470 2588 igitur
485 2506 658 2565 Phocenses
679 2519 709 2565 et
726 2504 855 2565 Alenses
881 2505 1004 2565 foedere
1024 2504 1235 2565 excluserunt
1304 2556 1307 2561 .

78 2607 104 2653 et
119 2589 339 2671 Cersobleptem,
363 2604 428 2652 tum
445 2605 559 2673 ,contra
576 2588 749 2664 decretum,
772 2598 840 2650 'tum
867 2605 972 2651 contra
999 2612 1049 2663 ea,
1076 2610 1152 2670 quae
1178 2588 1226 2649 ad·

77 2698 122 2738 vos
131 2677 209 2738 relata
223 2690 316 2741 eraut
333 2677 453 2736 Deinde
469 2678 542 2755 loco„
551 2697 677 2757 movere
690 2689 781 2756 atque
794 2676 953 2736 immutare
969 2677 1135 2749 decretum,
1153 2695 1216 2758 quo
1294 2670 1304 2748 ’,

77 2763 154 2846 legati
166 2759 366 2838 veniebamus,
383 2763 613 2847 suutaggressi.
641 2763 751 2821 Postea
770 2757 936 2820 Cardianus
954 2761 1095 2842 Philippo
1115 2759 1215 2820 socios

59 2846 274 2929 'inscripserunt
293 2861 325 2908 ct
341 2850 466 2929 scriptas
481 2871 497 2907 a
511 2870 558 2908 me
574 2848 676 2907 literas
694 2849 731 2907 ad
749 2868 803 2907 vos
823 2869 885 2906 non
905 2847 1067 2906 mittendas
1087 2865 1215 2917 censue-

47 2971 51 2977 ·
75 2947 144 2994 runt:
158 2929 208 3014 ipsi
223 2947 324 2993 autem
342 2935 487 2995 vecordes
501 2956 569 2994 suas
588 2933 689 2993 literas
704 2933 860 2993 miserunt.
877 2931 917 2992 Et
929 2945 1031 2992 tamen
1044 2932 1216 3012 praeclarus

75 3017 122 3078 is'te
135 3019 171 3080 vir
185 3041 230 3079 me
248 3020 418 3099 pollicitum
438 3041 508 3083 esse.
521 3019 663 3100 Philippo
683 3018 767 3094 dixit,
785 3039 834 3078 me
851 3017 1069 3099 rempublicam
1088 3016 1216 3079 vest'ram

76 3103 279 3188 abrogatumm,
303 3106 388 3185 quod
412 3105 477 3164 illas
491 3105 781 3186 reprehendebam,
809 3126 882 3184 quas
908 3125 972 3163 non
995 3104 1088 3164 modo
1112 3116 1216 3182 turpes
1264 3138 1272 3145 -

77 3188 269 3264 erislinabam,
294 3192 349 3250 secl
373 3203 403 3251 et
425 3190 566 3265 verebar,
591 3210 630 3250 ne
654 3191 761 3259 insons
784 3210 841 3273 ego
852 3209 929 3249 meo
953 3189 1079 3249 interitu
1099 3187 1216 3268 culpam

32 3323 37 3335 .
75 3272 173 3349 illorum
196 3276 324 3336 luerem'
362 3274 531 3337 Aeschines
556 3296 628 3336 vero
655 3270 810 3355 nunquam
837 3274 955 3349 destitit
976 3272 1115 3355 privatim
1143 3293 1217 3332 con·
1265 3272 1294 3337 .“,

75 3360 143 3441 gredi
164 3372 227 3433 eum
245 3361 397 3442 Philippo.
441 3363 487 3421 Ac
514 3375 630 3422 caetera
650 3362 774 3440 quidem
790 3374 885 3421 taceo.
929 3360 1091 3443 Dercyllus
1116 3371 1217 3417 autem
1247 3396 1257 3405 -

75 3443 159 3504 Pheris
175 3467 240 3507 eum
259 3459 351 3506 nocte
370 3448 498 3526 quadam
515 3447 696 3521 observavit,
715 3469 778 3506 non
798 3467 866 3529 ego,
885 3440 1217 3525 adhibito-puerohoc

75 3548 145 3589 meo:
167 3553 260 3612 eoque
273 3532 489 3612 deprehenso,
517 3541 534 3591 e'
550 3533 746 3594 tabernaculo
765 3530 899 3612 Philippi
918 3543 1064 3603 excunte,
1089 3550 1218 3611 puerum

74 3613 134 3673 mihi
150 3618 320 3678 renuntiare
342 3618 446 3690 iussit,
472 3631 502 3678 et
520 3617 618 3699 ipsum
631 3618 674 3678 'id
693 3617 876 3699 meminisse.
918 3617 1072 3695 Denique.
1085 3615 1218 3675 nefarius
1253 3684 1255 3689 Ι

27 3744 29 3751 .
73 3697 158 3760 iste-et
173 3703 331 3784 impudens
350 3715 472 3763 noctem
499 3717 529 3763 et
548 3699 645 3775 diem,
673 3703 815 3786 digressis
834 3701 941 3773 nohis,
967 3701 1112 3762 remansit
1127 3701 1218 3781 apud
1280 3758 1302 3775 Α

74 3781 228 3868 Philippum.
271 3789 311 3849 Et
328 3788 403 3848 haec
421 3804 491 3848 vere
511 3810 530 3848 a
549 3809 597 3847 me
617 3787 676 3848 dici
693 3803 728 3850 ut
746 3801 901 3870 appareat,
926 3787 1058 3868 primum
1078 3807 1134 3869 ego
1153 3787 1218 3866 ipse

73 3867 227 3934 intabellas
254 3874 384 3934 referam
411 3884 442 3933 et
458 3894 527 3933 meo
553 3874 689 3954 periculo
715 3873 919 3935 testificabor:
945 3873 1056 3933 deinde
1083 3883 1244 3933 caetero-·

72 3974 126 4014 rum
146 3957 312 4042 legatorum
336 3959 475 4042 singulos
501 3958 601 4019 citabo
621 3973 652 4024 et
670 3961 797 4021 omnino
825 3972 878 4020 aut
900 3958 1056 4018 testificari
1081 3970 1134 4018 aut
1152 3954 1219 4017 eiu-

72 4054 124 4099 mre
139 4063 245 4126 cogam.
281 4045 580 4120 Quodsiseiurarint:
605 4045 731 4126 periurii
749 4066 802 4107 eos
825 4043 983 4105 manifeste
1002 4042 1033 4103 i'n
1053 4054 1219 4122 conspectu
1266 4070 1270 4076 ·

72 4138 152 4187 vestro
170 4129 351 4192 convincam.
750 4126 754 4133 ’
921 4132 924 4137 ’

161 4337 167 4345 .
343 4306 349 4337 ;
426 4286 839 4359 uesrrnonrum.
928 4334 931 4342 ,
1028 4244 1135 4363 -”
1205 4257 1304 4361 'tw

107 4418 110 4423 ·
142 4365 256 4460 leltue
273 4388 367 4472 igiter
383 4390 469 4451 malis
484 4332 662 4474 elnegutiis
676 4391 708 4453 iu
726 4390 921 4452 tuto.itinese
940 4387 1002 4453 sim
1016 4384 1218 4460 conflictatus,
1244 4380 1248 4387 ’
1280 4400 1285 4406 ’
