2722 4754
24 155 27 164 ’
76 121 241 259 ’,ΜΜ
407 178 788 276 ΜΜΜΜΜΗΜΜΜ
822 128 1017 246 enarro
1085 198 1105 275 χ

380 381 384 385 ’
429 374 497 466 f
515 382 923 463 rusr1M6M1uM.
1030 404 1065 456 η

83 567 88 573 ,
222 511 414 606 Quamquam
437 516 540 591 autem
563 525 722 585 possem,
720 503 864 579 ludices,
890 505 947 566 alia
965 486 1059 565 multa
1075 516 1114 569 et
1138 480 1301 608 gratiaru-

71 618 73 622 ⁴
137 596 243 667 ferre,
258 613 346 671 quae
353 592 410 651 iste
423 603 460 650 et
477 592 509 650 in
525 581 579 650 ine
594 592 676 651 etin
692 603 827 651 vestrum
846 590 993 671 quosdam
1012 593 1179 655 commisit.
1204 607 1302 655 tamen

42 740 52 752 ,
103 747 104 751 ,
127 702 173 744 ea
191 698 287 760 cogor
302 676 342 738 ob
360 676 422 735 dati
437 675 538 734 mihi
529 676 687 758 temporis
693 675 874 746 brevitatem
889 677 1138 756 praetermittere
1157 678 1302 757 Existimo

31 770 39 775 ’“
59 797 66 814 2
93 813 95 816 <
131 764 238 836 euim,
256 776 288 822 et
303 783 359 843 per
376 762 451 821 haec
470 761 540 837 satis
559 781 625 820 esse
644 773 829 837 ostensum,
841 767 904 820 noir·
922 761 1058 842 eiusdem
1077 783 1143 824 esse
1162 746 1303 838 hominis,

133 838 181 912 ⁸et
184 848 262 908 mihi
280 847 394 908 exsilii
391 858 512 906 struere
525 840 699 944 periculum
718 859 748 905 et
765 846 834 905 lites
853 843 948 905 ordiri
965 867 1028 906 nun
1046 848 1247 922 necessarias,
1270 849 1305 908 ad

138 931 296 997 arbitrum
300 945 402 992 autem
421 931 524 990 venire
532 931 727 1030 imparatum.
746 931 889 1004 Proinde
906 930 960 990 ubi
977 933 1014 991 de
1033 932 1093 1020 bis
1098 932 1229 993 dicere
1219 933 1305 993 rusti-

37 1032 117 1151 140
137 1021 256 1092 tuerit,
272 1038 357 1092 vos,
363 1015 496 1116 opinor,
513 1015 577 1074 eius
596 1015 766 1084 orationem
784 1035 848 1074 non
860 1001 1041 1096 probabitis.
1076 1017 1131 1076 Sin
1151 1018 1248 1092 dicet,
1273 1036 1304 1076 se

138 1116 279 1189 petente,
302 1115 338 1162 ut
356 1100 493 1160 omnium
510 1121 612 1159 rerum
631 1099 788 1160 arbitrium
801 1096 949 1200 Conoui,
962 1101 1116 1161 Timothei
1135 1102 1219 1175 filio,
1237 1122 1306 1182 per-

48 1197 61 1257 ‘,
138 1191 322 1260 mitteretur,
340 1203 388 1246 me
406 1186 579 1247 consentire
582 1184 749 1244 noluisse·
774 1180 922 1266 cogitate,
940 1185 972 1245 in
991 1186 1091 1246 animo
1111 1187 1143 1246 ei‘
1159 1194 1235 1260 ess'e,
1252 1207 1306 1250 vos

81 1275 288 1355 decipere,
323 1273 390 1354 Ego
410 1270 506 1346 enim,
527 1291 654 1351 quarum
672 1290 784 1329 rerum
793 1270 1017 1331 controversiae
1035 1272 1173 1331 nondum
1192 1271 1306 1332 iudicio

136 1361 243 1425 finitae
262 1370 365 1431 erant,
384 1364 432 1416 eas
450 1367 573 1439 paratus
590 1375 671 1415 eram
690 1367 720 1414 et
732 1351 856 1415 Cononi
874 1368 905 1415 et
922 1355 973 1415 alii
991 1356 1105 1415 arbitro
1123 1376 1240 1438 aequo,
1258 1351 1317 1415 cui'

40 1512 52 1522 ,
115 1438 198 1506 'iste
215 1445 323 1516 vellet,
342 1441 539 1502 committere.
575 1439 696 1516 Quibus
713 1454 814 1501 autem
833 1441 871 1500 de
888 1440 979 1500 rebus
998 1454 1046 1500 ter
1063 1443 1143 1521 apud
1161 1441 1306 1501 arbitrum
1332 1466 1336 1470 -
1357 1471 1359 1476 ¹

137 1543 335 1593 conventum
345 1539 424 1598 erat,
459 1537 619 1606 praesente
637 1525 696 1585 isto
715 1538 747 1586 et
763 1523 956 1600 adversante,
992 1548 1059 1587 cum
1079 1526 1194 1586 arbiter
1211 1539 1243 1586 et
1258 1546 1305 1585 me

43 1685 46 1692 1
74 1659 79 1663 -
140 1614 342 1696 absolvisset,
362 1623 393 1670 et
410 1611 467 1669 iste
486 1609 666 1679 sententiam
684 1623 790 1670 ratam
796 1610 966 1684 habuisset,
989 1625 1034 1672 ut
1043 1624 1074 1672 et
1091 1611 1172 1692 apud
1190 1631 1241 1671 vos
1259 1624 1306 1671 te-

36 1712 46 1730 ·
130 1712 252 1759 ‘statum
279 1696 338 1756 es't.
364 1717 429 1760 uon
450 1695 707 1776 'committendum
732 1715 797 1755 esse
824 1696 911 1770 duxi,
936 1708 972 1755 ut
990 1717 1030 1756 ea
1053 1696 1305 1758 rescinderentur.
1326 1771 1330 1775 Ι

124 1784 219 1886 xQum
238 1782 317 1843 enim
337 1779 458 1840 tandem
477 1769 714 1840 transactionum
733 1781 829 1840 exitus
847 1793 1012 1861 repertus
1005 1794 1100 1843 esset:
1136 1781 1162 1840 si
1173 1782 1212 1840 et
1229 1780 1304 1862 legi·
1353 1834 1355 1839 .

91 1898 95 1904 ·
139 1870 216 1932 tium
241 1864 437 1948 pronuntiata
454 1863 663 1939 rescidissem,
681 1878 713 1925 et
729 1865 817 1925 alteri
834 1864 954 1927 arbitro
973 1866 1120 1926 iudicium
1145 1867 1306 1925 earundem

51 2013 54 2020 ,
95 2011 108 2030 ,,
139 1975 253 2015 rerum
250 1950 454 2024 detulissem,
489 1950 665 2043 praesertim
684 1972 752 2011 cum
778 1951 854 2010 satis
866 1951 989 2024 scirem,
1024 1950 1147 2012 tametsi
1163 1953 1304 2012 adversus

57 2095 59 2099 ,
88 2074 90 2079 ·
139 2034 248 2118 alios
239 2044 373 2135 aequum
400 2055 472 2095 ΜοΜ
491 2047 572 2095 esset
592 2029 736 2094 arbitriis
766 2036 839 2136 niti,
875 2058 944 2096 cum
972 2037 1032 2096 isto
1061 2050 1163 2113 tamen
1189 2036 1232 2096 sic
1258 2036 1307 2119 agi

141 2123 284 2185 omnium
296 2141 363 2181 esse
380 2119 615 2199 aequissimum?
625 2121 749 2181 'Nam
724 2141 749 2179 st
766 2121 834 2221 quis
850 2143 920 2181 eum
935 2121 1164 2222 peregrinitatis
1176 2133 1306 2194 accuset,

73 2203 91 2290 'y
140 2228 295 2279 asserens,
313 2218 436 2287 patrem
438 2205 671 2265 iureiurando
656 2206 843 2306 ‘interposito
852 2227 1005 2308 negasse,
1023 2207 1125 2267 istum
1134 2228 1234 2269 suum
1241 2224 1305 2266 esse

110 2335 119 2356 .-
140 2294 255 2355 lilium:
278 2291 380 2350 alioue
397 2291 588 2350 firmamento
606 2291 665 2350 niti
678 2291 811 2382 poterit,
828 2291 888 2351 nisi
903 2311 960 2376 eo,
979 2312 1048 2352 cum
1058 2292 1197 2359 iurasset
1213 2303 1305 2350 mater

25 2372 28 2384 ’
59 2436 64 2445 ,
140 2379 288 2460 ipsorum,
306 2375 420 2436 arbitri
428 2375 577 2437 sententia
594 2376 768 2436 damnatum
786 2391 924 2436 coactum
942 2396 1007 2437 esse
1025 2389 1141 2479 patrem
1158 2389 1305 2449 nostrum,

112 2502 114 2507 ,
140 2463 299 2539 arbitrium
323 2475 429 2522 ratum·
448 2459 581 2520 habere?
606 2460 722 2536 Quid
713 2457 809 2542 agitur
831 2462 899 2521 fieri
924 2475 1015 2543 queat
1026 2461 1192 2542 iniquius,
1218 2481 1309 2552 quam

46 2553 81 2616 ρ’
117 2549 232 2610 istum
257 2547 357 2628 ipsum
381 2545 486 2605 arbitri
512 2546 662 2611 sententia
680 2545 783 2606 civem
805 2559 938 2607 uestrum
958 2567 1031 2607 esse
1040 2547 1171 2620 sactum,
1196 2559 1228 2606 et
1243 2565 1305 2609 me-

36 2651 41 2662 *
139 2655 210 2694 eum
228 2632 365 2692 divisisse
383 2630 614 2731 patrimonium,
640 2642 671 2691 et
687 2628 806 2731 omnia,
824 2653 900 2712 quae
919 2646 1122 2713 aequasunt,
1148 2652 1214 2691 esse
1234 2641 1305 2691 eon·

81 2710 85 2723 '
107 2772 117 2785 ,
134 2729 295 2778 secutum
309 2715 448 2796 quibus
457 2727 557 2774 autem
576 2736 634 2798 ego
653 2716 766 2789 causis,
797 2717 865 2777 isto
874 2724 1032 2797 praesente
1050 2731 1081 2777 et
1098 2727 1259 2783 accusante
1278 2727 1305 2774 et

84 2809 91 2817 '
141 2802 273 2862 iudicata
291 2814 353 2862 rata
372 2800 520 2873 habente,
544 2823 610 2860 sum
629 2797 803 2874 absolutus,
828 2824 892 2875 eas,
915 2803 1017 2864 irritae
1033 2815 1069 2862 ut
1086 2803 1177 2875 fiant,
1201 2814 1305 2881 postu-

40 2902 45 2916 *
76 2915 78 2919 ⁷
136 2887 272 2959 lantem,
290 2907 385 2964 aequa
402 2884 489 2945 vobis
502 2885 604 2946 videri
622 2885 742 2946 dicere?
761 2888 847 2966 quasi
864 2908 955 2961 vero,
974 2909 1058 2948 cum
1060 2887 1112 2947 isti
1131 2886 1305 2967 expedierit,

12 2994 30 3025 π
72 3033 79 3043 l
138 2983 202 3032 rata
221 2982 362 3052 oporteat
380 2990 445 3030 esse
463 2968 598 3039 arbitria:
620 2969 677 3029 ubi
695 2973 888 3042 commodum
907 2992 970 3032 non
987 2972 1095 3045 luerit,
1121 2971 1187 3032 eius
1205 2969 1332 3049 libitu,

28 3053 31 3069 '
125 3061 210 3117 ‘nem
228 3055 297 3136 plus
315 3053 477 3114 conveniat
493 3053 604 3114 babere
622 3056 827 3130 auctoritatis,
846 3071 934 3137 qu'am
953 3079 1003 3131 ea,
1022 3077 1099 3144 quae
1117 3056 1234 3138 legibus
1252 3075 1305 3113 ve-

55 3201 57 3212 ,
139 3141 209 3201 stris
227 3153 303 3199 sunt
317 3141 445 3199 decreta.
481 3139 545 3214 Qui
563 3139 712 3219 quidem*
703 3154 756 3202 tta
764 3155 810 3203 est
827 3142 1018 3217 insidiosus,
1024 3148 1060 3205 ut
1078 3153 1109 3201 et
1125 3139 1206 3216 illius
1225 3139 1305 3198 arbi-

137 3225 190 3285 trii
206 3225 414 3287 conditionem
430 3223 637 3284 miltitule'rit·
656 3246 719 3285 non
736 3241 783 3291 ut
790 3228 864 3286 mihi
881 3229 1051 3302 satisfieret,
1070 3227 1123 3286 sed
1137 3238 1183 3300 ut,
1201 3241 1306 3324 quem·-
1319 3226 1336 3279 Γ

97 3317 101 3320 ’
138 3310 302 3370 adruodum
328 3310 412 3389 prius
427 3311 578 3396 undecim
605 3309 700 3371 annos
726 3312 812 3372 malis
837 3312 951 3372 artibus
977 3334 1025 3405 me
1052 3309 1229 3383 distulerat,
1261 3308 1305 3371 sic

32 3443 37 3459 .
62 3414 73 3441 ·’
130 3390 473 3474 setiam,'1is,quorum
485 3388 533 3454 me
552 3394 666 3455 arbiter
681 3396 867 3470 absolverat,
890 3389 1042 3479 rescissis,
1061 3395 1126 3455 de
1117 3408 1249 3476 integro
1258 3415 1305 3454 ca-

40 3480 41 3485 ’
109 3437 339 3562 ¹lumniarettir
356 3492 388 3539 et
405 3479 551 3539 iudicium
571 3480 629 3539 hoc
647 3480 791 3542 eluderet
835 3477 928 3541 Cuius
947 3483 992 3542 rei
1011 3493 1226 3563 argumentum
1244 3478 1306 3540 evi-

138 3565 349 3626 dentissimum
368 3577 429 3638 est,
466 3549 550 3644 quod
573 3576 673 3666 neque
692 3567 899 3626 conditionem
923 3568 1056 3649 accepit,
1091 3587 1181 3646 quarn
1201 3584 1259 3646 ego
1279 3563 1305 3623 ei

131 3649 273 3732 legitime
291 3649 440 3722 ferebam,
466 3664 510 3723 et,
537 3651 620 3731 prius
644 3649 768 3711 arbitrio
792 3672 848 3733 per
869 3672 918 3710 me
943 3653 980 3713 a'd
997 3652 1202 3752 Xenippum,
1216 3668 1305 3729 quem

118 3733 194 3795 iste
213 3735 360 3794 arbitrum
377 3734 572 3835 designabat,
606 3736 706 3795 delato
726 3738 764 3797 de
783 3737 991 3798 controversia
1007 3737 1160 3811 numinis,
1193 3735 1251 3795 iste
1270 3733 1304 3809 il-

44 3863 46 3884 .
109 3819 213 3899 lum
209 3821 316 3880 vetuit
332 3821 539 3920 pronuntiare,
568 3822 658 3882 Haeo
669 3833 740 3883 vere
757 3843 775 3882 a
792 3843 841 3882 me
860 3822 936 3925 dici,
953 3842 970 3883 e
988 3820 1168 3923 testimonio
1188 3833 1220 3881 et
1236 3839 1305 3902 pro-

135 3906 296 3966 vocatione
314 3904 424 3965 scietis
722 3926 735 3936 ⁴

30 4045 140 4130 441.
238 4082 240 4086 ,
369 4054 710 4125 vrujsnMoutuu.
753 4057 1077 4128 provocarim
1115 4084 1119 4090 -
1161 4054 1164 4059 ’

168 4158 286 4220 Hac
303 4144 482 4219 conditione
499 4159 658 4240 repudiata
675 4181 742 4220 cum
761 4161 836 4221 mihi
854 4176 950 4247 struat
967 4162 1093 4224 insidias
1112 4176 1145 4225 et
1162 4148 1306 4224 iudicium
1330 4190 1332 4201 1

102 4263 228 4325 quam
247 4244 416 4328 diutissime
435 4244 559 4306 eludere
576 4246 712 4321 studeat,
737 4248 904 4323 accusabit,
925 4240 964 4308 ut
979 4247 1095 4325 audio,
1107 4272 1173 4311 nou
1191 4270 1239 4310 me
1258 4269 1305 4310 so·
1346 4272 1351 4277 ·

107 4328 220 4447 lum,
233 4331 288 4395 sed
307 4329 398 4390 etiam
407 4341 550 4447 patrem
568 4329 605 4390 ab
624 4351 661 4390 eo
679 4351 712 4392 se
730 4331 763 4391 iu
781 4353 876 4394 meam
895 4334 1023 4417 gratiam
1042 4331 1150 4449 multis
1166 4336 1306 4397 allectum
