2722 4754
146 165 227 254 sse„
361 193 367 233 ι
397 178 1077 256 nuuosruautsonnrro

67 373 81 394 f·
143 344 227 420 aqua
245 336 383 397 defluens
400 302 525 415 partim
528 334 560 394 in
578 332 674 409 viam,
692 334 800 417 partim
819 335 852 393 in
868 334 990 416 praedia
1007 335 1139 410 feratur.
1163 333 1322 411 eaque,si

29 450 34 459 ¹
60 458 76 477 κ
149 423 300 506 quando
291 443 323 480 m
336 419 420 492 viam
435 419 576 492 irruerit,
596 442 655 499 qua
674 420 787 481 exitum
805 418 1073 494 habundantem
1091 427 1148 500 pe'r
1164 418 1245 478 viam
1261 418 1321 478 ler-

128 523 208 582 ·tur,
226 528 285 586 qua
303 517 403 589 autem
422 504 536 584 aliquid
555 504 694 580 obsistit,
703 506 747 565 ihi
764 525 831 566 earu
846 519 1051 588 exaggeratam
1070 505 1101 564 in
1118 503 1236 565 fundos
1253 505 1321 564 red-

66 662 69 671 ,
98 616 105 633 s
141 594 288 697 pudere·
291 584 414 657 necesse
439 603 492 662 est.
526 589 629 671 Atque
653 591 784 652 adeum
802 591 884 650 hun'c
905 591 1055 671 fundum,
1082 590 1222 662 Iudices,
1245 588 1323 649 facta

30 725 33 735 ,
87 699 89 701 '
148 676 370 750 mundatione,
390 676 539 759 contigit,
562 697 669 757 aquam
686 677 813 737 irruere.
847 676 908 735 Sed
925 676 1115 758 neglectum,
1148 687 1235 755 patre
1253 694 1322 733 meo

149 763 293 864 nondum
304 766 444 834 tenente,
477 761 531 821 sed
548 759 688 835 homine,
720 783 769 822 cur
760 763 853 824 loca
871 758 944 821 haec
963 762 1089 820 omnino
1109 758 1323 840 displicebant,

78 902 84 909 .
105 852 181 909 el
199 848 293 948 magis
286 838 438 906 urbano.
464 846 566 925 Atque
591 847 751 907 iuuhdatio
779 847 824 906 bis
842 856 896 915 aut
912 860 959 906 ter
983 847 1095 906 fundos
1119 845 1265 918 vastavit,
1288 865 1322 904 ac

65 939 123 1001 311
148 934 251 1034 potius
271 953 323 992 eos
341 944 377 990 ut
393 932 471 990 viam
498 931 704 1011 complanavit.
726 933 833 1032 Quod
850 943 937 1013 pater
963 954 1031 991 cum
1048 932 1186 1003 videret,
1210 942 1246 989 ut
1266 949 1322 1011 ego

109 1056 111 1061 ·
150 1040 186 1081 ex
203 1019 260 1092 iis,
275 1017 332 1098 qui
350 1028 480 1114 norunt,
499 1017 607 1090 audio,
625 1039 659 1076 ac
676 1017 768 1076 vicini
787 1030 818 1077 et
836 1017 1034 1096 deposcerent
1052 1029 1083 1076 et
1099 1015 1161 1076 iter
1178 1036 1264 1095 per
1253 1013 1322 1074 lun-

150 1107 238 1169 dum
247 1104 396 1162 lacerent:
422 1089 477 1162 hal
502 1102 628 1160 maceria
652 1101 859 1162 circumdedit
894 1103 976 1168 Haec
999 1116 1035 1161 ut
1052 1122 1124 1161 vera
1149 1119 1218 1159 esse
1226 1090 1343 1164 vobis'

77 1184 83 1199 ’
114 1179 129 1223 ’·
149 1192 279 1262 constet,
299 1208 369 1245 cum
387 1198 480 1247 testes
500 1206 551 1246 eos
570 1187 749 1270 producam,
765 1187 899 1288 quirem
917 1201 1061 1260 norunt,
1054 1181 1125 1247 lum
1143 1199 1321 1266 argumenta

90 1334 96 1343 k
127 1274 278 1336 -testihus
297 1271 393 1332 multo
411 1271 563 1377 firmiora.
584 1266 727 1343 Callicles
746 1273 804 1345 ait,
827 1293 876 1347 me
895 1272 1053 1332 obstructo
1071 1272 1158 1331 alveo
1179 1270 1320 1330 damnum

114 1396 117 1402 ·
149 1360 208 1420 sibi
227 1358 375 1418 dedisse:
371 1377 442 1439 ego
462 1378 534 1417 vero
560 1357 687 1416 fundum
716 1379 785 1418 eum
804 1377 886 1430 esse,
912 1377 976 1416 non
994 1357 1129 1429 alveum,
1155 1356 1321 1426 ostendam

111 1454 130 1525 ᾗ
151 1443 278 1520 Quodni
296 1442 534 1520 concederetur,
559 1455 698 1502 nostrum
718 1464 783 1503 esse
794 1443 976 1524 proprium:
994 1443 1026 1501 in
1046 1463 1082 1500 eo
1101 1441 1234 1500 fortasse
1251 1463 1320 1522 pec-

150 1549 303 1629 caremus,
327 1527 411 1606 quod
435 1527 537 1586 locum
560 1526 718 1626 publicum
741 1541 980 1605 exstrueremus:
990 1544 1088 1586 nunc
1101 1544 1210 1604 neque
1229 1526 1267 1585 de
1286 1548 1320 1586 eo

62 1656 65 1659 -
106 1644 114 1650 ⁸
148 1600 287 1696 litigant,
319 1624 349 1672 et
367 1611 479 1672 fundus
506 1613 641 1673 consitus
670 1626 731 1672 est
728 1613 920 1685 arboribus,
946 1612 1058 1691 vitibus
1078 1624 1110 1670 et
1133 1611 1210 1670 ficis
1245 1612 1320 1686 Quis

54 1688 95 1775 ss
148 1706 223 1761 vero
242 1719 290 1757 eas
309 1698 341 1756 in
359 1696 472 1757 alveo’
462 1717 597 1756 inserere
615 1693 708 1757 velit?
733 1699 839 1757 Nemo
849 1697 995 1778 prolecto.
1006 1697 1091 1771 Quis
1111 1709 1215 1755 autem
1234 1695 1266 1756 iu
1283 1719 1319 1757 eo

147 1786 220 1845 looo
235 1783 364 1844 maiores
382 1794 454 1842 su'os
473 1782 638 1862 sepeliret?
669 1782 721 1863 Ne
733 1783 782 1850 id·
775 1783 907 1864 quidem
927 1783 1092 1881 quisquam
1105 1780 1238 1854 faceret,
1257 1783 1320 1873 opi-

30 1878 61 1944 s
150 1891 216 1931 nor.
250 1867 365 1947 Atqui,
387 1866 611 1939 Athenienses,
635 1879 765 1946 utraque
782 1868 857 1927 haec
875 1868 1087 1949 contigeruntz·
1119 1888 1192 1924 nam
1221 1880 1252 1925 et
1276 1889 1321 1926 ar·
1353 1865 1355 1869 ’

150 1944 249 2015 bores
264 1953 417 2034 plantatae
439 1952 578 2023 luerunt,
604 1952 779 2031 priusquam
803 1967 890 2032 pater
913 1970 998 2027 meus
1015 1972 1121 2031 sepem
1154 1951 1320 2012 circumda-

56 2043 60 2051 *
147 2053 208 2114 ret,
226 2053 256 2098 et
271 2049 470 2107 monumenta
486 2049 588 2105 vetera
605 2036 690 2117 prius
709 2037 809 2109 etiam,
827 2046 916 2116 quam
935 2059 991 2097 nos
1008 2058 1115 2118 agrum
1133 2036 1321 2137 emissemus,

39 2155 45 2159 ’
103 2184 118 2199 v,
149 2125 235 2184 lacta.
263 2125 351 2198 Quae
370 2122 500 2195 firmior,
518 2119 741 2195 Athenienses,
758 2121 1017 2202 asserriprehatio
1035 2121 1145 2201 queat?
1163 2122 1225 2181 Res
1243 2123 1321 2182 enirn
1353 2171 1356 2175 .

99 2224 103 2231 '
148 2209 373 2290 ipsaeomnem
392 2206 627 2269 controversiam
646 2202 766 2267 tollunt.
803 2205 883 2287 Cape
901 2208 960 2268 iam
977 2205 1205 2268 testimo'nia'et
1221 2209 1321 2267 recita.

545 2348 912 2404 ιιειιΜοιιι

33 2461 38 2474 ‘
81 2518 86 2525 ,
130 2518 133 2527 ,
217 2456 378 2534 'Auditis‚
403 2459 626 2532 Athenienses,
650 2461 866 2545 testimonia?
882 2422 1098 2529 Nonnevohis
1117 2474 1219 2542 aperte
1239 2461 1319 2523 affir-

49 2574 51 2581 ι
145 2565 232 2611 ,mare
250 2545 409 2619 videntur,
434 2559 465 2605 et
481 2546 610 2605 fundum
628 2524 788 2606 arboribus
808 2568 873 2606 esse
890 2549 1054 2621 refertum,
1074 2559 1105 2606 et
1119 2546 1235 2609 habere
1254 2560 1317 2604 mo-

151 2643 296 2693 numenta
309 2632 478 2710 quaedam,
498 2643 540 2689 et
541 2643 679 2710 caetera,
699 2632 824 2710 quaein
843 2632 909 2697 aliis
926 2634 1033 2701 lundis
1049 2652 1117 2692 esse
1135 2631 1257 2698 solent?
1275 2644 1316 2690 at-

68 2786 73 2796 ,
129 2717 132 2725 ’
151 2738 210 2798 que
229 2716 361 2789 iterum,
385 2728 505 2796 septum
527 2701 634 2815 luisqe
650 2715 778 2776 fundum
801 2717 922 2777 vivente
939 2719 1045 2778 adhuc
1059 2730 1155 2797 patre
1178 2716 1316 2789 istorum,

29 2869 32 2877 ¹
64 2800 67 2820 ¹
103 2872 107 2877 .
150 2822 215 2876 nen
233 2801 460 2861 adversantibus
486 2799 653 2874 velastis,
660 2803 708 2861 vel
730 2802 797 2861 ullo
820 2801 1011 2863 vicinorum?
1048 2802 1170 2882 Operae
1188 2803 1315 2882 pretium

133 2900 251 2970 ,autern
270 2898 333 2959 est,
351 2877 571 2962 Athenienses,
590 2886 679 2945 etiam
698 2900 824 2959 caetera,
843 2909 926 2967 quae
920 2880 1077 2947 Callicles
1096 2887 1193 2960 dixit,
1218 2887 1315 2946 audire

79 2994 106 3015 -'
136 2970 241 3052 ¹atque
274 2971 475 3031 considerare.
509 2971 662 3045 Primum,
693 2994 730 3032 an
760 2986 894 3032 vestrum
926 2973 1085 3053 quisquam
1116 2972 1166 3033 vel
1201 2971 1313 3045 viderit,

54 3065 57 3081 ¹
149 3057 198 3119 vel
222 3056 367 3123 audierit
377 3077 522 3149 unquam,
545 3055 627 3116 luxta
657 3057 735 3117 viam
753 3077 819 3116 esse
842 3059 967 3117 alveum
1000 3058 1161 3136 Equidem
1181 3056 1314 3129 arbitror,
1343 3064 1347 3076 “

149 3143 183 3202 iu
206 3141 261 3200 hac
284 3153 349 3211 tota
380 3131 519 3223 regione
541 3161 606 3200 esse
637 3124 762 3202 nullum.
786 3143 1013 3217 sQuamobrem
1046 3143 1154 3202 enim
1143 3143 1313 3223 quisquam

21 3238 24 3242 '
149 3247 245 3315 aquae
263 3247 319 3306 per
343 3226 494 3306 publicam
519 3227 596 3286 viam
621 3226 740 3308 impetu
759 3227 896 3300 abiturae
914 3228 1031 3289 alveum
1055 3247 1114 3310 per
1135 3249 1227 3312 suum
1249 3227 1313 3286 lun-

151 3304 238 3413 duta
248 3309 390 3371 fecisset?
425 3311 545 3370 Deinde
555 3311 664 3389 quis,
680 3333 809 3391 quaeso,
837 3327 970 3373 vestrum
996 3313 1058 3373 sive
1083 3313 1115 3374 in
1140 3333 1232 3397 agro,
1254 3311 1312 3372 sive

87 3439 88 3443 ,
109 3467 111 3475 y
150 3397 183 3457 in
200 3395 277 3456 urbe
295 3404 362 3476 per
367 3396 443 3455 riam
462 3395 608 3457 fluentem
627 3408 736 3476 aquam
750 3392 792 3456 in
809 3398 952 3458 fundum
950 3421 1045 3459 suum
1064 3413 1115 3460 aut
1132 3401 1226 3459 aedes
1241 3398 1313 3459 reci·

98 3512 103 3523 1
149 3481 256 3574 peret?
282 3480 352 3552 Non
372 3481 476 3543 centra
493 3481 595 3561 potius
616 3504 738 3553 omues,
755 3483 781 3542 si
800 3485 921 3562 quando
939 3484 1118 3544 uiolenter'
1107 3491 1250 3566 ingruet,
1267 3506 1312 3544 ex·
1318 3533 1322 3538 .

93 3563 120 3617 s
151 3563 274 3628 cludere
293 3579 383 3644 atque
402 3566 561 3630 obstruere
578 3567 734 3629 solemus?
764 3570 823 3627 lste
839 3589 914 3629 vero
932 3569 1084 3670 pqstulat,
1100 3582 1137 3628 ut
1154 3590 1263 3655 aquam
1281 3569 1314 3628 de

66 3664 128 3720 312
151 3652 226 3714 tia
217 3675 248 3711 ιιι
267 3671 367 3711 meum
384 3651 512 3711 fundum
531 3652 692 3732 recipiam,
711 3664 751 3724 et,
769 3675 837 3719 curn
857 3675 890 3713 ea
908 3655 972 3713 ad'
963 3654 1051 3714 rstius
1069 3654 1201 3713 fundum
1220 3674 1316 3713 acces

150 3738 240 3811 serit,
258 3748 294 3797 ut
304 3754 414 3803 rursus
432 3737 465 3796 in
482 3738 561 3797 viam
579 3737 719 3800 derivem.
742 3738 875 3799 Proinde
894 3740 1031 3839 quisquis
1049 3753 1120 3820 post
1137 3739 1232 3799 istum
1249 3738 1314 3798 lun-

82 3848 117 3905 a}
151 3825 224 3884 dum
241 3821 359 3894 hahet,
360 3842 464 3882 rursus
482 3839 530 3913 ιιιζε
549 3822 714 3883 accusabit:
740 3825 867 3884 eandem
886 3825 965 3884 e'nirn
983 3827 1135 3906 profecto,
1153 3846 1245 3904 quam
1263 3824 1315 3883 iste

75 3906 95 3941 ’·
151 3909 268 3981 etille,
299 3929 426 3969 causam
437 3929 541 3967 omnes
559 3908 667 3968 afferre
685 3921 838 3988 poterunt
881 3908 1020 3991 Atqui
995 3934 1022 3996 ει
1038 3911 1073 3969 in
1089 3911 1169 3969 viam
1188 3911 1315 3971 educere

150 4015 257 4073 aquam
277 3990 437 4092 dubitabo,
456 3993 646 4053 confidenter
663 3994 782 4061 scilicet
797 4015 861 4054 eam
879 3995 911 4055 in
930 3990 1062 4055 vicinum
1080 3995 1213 4055 fundum
1232 3995 1316 4055 emit
1334 4050 1338 4057 .

147 4091 219 4139 tem.
252 4074 332 4166 Cum
358 4079 438 4138 enirn
464 4100 544 4138 nunc
569 4080 699 4146 mulctae
716 4080 908 4140 constitutae
915 4081 1046 4163 legibus
1064 4103 1080 4141 a
1098 4101 1148 4140 me
1166 4083 1316 4162 petantur,

87 4214 92 4223 ,
115 4217 126 4233 ,
152 4166 248 4242 quod
245 4176 330 4243 aqua
349 4163 433 4222 de
404 4185 452 4222 vra
469 4164 502 4223 in
520 4164 608 4224 istius
625 4165 780 4225 fundum
771 4166 875 4225 uruit:
910 4167 1001 4266 quid,
1024 4186 1157 4247 quaeso,
1182 4167 1258 4226 mihi
1275 4166 1315 4225 la-

18 4272 40 4319 χ
91 4298 94 4303 ,
117 4252 120 4257 ’
152 4247 246 4309 cient
250 4249 323 4332 illi,
344 4249 454 4329 quibus
473 4271 549 4329 aqua
575 4271 592 4309 e
616 4251 711 4311 fundo
731 4270 800 4310 meo
820 4250 914 4312 eiecta
933 4252 1072 4335 nocitura
1091 4252 1159 4314 est?
1173 4253 1315 4331 Quando

125 4415 130 4424 .
150 4345 251 4393 autem·
269 4343 375 4415 aquen)
394 4348 550 4415 exceptam·
565 4337 672 4414 necin
688 4336 790 4408 viem,
808 4356 866 4397 nec
877 4339 916 4397 -in
927 4359 1022 4420 :agros
1041 4326 1315 4414 emittere-licebit,

1298 4510 1307 4543 l
