2722 4754
145 190 207 245 ιιι
408 160 446 240 ³.
516 181 933 283 Ιοιιιοιιιιιιιιι

142 343 245 397 'rerum
262 358 336 396 usus
356 350 419 403 eam
438 336 625 437 ingenerant.
650 336 724 396 Nc
715 336 817 418 agitur,
835 337 1050 414 Athenienses,
1070 340 1258 415 committite,
1275 358 1303 407 ut

143 422 175 489 in
193 419 360 502 praesentia
375 421 459 481 boe
447 440 606 504 agnorasse
621 421 794 496 videamini,
811 423 974 484 verborum
993 422 1207 484 fortitudinem
1223 438 1302 504 atque

39 526 58 540 “
143 507 312 579 andaciam,
340 504 400 566 nisi
423 507 520 566 iustus
545 519 703 588 apparatus
729 520 760 566 et
782 507 860 567 vires
883 509 1082 582 accesserint,
1108 503 1145 568 ιιι
1167 508 1302 572 iucundas

144 610 209 651 esse
228 591 350 665 auditu,
369 591 412 650 sie
430 592 466 650 ad
485 593 635 694 agendum
654 591 847 693 periculosas.
881 594 957 654 Nam
976 594 1053 653 illud
1072 593 1192 666 statim,
1209 594 1301 675 probi-

79 742 83 751 ,
142 676 265 736 bendas·
276 697 341 735 esse
359 688 563 758 grassatorum
581 678 721 750 iniurias,
735 692 824 756 quam
843 677 882 737 sit
899 679 1025 739 verbum
1044 678 1241 759 praeclarum,
1257 702 1301 739 au-

142 761 222 821 ditis.
241 760 306 820 At
282 760 435 863 inprimis
452 782 516 821 rem
532 763 627 843 ipsam
642 774 783 843 spectate.
801 761 953 824 Vincendi
966 776 1038 823 suut
1053 762 1160 823 hostes
1174 785 1301 846 pugnas

46 842 51 851 “
143 847 182 906 ιιο
207 846 290 905 ab''
268 869 321 920 ns,
349 846 402 925 qui
426 846 516 906 buius
535 848 621 908 verbi
639 847 834 928 splendorem
859 847 998 931 adepturi
1023 848 1093 913 siut.
1128 849 1206 906 Nam
1230 848 1301 908 dictu

141 931 281 1010 quidem,
318 930 539 1032 Athenienses,
575 932 672 992 facilia
696 940 788 992 sunt
793 932 909 1005 omnia,
943 932 1025 993 factu
1051 953 1126 992 vero
1150 953 1215 992 non
1239 932 1301 995 item

48 1034 50 1037 ·
141 1017 259 1077 omnia
288 1038 345 1076 uec
370 1016 450 1075 enim
474 1038 540 1097 pars
530 1017 662 1077 labore
680 1030 712 1078 et
726 1017 841 1078 sudore
860 1018 897 1077 ad
915 1018 1084 1078 dicendum·
1104 1023 1136 1077 et
1159 1018 1197 1076 ad
1221 1038 1299 1099 agen-

141 1101 212 1159 dum
231 1100 414 1182 pervcnitur.
432 1101 499 1184 Ego
515 1123 588 1163 vero
606 1124 660 1163 vos
679 1113 785 1161 natura
796 1101 948 1162 Thebanis
968 1102 1065 1162 nihilo
1086 1122 1153 1162 esse
1171 1113 1245 1182 puto
1261 1103 1300 1162 in-

139 1185 267 1246 feriores
286 1185 463 1268 (insanirem
483 1186 629 1270 etenim),
648 1187 702 1247 sed
721 1186 821 1246 minus
839 1187 1015 1247 instructos:
1032 1185 1136 1247 'Nunc
1153 1186 1246 1270 igitur
1260 1188 1299 1246 in-

53 1277 113 1334 431
138 1271 243 1350 primis
267 1291 371 1352 parare
391 1292 446 1330 nos
460 1271 629 1373 debemus,
658 1273 781 1353 quando
800 1273 914 1331 dudum
934 1261 1038 1333 Martis
1061 1272 1159 1332 aleam
1186 1272 1300 1352 experiri

139 1355 323 1455 neglexistis.
341 1357 405 1415 Nec
419 1356 500 1416 enim
515 1357 547 1417 iu
561 1357 737 1461 universum
749 1357 937 1445 contradico,
954 1359 1008 1418 sed
1026 1358 1063 1417 de
1080 1356 1175 1417 modo
1190 1377 1298 1440 aggres-

140 1440 234 1501 sionis
254 1440 403 1501 adversor.

140 1697 275 1806 Quanto
294 1726 386 1809 legati
404 1727 506 1787 studio
526 1727 676 1788 civitatem
696 1741 830 1788 nostram
848 1729 1033 1799 accusarint,
1060 1748 1168 1786 omnes
1186 1727 1300 1827 vidistis,

137 1811 357 1871 Athenienses.
386 1834 446 1872 una
466 1812 545 1872 enim
563 1832 597 1872 re
616 1826 761 1913 excepta,
786 1813 890 1872 nescio
911 1835 986 1892 qua,
1019 1825 1138 1872 caetera
1158 1812 1256 1871 omnia
1272 1812 1298 1871 iu

64 1915 68 1919 ·
136 1918 190 1972 vos
204 1917 383 1996 congerere
394 1910 466 1957 sunt
484 1897 598 1957 conati.
608 1896 700 1956 Ac
675 1918 703 1956 ιι
719 1896 945 1959 criminationes
962 1919 1070 1967 eorum
1087 1919 1177 1956 verae
1194 1910 1299 1956 essent.
1329 1961 1332 1965 ,

69 2009 75 2014 ·
136 1982 261 2064 gratiam
287 1980 383 2040 illis
373 2002 439 2043 rure
468 1981 635 2054 haberetis,
671 1982 754 2061 quod
778 2002 832 2042 vos
848 1983 939 2063 apud
965 1981 1170 2062 vosmetipsos
1196 1981 1298 2062 potius,

83 2110 85 2114 ,
127 2089 227 2146 qnam
244 2065 324 2146 apud
344 2065 445 2125 alios
436 2079 477 2143 ita
495 2079 692 2127 accusassent.
724 2065 789 2128 sed·
804 2089 872 2126 cum
889 2067 933 2128 sic
953 2066 1094 2143 oratione
1110 2068 1174 2141 sint
1191 2067 1253 2140 usi,
1268 2079 1298 2127 ut

135 2152 293 2218 veritatem
311 2151 529 2230 perverterint,
548 2173 581 2211 ac
599 2165 664 2211 tum
684 2171 726 2226 ea,
744 2164 872 2232 propter
889 2174 966 2252 quae
984 2133 1090 2212 laudes
1109 2136 1197 2213 vobis
1215 2151 1297 2212 maxi

135 2256 201 2295 mae
219 2234 385 2313 debentur,
412 2236 640 2315 praeterierint,
667 2248 732 2296 tum
751 2235 807 2296 alia
826 2237 950 2296 crimina
969 2237 1077 2310 falsa,
1086 2257 1226 2318 quaeque
1243 2257 1297 2296 non

100 2331 103 2334 ’
135 2319 274 2380 cadunt
265 2340 296 2377 m
314 2341 386 2393 vos,
412 2319 598 2379 obiecerint:
623 2319 755 2400 improbi
773 2317 901 2421 merito,
923 2335 1087 2402 postquam
1108 2322 1184 2381 haec
1200 2321 1296 2380 fecisse

130 2405 363 2479 convincentur,
383 2404 796 2465 eruntindieandi.Na1ns1
815 2406 992 2486 opinionem
1011 2406 1207 2487 eloquentiae
1224 2404 1297 2465 laudi

126 2489 267 2552 ,veritatis
287 2500 318 2548 et
336 2488 529 2549 humanitatis
547 2489 774 2570 praetulerunt.
809 2511 848 2549 ne
866 2491 924 2573 ipsi
943 2492 1090 2571 quidem,
1120 2504 1156 2551 ut
1173 2503 1295 2571 apparet,

135 2576 174 2645 de
192 2595 228 2635 eo
247 2573 395 2648 laborant,
414 2586 449 2663 ut
467 2564 587 2633 boni'
560 2596 616 2634 ιιιι
607 2573 809 2634 habeantur.
827 2575 959 2637 Difficile
979 2589 1024 2635 est
1040 2596 1098 2656 pro
1118 2575 1205 2636 vobis
1223 2576 1294 2656 apud

100 2700 104 2713 ι
133 2682 187 2720 vos
207 2659 358 2720 dicturum
376 2655 512 2740 surgere,
530 2659 784 2738 quemadmodum
803 2659 900 2734 facile,
919 2673 1024 2720 contra
1042 2681 1107 2720 vos.
1113 2661 1195 2742 Ego
1214 2660 1294 2732 enim,

134 2745 320 2817 mehercule,
345 2743 445 2804 nullos
465 2744 605 2804 homines
624 2745 698 2803 alios
717 2765 786 2803 vera
804 2766 874 2816 sua,
899 2745 972 2805 dum
988 2747 1241 2822 admonentur,
1232 2766 1294 2845 pro-
1316 2813 1319 2816 ,

134 2831 186 2890 bra
210 2843 270 2889 tam
289 2829 393 2910 aequis
412 2829 519 2889 animis
539 2828 644 2909 audire
662 2841 737 2908 puto
750 2875 757 2904 ,
770 2851 883 2911 >vquam
899 2851 955 2889 vos
975 2830 1086 2890 auditis
1107 2829 1295 2903 eaeonvici'a,

62 2920 65 2926 '
134 2937 211 2994 quae
236 2914 312 2974 falso
338 2915 370 2972 in
394 2935 448 2974 vos
474 2912 631 2973 iaciuntur.
667 2913 751 2989 Quin
772 2911 849 2972 'istos
875 2914 1053 2974 etiamnon
1079 2915 1294 2974 existimomus

134 3000 326 3060 confidenter
341 2998 416 3058 falsa
433 2997 526 3059 fuisse
546 2999 698 3098 dictqros,
721 2997 781 3056 nisi
800 3011 988 3098 compertum
1008 2999 1069 3058 boc
1080 2999 1251 3072 baberent,
1266 3021 1293 3060 ac

34 3100 46 3111 ‘
132 3085 330 3183 perspicuqm
337 3095 440 3156 esset,
467 3104 521 3142 vos
541 3083 678 3143 omnium
697 3103 762 3142 esse
778 3083 983 3162 paratissimos
1002 3084 1039 3143 ad
1057 3085 1089 3143 id
1108 3084 1293 3156 audiendum,

134 3171 217 3249 quod
236 3168 333 3247 quivis
353 3168 384 3227 in
403 3189 457 3228 vos
477 3168 593 3233 dixerit
629 3168 751 3243 Quodsi
771 3166 924 3227 facilitatis
944 3168 1034 3252 buius
1053 3190 1174 3248 poenae
1192 3171 1293 3229 dl'odae

56 3317 58 3320 ,
133 3265 217 3312 suut:
235 3252 526 3324 nonaliaefuerint,
544 3250 821 3333 quamntcrimina,
839 3245 1293 3330 quaenoncaduntinnostram

133 3338 300 3411 civitatem,
325 3336 460 3396 audiatis.
496 3336 549 3395 Sin
576 3336 724 3409 veritatis,
749 3348 785 3395 nt
810 3348 856 3395 est
873 3359 1019 3417 aequum,
1045 3339 1239 3418 suscipienda
1255 3351 1293 3398 cst

133 3421 287 3499 defensio:
307 3443 371 3480 cam
390 3421 430 3479 ob
449 3443 566 3481 causam
586 3419 645 3480 buc
664 3441 721 3502 ego
740 3419 855 3500 prodii,
874 3442 937 3490 ιιοιι
957 3423 1040 3500 quod
1059 3438 1110 3482 me
1128 3445 1187 3502 pro
1205 3423 1293 3522 digni·

131 3520 193 3568 tate
211 3528 313 3565 rerum
332 3529 348 3566 a
366 3506 453 3564 vobis
472 3519 623 3588 gestarum
641 3525 730 3586 posse
750 3505 866 3581 dicere,
884 3507 938 3565 sed
958 3507 1042 3585 quod
1060 3508 1217 3581 actiones,
1235 3508 1293 3588 qui·
1331 3560 1334 3565 .

132 3592 351 3671 buscunque
331 3589 431 3652 verbis
450 3590 674 3670 explicentur,
665 3602 758 3650 iustas
776 3590 872 3668 visum
891 3590 929 3649 ιιι
920 3590 1079 3651 conlido.
1100 3552 1221 3652 Velleni
1238 3613 1294 3663 vos,

131 3676 356 3750 Athenienses,
378 3696 490 3756 aequos
510 3697 575 3736 esse
594 3675 625 3734 iu
644 3695 677 3732 re
695 3685 793 3733 vestra
811 3660 984 3748 auditores,
1005 3696 1063 3734 nec
1082 3677 1154 3754 quia
1174 3691 1293 3737 vestram

131 3762 386 3862 approbationem
400 3757 553 3821 orationes
572 3759 788 3838 impetrarunt,
806 3758 890 3833 de
863 3779 905 3817 ers
923 3779 977 3818 vos
995 3760 1095 3820 rixari.
1131 3760 1207 3823 Non
1223 3762 1294 3821 enin

34 3837 43 3850 ’
133 3847 292 3947 quisquam
309 3846 341 3906 id
358 3846 433 3905 vitio
452 3857 553 3905 vestro
571 3843 701 3917 tribuet,
728 3865 754 3902 ιι
745 3842 808 3902 ab
827 3827 950 3903 homine
968 3844 1034 3907 sitis
1055 3845 1267 3926 eloquente'
1243 3869 1294 3906 crr-

132 3933 302 3993 cumventi:
325 3932 378 3991 sed
397 3951 521 4003 eorum,
540 3929 592 4009 qui
610 3929 642 3989 in
660 3929 691 3988 id
710 3949 834 4009 operam
852 3928 1019 4029 dederuut,
1041 3942 1077 3991 ut
1096 3953 1155 3992 vos
1173 3932 1205 3991 in
1223 3932 1293 3993 frau-

135 4016 202 4076 dem
221 4016 379 4077 illicerent.

137 4267 284 4374 Opinor,
309 4317 415 4358 omnes
432 4316 502 4369 vos,
519 4293 741 4367 Athenienses,
766 4293 977 4371 confessuros,
996 4317 1037 4356 ea
1056 4300 1140 4361 velle
1160 4302 1224 4362 ficri
1241 4321 1298 4372 ros,
