2722 4754
360 156 1078 278 anvsnsbs‘amsrocrtassm
1231 192 1293 256 ‘ass
1346 152 1350 157 ⁵

113 340 224 424 ipsum
241 362 334 423 posse
352 365 463 428 negare
480 343 699 408 Aristocraten
718 348 858 418 arbitror,
873 349 934 411 Sed
952 350 1071 427 accidit,
1087 362 1124 411 ut
1141 349 1292 431 quendam
1346 333 1350 341 x

112 427 306 492 violatarum,
320 428 429 511 legum'
440 450 525 490 reum
543 431 686 508 viderim,
712 433 778 515 qui,
802 428 870 494 cum
889 436 1008 519 legibus
1026 437 1235 508 damnaretur,
1258 455 1292 495 se

112 513 326 595 conducibilia
344 514 432 584 vobis
449 515 605 596 scripsisse
624 519 724 597 dicere
741 519 931 595 institueret,
956 534 987 581 et
1003 512 1201 584 vehementer
1218 539 1293 580 con·-
1317 587 1319 590 y

113 598 276 666 tenderet:
302 599 394 660 stulta
412 599 535 679 quidem
553 623 689 683 prorsus,
708 604 828 686 opinor,
839 605 894 673 uel
912 606 1086 689 impudenti
1100 607 1204 688 potius
1223 614 1293 687 ora7

116 685 211 749 tione.
222 685 373 772 ‘Tametsi
389 685 471 745 enim
488 704 536 776 ewa,
551 709 629 768 quae
647 691 840 769 decrevisset,
858 690 1034 772 incaeteris
1051 691 1097 751 ab¹
1107 687 1191 758 omni
1207 682 1303 771 parte

118 770 207 832 utilia
226 783 346 843 essent,
368 783 400 830 et
418 792 436 830 a
453 771 540 833 vobis
558 785 678 848 tamen,
697 774 751 855 qui
767 797 821 836 vos
840 797 877 835 ex
894 776 1080 856 praescripto
1098 777 1201 859 legum
1219 797 1292 857 pro·-

48 882 53 889 ·
114 855 314 917 nuntiaturos
333 854 475 939 iurastis,
501 878 536 918 ca
556 860 728 920 confirmari
745 861 930 943 postularet,
956 881 1034 941 quae
1051 879 1112 921 nec'
1126 862 1312 943 ipseiuste*

112 940 229 1023 scripta
253 961 320 1003 esse
342 956 449 1022 posset
474 945 656 1006 ostendere:
683 966 739 1026 pro
762 946 921 1007 inutilibus
945 941 1082 1006 habenda
1106 946 1239 1019 fuerint,
1262 944 1292 1006 'si

110 1028 212 1088 modo
230 1026 428 1091 iurisiurandi
444 1028 555 1111 religio
573 1031 695 1090 maximi
713 1031 854 1092 omnibus
871 1031 1008 1092 facienda
1027 1044 1080 1092 e‘st.
1108 1025 1290 1110 Habetrf'or-

46 1167 54 1174 .
108 1124 197 1174 tasse
219 1125 323 1174 tamen
347 1111 399 1173 illa
424 1113 614 1195 impudentia
631 1117 772 1177 nonnihil
792 1116 1001 1178 excusationis.
1043 1117 1097 1180 lsti
1114 1127 1215 1176 autem
1233 1114 1290 1175 nec

111 1218 150 1260 ea
176 1219 265 1260 causa
289 1196 476 1278 relinquitur
493 1198 656 1281 apoduos.
701 1199 778 1263 Cum
797 1203 878 1264 enim
897 1204 1052 1267 decretum
1071 1203 1135 1262 eius
1155 1197 1289 1261 summo-

68 1347 74 1354 ,
109 1299 191 1366 pere
209 1283 330 1368 legibus
348 1285 539 1345 adversetur:
556 1286 759 1367 perniciosius
778 1289 867 1348 etiam
887 1301 943 1362 est,
961 1309 1051 1367 quam
1065 1286 1212 1367 iniquius.
1231 1284 1289 1346 At:
1320 1332 1332 1355 b,

115 1391 183 1452 que
199 1369 230 1431 id
247 1369 355 1452 ipsum·
367 1371 725 1451 quoquedemonstrabo
744 1371 838 1433 vohis.
857 1375 899 1433 Ut
916 1378 1017 1433 autem
1034 1371 1083 1448 id,
1104 1369 1290 1452 quodvolo,
1335 1408 1336 1412 =

115 1455 224 1519 verbb'
234 1454 424 1538 paucissimis
443 1457 617 1516 ostendam:
653 1469 766 1517 notum
782 1458 870 1539 vohis
889 1458 1031 1519 omnibus
1050 1456 1288 1538 exemplumre-

82 1566 86 1571 ·
113 1541 258 1603 censebo.
283 1540 392 1614 Scitis,
411 1561 427 1601 e
445 1541 601 1623 republica
619 1555 825 1618 nostra-esse,
843 1555 878 1603 ut
895 1564 996 1623 neque
1014 1542 1169 1618 Thebani,
1187 1559 1289 1622 neque

110 1626 348 1690 lacedaemonii
366 1626 428 1686 sint
451 1624 611 1707 potentes,
635 1630 689 1689 sed
711 1640 747 1689 ut
763 1628 809 1688 illi
826 1628 1016 1703 Phocenses,
1040 1626 1074 1687 bi
1097 1628 1171 1688 alios
1196 1620 1297 1709 quos:

110 1714 200 1796 piam
223 1707 409 1775 aduersarios·
436 1710 582 1773 habeant:
618 1733 688 1774 nam
706 1714 759 1774 tali
775 1735 878 1777 rerum
897 1727 1049 1776 statu-vos
1067 1734 1213 1774 summam
1228 1717 1287 1793 po·
1318 1780 1344 1786 ..

110 1798 246 1861 tentia'm
262 1788 364 1879 securi
387 1794 425 1881 et·
435 1810 517 1859 extra
536 1819 626 1862 omne
644 1799 738 1880 positi
755 1800 925 1885 periculum
942 1812 1047 1860 tenere
1065 1798 1202 1880 potestis.
1220 1791 1288 1857 Hac

113 1884 222 1966 ipsum
244 1882 517 1967 igitur'consimilif
533 1884 652 1944 ratione
682 1883 798 1945 civibus
816 1884 945 1960 uostris,
970 1885 1024 1964 qui
1041 1885 1073 1943 in
1094 1881 1286 1943 Chersoneso
1316 1930 1338 1955 .,

112 1971 300 2044 consedere,
317 1968 463 2049 prodesse
482 1968 616 2050 putetis,
632 1981 668 2066 ut
685 1990 724 2029 ne
743 1969 811 2049 quis
830 1969 982 2030 Thracum'
999 1991 1122 2052 magnas
1141 1989 1215 2049 opes
1233 1967 1293 2028 haa
1310 1977 1357 2038 41⁴

111 2054 202 2116 beat:
227 2075 295 2114 nam
311 2052 436 2115 illorum
454 2054 604 2127 tumultus
622 2054 703 2114 inter
720 2054 820 2136 ipsos,
834 2048 1030 2134 'mutuaeque
1048 2053 1238 2133 suspiciones
1256 2047 1295 2136 et'¹

111 2139 418 2201 simultates-,summa
437 2153 508 2222 sunt
527 2140 663 2200 omnium
681 2139 912 2219 firmissimaque
929 2135 1114 2199 Chersonesi
1131 2137 1287 2219 praesidia.

111 2227 280 2287 Decretum
298 2237 371 2286 vero
389 2224 490 2298 istud,
509 2245 590 2304 quo,
614 2238 649 2285 ut
667 2222 900 2306 Cersohleptae,
922 2225 1033 2285 summi
1052 2223 1153 2303 ducis,
1171 2222 1294 2283 securi-'

109 2311 176 2373 tati
184 2309 366 2384 consulitur,
384 2309 428 2368 sie
447 2323 636 2371 caeterorum
654 2332 761 2394 regum
778 2309 938 2392 praefectis
958 2322 1056 2380 metus
1074 2321 1104 2370 et
1119 2320 1286 2380 terror,'ne
1309 2314 1312 2317 ’
1342 2344 1357 2391 ‘.

109 2397 147 2458 in
170 2392 297 2462 crimem
310 2395 435 2475 aliquod
459 2395 601 2471 veniant,
628 2396 802 2469 incutitur,
818 2395 875 2456 hos
900 2395 1053 2470 infirmos,
1079 2415 1174 2454 unum
1199 2392 1286 2453 illum
1350 2417 1357 2426 ‘

109 2494 272 2565 potentem
295 2476 376 2544 lacit
418 2481 465 2540 Ne
483 2501 557 2545 vero
567 2481 746 2555 miremini,
771 2482 891 2541 decreta
908 2493 1007 2542 vestra
1030 2491 1149 2539 tantum
1174 2477 1286 2538 habere

103 2564 257 2650 ponderis
277 2580 309 2628 et
327 2565 492 2626 momenti:
523 2588 588 2627 rem
606 2566 715 2627 iactam
734 2581 765 2627 et
782 2580 886 2627 notam
901 2563 1152 2627 'vobis‘omnibus
1170 2563 1203 2623 in
1221 2584 1285 2622 me-

110 2653 241 2714 moriam
265 2652 410 2735 redigam.
454 2647 533 2712 Cum
550 2651 746 2736 Miltocythcs
772 2649 890 2736 aCoty
907 2646 1084 2727 defecisset,
1108 2644 1286 2727 bellumque
1320 2714 1321 2717 Ἴ
1351 2678 1355 2682 ·

114 2738 171 2798 diu
188 2737 372 2821 traheretur,
400 2749 430 2797 et
447 2737 615 2819 Ergophilo
635 2758 794 2798 successor
810 2739 897 2797 datus
921 2734 1070 2794 Autocles
1088 2733 1188 2793 'classe
1212 2745 1285 2812 pro·

110 2823 248 2884 fecturus
266 2826 361 2884 esset:
379 2822 493 2882 factum
511 2823 664 2902 quoddam
682 2823 761 2904 apud
779 2843 834 2883 ves
853 2820 1029 2895 huiusmodi
1045 2820 1202 2880 decretum
1216 2816 1285 2890 fuit,

62 2910 66 2924 ‘
109 2908 392 2992 quo'Miltocythes
409 2908 591 2989 perterritus
615 2907 705 2982 abiit,
730 2908 815 2988 quod
839 2928 893 2967 vos
917 2926 933 2966 a
958 2926 1000 2966 se·
1017 2904 1163 2964 alienatos
1183 2901 1285 2962 existi-

108 2993 222 3055 mabat.
263 2991 359 3079 Cotys
377 3006 479 3054 autem
498 3006 529 3053 et
546 2993 623 3054 sacri
645 2992 758 3076 montis
778 3006 810 3052 et
825 2992 975 3052 thesauris
995 3002 1042 3050 est
1059 2989 1195 3071 potitus.·'
1227 2986 1285 3047 At:

109 3080 168 3161 qui
185 3079 314 3154 deinde,
331 3078 554 3153 Athenienses,
571 3077 719 3138 Autocles
738 3077 949 3150 accusabatur,
968 3075 1053 3156 quasi
1072 3072 1298 3158 Miltocythem'

106 3165 312 3246 perdidisset:
335 3166 457 3245 iamque
474 3177 594 3245 ternpus
613 3163 774 3224 accusandi
793 3165 949 3223 auctorem
967 3159 1083 3222 decreti
1100 3159 1183 3221 illius
1203 3157 1284 3239 exie-

109 3262 179 3327 rat,
203 3264 234 3313 et
251 3264 356 3313 nostra
381 3251 486 3312 civitas
517 3242 609 3312 rebus
636 3248 756 3309 infectis
776 3246 956 3330 etrperditis
988 3245 1135 3306 desistere
1153 3242 1299 3326 cogeba-'

107 3350 169 3397 tur.
203 3335 343 3397 Omnino
360 3336 454 3420 igitur
471 3335 591 3409 scitote,
608 3357 691 3395 nunc
710 3335 811 3407 etiam,
828 3333 1062 3394 nisidecretum
1079 3328 1284 3391 hoc'solvcri-
1318 3396 1321 3399 ,

109 3420 169 3495 tis,
197 3435 229 3489 et
246 3440 335 3504 reges
354 3423 436 3502 ipsos
455 3414 610 3481 eteorum
629 3423 721 3481 duces
740 3418 922 3480 mirabiliter
937 3417 1045 3478 a‘nimis
1062 3415 1285 3498 trepidaturos:

107 3503 264 3588 putabunt
290 3508 386 3582 enim,
411 3526 444 3568 se
470 3500 594 3586 prorsus
613 3507 779 3587 despectis,
805 3505 842 3564 ad
861 3500 1092 3584 Corsobleptem
1116 3523 1170 3570 ros
1195 3497 1284 3559 incli-

53 3580 67 3597 ’
100 3613 189 3652 nare.
234 3593 299 3668 Qui
324 3593 350 3652 si
373 3592 413 3652 oh
439 3613 504 3651 cam
528 3588 731 3673 opinionem,
751 3614 767 3651 a
786 3587 987 3670 Cersoblepte
1012 3608 1068 3668 per
1093 3585 1312 3646 occasionem·

46 3705 52 3713 ·
104 3677 242 3758 aliquam
251 3677 446 3759 ¹oppugnati,
464 3678 566 3759 regnis
586 3677 747 3737 cesserint:
771 3667 878 3759 ru'rsus
896 3695 931 3734 cx
950 3695 983 3735 ea
1000 3695 1035 3757 re
1054 3671 1128 3753 quid
1144 3671 1283 3731 futurum
1345 3716 1348 3725 .

105 3762 164 3838 sit,
181 3763 294 3824 videte.
337 3762 430 3846 Agite
448 3783 537 3836 vero,
562 3784 618 3843 per
636 3764 709 3823 deos
728 3757 930 3833 immortales,
949 3759 1046 3820 sivos
1066 3753 1282 3836 Cersoblcptes

104 3848 232 3910 laeserit
249 3847 296 3931 (id
315 3849 416 3928 quod,
440 3848 467 3908 si
484 3849 790 3928 sperarit‘duntaxat,
813 3847 964 3906 facturum
982 3844 1101 3926 potius,
1126 3862 1233 3921 quam,
1256 3837 1283 3909 si

104 3933 261 4016 potuerit,
281 3949 346 3993 esse
366 3933 549 3993 omissurum
569 3946 615 3993 est
632 3930 850 4014 probabilius):
875 3929 939 3991 non
956 3931 993 3992 ad
1011 3930 1081 3990 illos
1099 3926 1227 3998 ibimus,
1244 3922 1281 3983 il.-
1344 3926 1349 3933 '

104 4020 273 4100 lorumque
299 4017 407 4100 opibus
433 4019 522 4079 huius
546 4018 714 4098 potentiam
738 4017 917 4078 conabimur
939 4013 1111 4074 infirmare?
1135 4010 1185 4071 Ad
1204 4029 1281 4090 quae

47 4176 50 4182 .
106 4104 135 4165 si
153 4106 241 4166 vobis
262 4104 307 4163 illi
325 4105 367 4164 sic
385 4104 617 4186 responderint:
634 4107 709 4177 Vos,
726 4103 941 4174 Athenienses,
959 4096 1047 4160 nobis
1065 4096 1182 4158 affectis
1199 4102 1280 4157 inin-¹

104 4189 152 4249 ria
178 4211 271 4272 opem
289 4210 353 4248 non
371 4190 464 4248 modo
483 4211 547 4249 non
563 4190 695 4262 tulistis,
717 4190 771 4249 sed
789 4189 821 4248 in
839 4200 955 4248 metum
973 4184 1082 4259 etiam,
1096 4182 1133 4266 (si
1152 4202 1208 4242 nos
1226 4181 1291 4242 de·-·
1352 4184 1354 4190 '

105 4275 319 4349 tenderemus,
333 4274 489 4357 ingentem
508 4275 680 4336 coniecistis
700 4277 823 4338 decreto
841 4274 939 4345 lacto(
950 4270 1003 4350 qui
1021 4269 1106 4330 illum
1126 4281 1157 4329 et
1172 4265 1280 4329 vestris

108 4373 142 4422 et
157 4361 274 4424 nostris
293 4360 475 4423 utilitatibus
495 4362 709 4437 adversantem
721 4361 902 4432 occidisset,
921 4376 990 4418 eum
1009 4353 1226 4438 comprehendi
1244 4349 1282 4412 li-

605 4565 615 4597 t
