2722 4754
639 40 648 71 l

280 152 313 212 ,’
407 95 991 235 *²1usrurt1artuh-tff.
1204 121 1266 233 sta

77 365 79 368 ,
98 320 183 375 cetur
201 312 283 374 enim
301 298 428 389 advos,
442 312 589 387 -ludi'ces,
616 313 715 375 omnis
733 313 858 401 veritas)
883 316 979 379 multa.
1001 318 1156 381 et‘blanda
1173 319 1266 382 verba

98 399 212 459 fiebant
235 421 251 459 a
277 413 372 460 matre
397 412 427 461 et
452 399 681 479 deprecationes
699 420 755 482 pro
774 400 977 464 Phormione:
1001 406 1095 466 multa
1119 406 1209 468 etiam
1233 417 1287 474 et,

96 485 232 544 modesta
253 499 284 545 et
301 484 426 545 humilia
443 484 480 544 ab
499 483 552 542 illo
561 484 646 565 ipso.
675 488 852 562 Utautem,
870 487 1091 565 Athenienses,
1110 512 1176 571 quo
1189 489 1264 552 bace
1301 488 1305 495 ’

96 570 199 651 paucis
218 570 388 644 absolvam,
405 569 482 629 nibil
501 590 626 644 eorum,
644 567 805 652 quactum
821 588 996 652 receperat,
1013 575 1072 636 sibi
1090 576 1262 645 laciendum

93 655 237 735 putabat,
254 654 518 738 meque‘pecuniis
537 655 675 716 fraudare
691 655 886 730 instituebat,
905 681 978 738 quas
993 681 1115 722 mensae
1131 646 1263 722 bibebat

94 753 222 800 sortem:
240 741 272 799 in
290 742 337 801 ins
357 760 426 802 enm
444 760 552 800 vocare
570 753 692 804 coactus
711 762 788 816 sum,
806 744 875 802 cum
893 742 1023 823 primum
1041 758 1174 826 potestas
1193 747 1262 807 data
1327 779 1333 786 ,

92 825 156 884 suit
194 827 249 887 llle
266 847 357 899 vero,
375 846 444 885 cum
462 825 664 906 intelligeret,
683 826 784 887 omnia
801 827 898 908 palam
915 828 1000 902 fore,
1018 850 1051 889 ac
1071 830 1260 893 demonstra·

93 924 157 970 tum
175 911 229 983 iri,
246 917 285 971 'se
303 910 441 970 omnium
458 904 620 971 bominum'
635 904 742 973 inno:
761 912 1025 973 sceleratissimum
1044 915 1216 989 exstitisse,
1227 915 1259 976 id
1319 982 1322 991 ¹

91 996 280 1080 machinatur
298 1009 328 1056 et
345 995 483 1070 instruit,
508 1008 548 1056 ut
556 995 731 1079 Stephanus
750 996 826 1056 falso
844 1019 893 1059 me
910 999 1088 1059 testimonio
1106 1000 1260 1085 opprime·
1294 990 1324 1060 ‘s

90 1093 143 1140 ret.
176 1082 221 1141 Ac
239 1078 371 1162 primuni:
389 1081 597 1160 actioni,·qua
615 1103 686 1142 reus
704 1081 866 1165 agebatur,
883 1084 1029 1144 Phormio
1048 1085 1259 1166 exceptionem
1299 1111 1302 1115 ²

92 1167 283 1246 opponebat,
309 1189 372 1227 non
391 1166 555 1228 convenire
571 1167 649 1245 ,nihi
667 1166 818 1228 actionem
836 1168 990 1231 asserens:
1026 1169 1137 1229 deinde
1154 1182 1259 1243 testes,

91 1271 138 1310 :ne
163 1272 266 1312 secum
291 1252 496 1336 transegisse,
516 1250 609 1312 salsos
631 1251 836 1336 producebat,
862 1268 893 1314 et
916 1252 1076 1333 locationis
1100 1253 1266 1314 cuiusdam¹

89 1330 332 1417 commentitiae,
369 1351 400 1399 et
412 1336 590 1398 testamenti
605 1350 761 1417 nunqnam
772 1335 857 1397 tacti.
894 1333 971 1398 Cum
989 1358 1062 1398 vero
1081 1338 1156 1397 mihi
1173 1337 1257 1419 prio-
1277 1385 1282 1398 ,

88 1443 151 1482 rem
171 1424 292 1483 dicendi
311 1423 412 1487 locum
430 1422 662 1503 praeripuisset,
685 1432 846 1503 propterea
865 1423 948 1501 quod
966 1422 1163 1510 praescriptio
1184 1430 1257 1497 erat,
1324 1457 1328 1473 ι

87 1526 188 1589 neque
206 1520 290 1568 recto
310 1507 425 1568 iudicio
444 1506 712 1589 congrediebatur,
738 1527 834 1588 caque
851 1507 1046 1589 legisset,'et
1064 1518 1257 1580 caetera,·ut

27 1656 40 1669 t
58 1648 74 1678 a
86 1593 145 1652 sibi
164 1592 305 1674 expedire
323 1592 465 1674 putabat,
482 1591 633 1665 mentitos
647 1603 742 1652 esset:
762 1591 812 1669 ‘ita
830 1591 995 1652 commovit
1012 1591 1147 1667 iudices,
1163 1604 1199 1651 ut
1216 1611 1255 1652 ne
1277 1668 1279 1672 ι

86 1677 332 1758 'vocem-quidem
348 1677 440 1737 ullam
458 1686 592 1751 nostram
609 1675 715 1736 audire
732 1675 853 1761 vellent.
870 1678 1036 1737 Damnatus
1053 1677 1149 1760 igitur
1165 1673 1255 1738 ctiam
1325 1743 1331 1753 x

87 1765 124 1822 ad
143 1762 286 1823 mulctam
305 1754 496 1835 solvendam,
522 1782 556 1820 ac
574 1781 613 1823 ne
630 1761 838 1841 respondendi
857 1761 980 1842 quidem
998 1762 1140 1824 facultate
1158 1762 1255 1842 impe·

31 1914 35 1923 Ι
86 1860 181 1921 trata,
213 1846 469 1927 quemadmodum
492 1844 573 1905 baud
598 1845 662 1905 scio
684 1867 722 1904 an
747 1867 815 1905 cum
833 1846 898 1906 ullo
923 1845 1096 1907 mortalium
1118 1866 1255 1928 unquam

85 1939 185 1991 actu‘m
204 1933 263 1992 sit:
288 1932 363 2006 abii,
387 1924 535 2013 graviter,
554 1929 728 2003 oludices,
746 1943 777 1990 et
794 1930 901 2010 iniquo
920 1931 1021 1992 animo
1039 1932 1148 1993 serens.
1182 1931 1254 2004 Sed,
1293 1976 1298 1983 .

69 2035 117 2074 *re
134 2037 203 2074 cnm
217 2018 321 2077 animo
336 2036 405 2075 meo
422 2015 561 2096 cogitata,
580 2014 694 2087 inveni,
711 2013 759 2088 iis,
777 2015 909 2096 quitum
926 2016 1109 2091 iudicarunt,
1127 2014 1254 2077 omnino

84 2120 149 2160 esse
168 2099 390 2183 ignoscendum
408 2097 481 2182 (ego
500 2099 581 2163 enim
592 2099 686 2166 ,baud‘
698 2098 780 2173 scio,
804 2121 843 2159 an
862 2100 941 2180 quid
954 2101 1035 2160 aliud
1053 2101 1252 2182 pronuntiare
1276 2102 1343 2166 1¹96

83 2184 271 2266 potuissem,
299 2185 325 2244 si
343 2197 374 2244 et
391 2183 492 2243 rernm
505 2183 635 2243 :istarum
659 2182 937 2265 omniumfuiss'em
954 2184 1096 2267 ignarus,
1124 2197 1155 2250 et
1171 2185 1252 2244 dicta

83 2269 207 2330 testium
226 2265 434 2350 audivissem):
453 2268 507 2326 sed
527 2267 571 2335 eis
588 2267 828 2339 succensendum
848 2287 923 2341 esse,
943 2268 996 2348 qui
1012 2268 1093 2333 salsis
1111 2267 1251 2329 testimo·
1284 2333 1287 2337 ,

84 2354 140 2413 niis
161 2353 297 2417 dicendis
315 2352 421 2412 harum
438 2371 541 2426 rerum
559 2372 646 2413 causa
663 2351 795 2412 fuerunt
818 2350 864 2412 Ae
883 2353 920 2412 de
939 2351 1004 2413 aliis
1023 2354 1146 2432 quidem
1163 2353 1251 2414 testi-

63 2509 65 2517 Ι
83 2440 156 2511 bus,
174 2459 242 2497 cum
262 2458 314 2497 eos
333 2457 489 2511 accusare,
507 2450 572 2496 tum
591 2436 702 2497 dicam:
727 2438 764 2497 de
783 2434 830 2497 bis
848 2450 965 2512 antem,
983 2458 1067 2517 quae
1077 2436 1250 2522 Stephanus

82 2544 137 2605 pro
163 2521 340 2583 testimonio
367 2522 458 2595 dixit,
483 2522 542 2582 iam
557 2523 695 2583 edocere
713 2543 768 2582 vos
792 2521 932 2587 conabor.
967 2520 1033 2597 Sed
1054 2544 1126 2604 cape
1149 2523 1249 2604 ipsum

82 2607 291 2668 testimonium
311 2621 342 2669 et
357 2608 425 2691 lege
444 2606 534 2682 mibi,
555 2620 593 2668 ut
608 2628 646 2668 eo
665 2607 733 2688 ipso
751 2626 816 2667 rem
834 2607 1047 2670 demonstrem.
1082 2609 1130 2670 Tu
1147 2621 1248 2671 autem
1295 2653 1303 2683 s

83 2715 188 2774 aquam
206 2692 321 2753 inhibe.
464 2697 467 2702 ’

200 2903 202 2907 y
458 2820 942 2919 ,autoramentum¹
1210 2908 1214 2914 ,

153 2949 353 3031 Stephanus,
376 2949 521 3031 Meneclis
548 2951 594 3023 F,
627 2942 848 3023 Acharnensis,
872 2944 1002 3032 Scytha,
1027 2947 1182 3008 Harmatei
1205 2944 1248 3022 R,
1289 2999 1291 3002 .

81 3031 370 3116 Cydathenaeensis,
383 3046 543 3108 testantur,
559 3056 591 3094 se
607 3033 739 3093 adfuisse
755 3035 835 3115 apud
851 3033 1123 3094 arbitrum'Tisiam
1132 3029 1269 3102 hohan„
1338 3102 1343 3111 Ι

79 3139 215 3193 nensem,
235 3141 303 3179 cunr
319 3119 467 3180 Phormio
481 3130 661 3201 provocaret
675 3117 959 3199 Apollodorum-si
975 3131 1100 3202 negaret
1111 3117 1249 3190 omnino,
1331 3167 1336 3176 .

79 3206 250 3286 exemplum
269 3225 335 3266 esse
353 3205 525 3264 testamenti
544 3204 681 3264 Pasionis
698 3204 832 3279 tabulas,
861 3200 1085 3304 ‹puis‘conieci't
1101 3201 1262 3286 Phormio
1286 3274 1288 3278 y

73 3288 109 3347 in
130 3290 287 3350 echinum:
313 3303 343 3349 et
361 3289 501 3363 iussisse,
527 3302 742 3350 testamentum
760 3289 897 3350 Pasioms
916 3289 1041 3370 aperiri,
1066 3289 1149 3369 quod
1167 3286 1247 3367 apud
1272 3321 1285 3347 s

77 3372 224 3435 arbitrum
250 3374 412 3436 exhibebat
437 3373 611 3454 Amphion,
638 3371 898 3456 Cephisopbontis
925 3373 1040 3433 affinis:
1074 3372 1247 3454 Apollodo-

77 3481 144 3520 rum
163 3474 264 3520 antem
283 3459 314 3519 id
331 3459 449 3541 aperire
463 3458 619 3543 noluisse:
652 3458 751 3519 fuisse
765 3471 868 3519 antem
886 3458 1057 3540 exemplum
1073 3452 1248 3534 testamenti
1267 3458 1285 3531 J
1327 3526 1331 3535 θ

24 3571 27 3574 ·
79 3543 225 3605 Pasionis.
876 3591 893 3615 a

130 3635 137 3647 ‘
162 3622 333 3690 Audivistis
360 3622 589 3701 testimonium,
616 3628 857 3689 ludices.'Puto
883 3639 1001 3700 autem,
1026 3645 1099 3699 vos,
1126 3623 1247 3685 tametsi

29 3772 34 3781 ,
77 3715 214 3774 nondum
234 3715 395 3794 quicquam
415 3714 496 3774 aliud
514 3710 661 3788 sentiatis,
680 3713 756 3774 illud
774 3714 875 3794 ipsum
893 3704 974 3772 certe
991 3700 1246 3783 demirari,⁸testi-
1270 3725 1273 3730 ’

41 3818 44 3823 ’
75 3800 172 3857 monii
197 3799 380 3880 principium
405 3819 470 3859 esse
494 3796 759 3878 provocationem,
783 3799 876 3858 linem
899 3808 999 3857 antem
1023 3807 1245 3856 testamentum
1295 3834 1298 3840 ι

55 3887 191 3954 ,Verum
210 3905 269 3968 ego
289 3897 432 3964 oportere
451 3882 607 3958 existimo,
642 3896 804 3964 postquam
822 3883 871 3956 id,
906 3882 990 3962 qnod
1007 3879 1178 3941 testimonii
1194 3898 1245 3939 ve-

55 3969 133 4028 luti
152 3983 242 4050 caput
261 3983 323 4043 est,
341 3969 531 4029 mendacium
551 3974 623 4029 csse
634 3962 907 4040 demonstravero,
920 3979 986 4026 tum
1004 3967 1125 4025 demum
1144 3965 1182 4023 de
1200 3976 1248 4024 ta«
1277 3973 1281 3978 ’
1318 3972 1320 3977 ’

74 4053 156 4114 bulis
183 4077 199 4113 a
223 4076 271 4114 me
296 4054 388 4115 verba
412 4047 487 4114 lieri.
509 4054 581 4114 -Pro
599 4054 777 4119 testimonio
800 4052 896 4135 igitur
913 4051 1070 4123 dixerunt,
1098 4046 1248 4126 obtulisse

76 4138 298 4208 Phormionem,
308 4152 522 4201 testamentum
534 4138 740 4219 aperiendum,
757 4139 841 4218 quod
856 4135 1026 4204 exhibuerit
1038 4133 1118 4214 apud
1132 4132 1249 4193 Tisiam
1299 4176 1302 4180 -

76 4219 224 4304 arbitrum
243 4224 417 4304 Amphion,
436 4219 693 4305 Cephisopbontis
712 4223 829 4295 affinis,
846 4240 895 4280 me
913 4241 986 4279 vero
1004 4219 1036 4278 id
1053 4216 1245 4298 aperiremu-

51 4386 56 4400 „
78 4307 187 4381 luisse:
220 4323 251 4370 et
267 4310 361 4371 luisse
380 4311 412 4372 id
429 4310 725 4385 testamentum,rde
743 4328 805 4390 quo
824 4307 882 4388 ipsi
901 4304 1050 4393 dixerint,
1074 4303 1247 4384 exemplum

89 4511 93 4520 Ι
127 4475 129 4481 '
233 4472 249 4499 θ
