2722 4754
83 197 87 204 ’
147 197 221 287 so'
375 236 380 245 ’
434 186 1053 312 onu'osununtsontrio
1108 283 1117 292 .
1243 229 1256 245 s
1303 241 1314 252 =

131 377 206 457 ‚alio
226 376 385 457 quopiam,
411 375 465 434 sed
482 371 542 454 ipsi
560 361 660 432 omnia
677 372 819 451 uidebitis
845 385 876 432 et
893 372 989 452 probe
1007 372 1130 447 scietis:
1141 372 1315 433 iracundos

147 476 178 523 et
196 460 401 542 asperoslore
419 480 480 518 vos¹
493 456 638 518 existimo.
658 450 778 517 Veieor
793 471 904 530 autem,
922 474 973 536 ne,
989 479 1058 528 cum
1077 477 1111 517 ea
1129 456 1319 539 legatiretia
1351 533 1353 536 .

133 546 283 617 enesim,
302 544 341 603 ob
360 562 436 623 quae
454 562 487 602 se
503 538 718 624 largitionibus
735 542 977 622 corruptos-‚esse
996 542 1106 616 sciunt,
1123 543 1179 617 iis,
1197 541 1252 622 qui
1270 560 1316 615 ea,

91 671 94 674 -
146 651 222 712 quae
240 649 296 708 per
311 628 386 687 istos
398 627 576 707 perierunt,
593 627 759 687 instaurare
775 639 940 697 conantur,
958 639 1088 687 vestram
1106 626 1236 712 erperiri
1251 626 1336 687 ira-J

106 768 111 773 .
139 713 285 776 cundiam
302 733 361 772 usu
379 712 493 783 veniat:
512 733 580 771 cum
597 711 724 783 videam,
742 712 889 789 quosdam
904 710 969 770 fere
987 733 1052 772 non
1069 713 1101 772 in
1118 724 1241 783 sontes,
1260 709 1315 770 sed
1342 728 1349 733 ·

144 801 177 859 in
195 797 355 877 proximos
367 816 505 876 quosque
523 795 713 876 potissimum
737 796 799 854 irae
818 795 947 878 dirigere
965 795 1118 876 impetum.
1140 792 1236 859 ‘Dum
1255 795 1316 885 ³6³?
1348 863 1350 866 ¹

70 921 82 931 -
115 924 124 938 -,
144 896 196 947 tur
210 901 259 941 res
275 880 419 940 differtur
441 893 474 940 et
491 892 696 959 comparatur,
722 891 754 938 et
770 879 845 938 alius
872 879 963 939 alium
982 881 1174 955 exaudimus,
1199 886 1326 941 unum-⁰

144 986 297 1048 quemque
315 973 465 1037 vestrum,
483 965 555 1023 licet
571 964 668 1043 probe
685 984 828 1044 gramm,
846 977 947 1023 tamen
966 966 1240 1035 commonefaciam
1258 963 1317 1026 vol

143 1053 192 1124 lo,
219 1049 287 1129 quis
305 1049 357 1108 ille
373 1049 424 1121 sit,
443 1049 497 1128 qui
514 1048 685 1108 Phocenses
705 1061 735 1107 et
750 1047 840 1130 Pylas
858 1049 945 1123 vobis
964 1049 1145 1110 deserendas
1168 1049 1314 1110 suaserit:

144 1131 254 1215 q'uibus
273 1132 325 1192 ille
343 1134 478 1214 potitus,
497 1133 554 1193 -via
572 1133 687 1212 potitus
706 1145 753 1191 est
771 1124 851 1191 etin
869 1134 1004 1196 Atticam
1019 1148 1050 1194 et
1066 1134 1099 1193 in
1116 1135 1325 1215 Peloponnen

142 1240 210 1281 tum
227 1218 412 1291 invadendi,
437 1237 535 1296 eoque
553 1210 618 1276 rem
634 1217 784 1298 redegit,‘
796 1228 832 1275 ut
854 1217 940 1276 vobis
966 1239 1029 1276 non
1053 1218 1111 1289 iem
1131 1216 1168 1278 de
1193 1218 1311 1278 tuendo

142 1301 423 1364 iure'Graecorum
450 1314 481 1360 et
504 1300 667 1382 provinciis
694 1301 891 1360 defendendis
917 1300 1155 1385 consultandum(
1175 1301 1232 1377 sit,
1256 1303 1320 1362 sed'

39 1448 42 1453 ,
111 1421 113 1424 v
143 1389 182 1448 de
200 1386 290 1466 patrii
314 1387 372 1471 soli
396 1385 475 1467 egris
505 1398 536 1444 et
552 1385 634 1446 bello
652 1385 772 1444 Atticae
798 1386 991 1446 imminente:
1021 1387 1104 1466 quod
1122 1386 1176 1446 ¹ubi
1202 1386 1310 1460 aderit,
1327 1382 1339 1420 ⁵

108 1479 111 1483 ’
143 1484 276 1533 vestrum
301 1470 467 1548 unicuique
492 1469 657 1553 molestum
681 1470 756 1542 erit,
781 1471 835 1529 sed
859 1470 913 1529 illo
940 1471 989 1530 die
1013 1471 1125 1531 sactum
1150 1483 1204 1531 est
1244 1471 1310 1531 Nisi

143 1555 225 1616 enim
241 1546 308 1614 tum
324 1555 444 1634 decepti
462 1554 566 1614 essetis
583 1575 647 1628 vos,
664 1553 835 1633 respublica
851 1575 916 1614 non
933 1553 1090 1614 laboraret.
1108 1576 1210 1635 neque
1230 1556 1310 1619 enin

134 1631 241 1702 'navali
258 1638 340 1699 bello
356 1639 509 1719 superior,
526 1639 619 1698 classe
637 1661 772 1718 unquam
790 1639 822 1698 in
836 1639 969 1699 Atticam
986 1641 1119 1700 venisset
1135 1640 1309 1720 Philippus:

142 1743 243 1804 neque
268 1719 535 1802 itinere‘pedestri
560 1744 650 1804 supra
673 1723 762 1806 Pylas
788 1736 819 1781 et
836 1723 1007 1784 Phocenses
1033 1725 1230 1805 pervasisset:
1256 1725 1309 1784 sed

143 1820 196 1868 aut
219 1827 315 1886 aequa
338 1806 462 1871 lecisset
485 1819 516 1867 et
538 1820 653 1867 servata
675 1826 747 1889 pace
766 1807 944 1887 quievisset:
971 1822 1023 1869 aut
1041 1831 1057 1868 e
1078 1810 1209 1893 uestigio
1227 1809 1332 1874 bello

143 1901 229 1960 esset⁴
247 1910 312 1959 non
333 1891 452 1950 minore
476 1888 715 1965 circumventus,
739 1899 833 1972 qu'am
845 1893 877 1951 id
894 1893 968 1966 luit,
992 1895 1221 1974 propterquod
1244 1905 1310 1953 tum

89 1996 100 2039 ἡ
142 1975 226 2057 prius
244 1994 350 2054 pacem
368 1975 557 2054 expetiverat
593 1972 800 2058 Hae'cigitur,
832 1990 868 2036 ut
884 1979 1068 2037 admonendi
1085 1980 1199 2061 gratia,
1228 1995 1309 2037 nunc

36 2122 39 2127 ,
67 2090 75 2102 ·
111 2106 114 2122 .
143 2059 426 2121 dixissesssulliciat:
444 2059 522 2120 absit
539 2073 661 2135 autem,
675 2061 768 2140 idque
785 2062 836 2121 Dii
856 2074 959 2122 omnes
978 2063 1185 2143 prohibeant,
1201 2083 1240 2142 ne
1259 2059 1324 2121 exss·

142 2143 298 2225 periendo·
312 2143 476 2203 certissime
495 2145 738 2225 comprobentur.
772 2145 932 2206 Neminem
950 2148 1031 2207 enim
1049 2147 1139 2208 velim
1157 2148 1309 2227 equidem,
1339 2199 1342 2203 .

100 2280 107 2296 ,
143 2229 202 2290 etsi
216 2227 310 2289 exitio
327 2228 367 2288 sit
385 2228 514 2310 dignus,
530 2252 600 2291 cum
617 2230 752 2292 omnium
770 2231 907 2313 periculo
927 2244 958 2292 et
976 2232 1086 2294 damno
1104 2251 1177 2294 suae
1194 2233 1308 2313 impro-

53 2310 55 2315 ’
84 2314 125 2373 ts
143 2310 245 2375 bitatis
263 2313 334 2374 dare
352 2310 481 2393 poenas
585 2362 588 2366 .
622 2350 624 2355 ·
1292 2322 1296 2329 ‘

242 2685 556 2785 esurio
608 2642 1249 2789 us·nttssouus.0ff
1331 2660 1348 2669 ”

385 3024 388 3029 ’
480 3006 950 3072 ΔΑΒΜΙΜΈΝἸἭΜ.

141 3119 274 3232 Inscrib‘
289 3172 327 3208 ur
343 3150 418 3210 baec
436 3151 550 3212 oratio:
567 3154 614 3214 De
632 3154 802 3235 Haloneso:
820 3156 874 3214 sed
891 3156 1155 3219 rectius’iortasse.
1166 3148 1307 3240 Respon-

139 3235 188 3295 'sio
203 3234 277 3311 adP
301 3234 387 3314 ilippi
401 3235 558 3314 epistolam
578 3239 737 3299 diceretur.
764 3240 930 3320 scripserat
948 3241 1028 3302 enirn
1042 3243 1069 3301 ia
1083 3244 1120 3302 ad
1134 3243 1310 3304 Athenien«

29 3341 47 3374 x.
141 3338 205 3390 ses,
224 3318 387 3406 multisque
405 3321 443 3379 de
460 3321 550 3389 rebus
570 3323 763 3393 disseruerat:
782 3325 895 3403 inquo
912 3340 1039 3386 'numero
1058 3327 1117 3388 suit
1135 3329 1224 3389 etiam
1241 3330 1307 3387 Hass

141 3402 293 3475 lonesus,
305 3423 381 3481 quae
400 3425 468 3464 curn
486 3407 652 3487 antiquitus
670 3408 904 3469 Atheniensium
923 3424 1017 3485 esset,
1036 3412 1168 3492 Philippi
1185 3427 1307 3492 tempo-

139 3486 224 3546 ribus
239 3509 259 3545 a
276 3486 444 3552 latronibus
468 3491 635 3562 tenebatur.
654 3493 763 3571 quibus
781 3493 939 3574 Philippus
958 3494 1079 3570 eiectis,
1096 3498 1307 3577 repetentibus

84 3605 109 3640 5,
139 3570 379 3641 Atheniensibus
402 3573 530 3634 insulam
548 3596 610 3635 non
624 3574 744 3652 reddit,
771 3579 857 3658 quod
872 3601 956 3639 suam
970 3600 1036 3639 esse
1051 3581 1146 3641 dicat:
1170 3578 1307 3662 petenti-

67 3672 70 3680 ·
141 3653 198 3717 bus
216 3675 281 3715 eam
299 3657 439 3717 daturum
464 3657 632 3739 pollicetur.
667 3662 775 3741 Neque
793 3682 865 3722 vero
882 3663 1076 3725 'oratiomibi
1101 3666 1222 3726 ‘videtur
1240 3664 1309 3725 es'se

18 3778 22 3798 2
68 3800 74 3811 ,
141 3738 370 3804 Demosthenis:
389 3741 481 3822 idque
499 3756 564 3804 tum
583 3766 748 3828 exgenere
767 3747 918 3822 dictionis,
936 3761 1002 3809 tum
1021 3770 1061 3818 ex,
1074 3750 1308 3830 compositionis
1329 3819 1334 3829 Ι

141 3837 291 3884 concentu
309 3837 411 3905 potest
425 3827 630 3903 animadverti,
649 3852 725 3911 quae
740 3853 756 3890 a
771 3832 866 3891 torma
879 3833 1093 3907 Demosthenis
1109 3834 1202 3917 longe
1219 3825 1307 3895 rece-

140 3908 233 3982 dunt,
248 3923 395 3988 quum-et
410 3913 552 3997 remissae
570 3914 640 3988 sint,
659 3927 689 3974 et
703 3915 867 3976 dissolutae
885 3919 1026 3977 omniuo:
1044 3919 1128 3998 quod
1145 3919 1182 3979 ab
1202 3916 1308 3985 orato-

139 3991 182 4060 ris
199 3995 297 4053 nostri
315 3993 436 4056 dicendi
453 4017 566 4079 genere
584 3998 733 4075 abhorret
754 4001 839 4075 Quin
857 4001 932 4059 illud
952 4003 1040 4083 etiam
1059 4001 1226 4069 dictumin
1243 4004 1307 4064 line

140 4076 287 4151 orationis
302 4076 350 4160 (Si
366 4082 460 4141 modo
478 4102 533 4142 vos
552 4083 709 4145 cerebrum
726 4084 758 4142 in
773 4085 972 4164 temporibus,
990 4099 1021 4146 et
1038 4107 1102 4147 non
1118 4088 1153 4160 in
1169 4088 1307 4148 calcibus

140 4162 350 4225 conculcatum
375 4163 495 4246 geritis)
519 4186 583 4226 non
606 4188 698 4246 parvo
723 4169 898 4228 testimonio
924 4176 986 4245 est,
1011 4166 1213 4233 adullerinrtn
1231 4189 1306 4234 esse

103 4270 105 4275 ·
139 4244 217 4313 bene
235 4247 412 4309 orationem
429 4250 506 4311 Nam
518 4250 742 4315 Demosthenes
759 4252 898 4313 libertate
911 4255 1039 4334 quidem
1052 4257 1085 4315 in
1103 4258 1233 4318 diceudo
1251 4259 1305 4316 so-

72 4375 76 4381 .
139 4328 182 4391 let
198 4331 259 4392 uti:
274 4332 338 4392 sed
363 4332 437 4393 baec
463 4335 647 4397 contumelia
664 4335 732 4410 ese,
751 4349 784 4411 et
800 4338 971 4400 convicium
997 4342 1155 4413 excedens·
1169 4343 1306 4427 modum.
