2722 4754
680 108 681 111 ,
728 75 764 117 «l

126 159 233 268 suit
274 226 277 228 ·
315 261 317 271 ,
432 196 799 278 ιιιιιιοιιιιιιιιι
835 145 1035 308 ιιιιιιιιι

96 395 106 419 ·.
151 360 194 420 eis
218 359 344 457 fuisset,
368 374 464 433 aquo
484 364 586 411 essent
610 311 751 432 adoptati
786 350 840 409 llle
858 327 959 410 autem
986 369 1039 409 eos
1058 370 1122 408 non
1130 332 1312 429 adoptavit:

111 498 113 502 ,
150 443 231 504 sed
222 465 305 523 rpsr
297 459 364 501 sese
382 439 560 518 adoptantes
579 458 635 496 nos
658 435 825 496 hereditate
851 435 990 514 spoliant
1026 437 1084 492 lam
1104 447 1139 493 ut
1156 457 1311 516 pergamus

13 537 125 602 191
149 530 185 588 ad
205 526 279 598 alia,
303 524 357 604 qul
375 545 438 582 non
456 505 619 583 absurdum
638 520 727 581 simul
747 534 778 580 et
795 519 934 598 iniquum
953 533 1015 590 est,
1041 541 1113 580 cum
1128 534 1311 581 sacramento

150 604 343 684 contenderit
361 609 398 667 de
425 607 591 668 hereditate
617 608 714 706 apud
723 616 910 686 praetorem,
935 605 1022 683 quasi
1048 618 1129 664 esset
1146 604 1317 666 Archiadae.

117 710 121 714 '
148 695 229 755 lilius
248 693 430 795 Otrynensis
448 695 623 753 Leostratus
641 693 698 751 iste
717 688 900 760 Eleusinius,
918 689 1000 748 aliud
1019 705 1085 750 esse
1103 702 1313 767 contestatum,

148 792 198 840 ιιι
196 779 268 859 ipsi
278 779 416 857 cernitis,
442 778 589 851 dicendo,
617 790 648 836 et
664 777 793 837 alterum
818 775 908 833 istum
928 795 994 833 esse
1012 776 1181 834 Archiadae
1200 775 1339 841 filium?¹'

67 925 72 931 ,
126 880 129 892 ’
149 865 218 925 Utri
236 879 386 938 uestrum,
410 876 447 924 ut
463 884 533 923 vera
550 861 681 934 dicenti,
705 861 781 921 fides
800 871 847 920 est
870 858 1029 921 habenda?
1063 861 1125 920 ld
1116 882 1217 940 rpsnm
1237 862 1334 926 enirn.

144 937 360 1032 argumentum
378 971 442 1009 non
460 948 618 1007 minimum
635 960 699 1027 est,
717 947 820 1006 salsam
839 944 931 1004 luisse
950 947 1217 1046 contestationem,
1235 950 1312 1026 quod

12 1037 18 1055 .
81 1068 83 1073 ⁴
149 1037 254 1096 eadem
282 1037 318 1095 de
336 1055 459 1095 reuon
485 1033 567 1092 idem
592 1023 829 1093 controversiam
851 1030 938 1091 facit:
962 1050 1062 1111 neque
1086 1031 1206 1090 iniuria.
1241 1033 1323 1093 Nam·

21 1190 26 1197 Ι
64 1130 70 1135 “
99 1140 109 1147 ·
142 1141 219 1199 ,cum
242 1120 418 1183 Leostratns
450 1131 636 1179 sacramento
661 1117 820 1178 nobiscnm
848 1116 885 1175 de
911 1115 1080 1176 hereditate
1107 1118 1313 1193 contenderet,
1356 1166 1358 1171 .

148 1205 286 1264 ιιιιιιι1ιιιιι
305 1216 491 1281 contestatus
508 1203 621 1263 lucrat:
640 1224 721 1262 nunc
739 1200 902 1302 inscriptus
916 1213 962 1260 est
976 1214 1021 1260 ιιι
1019 1202 1195 1301 municeps.
1215 1204 1312 1277 Quare

31 1339 37 1346 ,
114 1304 115 1311 ’
150 1290 287 1350 omnium
313 1272 472 1358 hominum
495 1283 694 1349 infelicissimi
719 1287 846 1358 erimus,
872 1287 898 1344 si
916 1279 1133 1346 contestationi
1158 1301 1229 1367 post
1253 1309 1310 1348 rem

58 1438 68 1445 ,,
147 1374 244 1435 iactae
261 1375 353 1439 fidem
372 1372 505 1435 habituri
524 1374 603 1434 estis
628 1371 711 1448 Quin
729 1371 900 1451 antiquiora
919 1392 952 1430 se
970 1371 1037 1451 ipso
1056 1384 1245 1432 contestatos
1264 1388 1311 1434 est.

92 1477 94 1480 ’
115 1488 119 1490 ·
148 1462 176 1519 ls
194 1459 292 1532 enim,
311 1460 414 1558 quiin
432 1458 600 1519 Arcbiadae
618 1457 729 1532 familia
749 1457 885 1518 nondum
904 1455 979 1556 fuit,
998 1456 1259 1518 eumactiohaec
1278 1460 1311 1518 de

97 1549 100 1554 ’
147 1544 343 1613 hereditate
334 1544 562 1616 institueretur,
587 1543 641 1622 qul
659 1543 768 1603 horum
794 1541 909 1621 aliquid
932 1542 1009 1601 scire
1027 1542 1151 1624 potest?
1186 1543 1310 1644 Deinde,

146 1629 172 1689 si
190 1628 303 1688 iniuste
321 1629 367 1688 de
392 1627 576 1709 semetipso
574 1640 771 1688 contestatus
797 1640 894 1699 esset,
921 1628 1070 1687 rationem
1099 1626 1258 1715 haberet
1248 1653 1258 1688 ι
1259 1653 1307 1710 psa

146 1734 209 1773 res:
235 1713 357 1778 iniuste
358 1714 497 1793 quidem
516 1713 707 1794 scripsisset,
733 1715 787 1773 sed
810 1712 1008 1782 nibilominus
1031 1734 1087 1794 pro
1100 1735 1163 1786 eo,
1186 1714 1240 1792 qui
1245 1737 1306 1815 pru

106 1829 123 1884 ζ
147 1796 243 1860 aetate
268 1799 454 1878 loqueretur.
487 1797 578 1858 Nunc
600 1814 764 1881 germanos
778 1798 891 1864 liberos
909 1797 1078 1873 Aeehiadae
1096 1798 1178 1858 illius
1197 1799 1310 1880 scripsit

9 1942 15 1951 ,
102 1892 111 1935 ¹.
147 1904 231 1956 esse,
254 1897 371 1964 patrem
389 1905 477 1944 sunm
495 1883 639 1944 nimirum
657 1896 755 1956 etse,
772 1884 891 1943 ratione
908 1883 1023 1963 primae
1041 1882 1235 1963 adoptionis,
1252 1906 1309 1944 non

14 2013 30 2038 ,ι
77 1992 91 2007 ”
145 1969 336 2040 recordatus,
350 1976 417 2028 sese
433 1989 571 2044 reversos
590 1989 655 2029 esse
667 1968 706 2027 in
723 1968 852 2046 nativam
870 1967 1021 2027 familiam.
1038 1968 1175 2030 Proinde
1192 1990 1309 2030 neeesse

63 2100 68 2107 -
111 2111 114 2117 ,
147 2067 203 2128 est,
222 2052 416 2134 antiquiores
429 2075 498 2113 cum
516 2074 574 2127 res,
593 2074 693 2134 neque
712 2053 775 2113 suis
792 2054 981 2134 temporibus
999 2053 1102 2127 saetas,
1115 2073 1190 2113 esse
1208 2068 1308 2125 conte
1352 2094 1356 2101 »

26 2153 64 2209 45
113 2152 116 2157 “
145 2151 269 2199 statum.
296 2139 337 2198 Et
353 2160 407 2205 vos
426 2139 465 2212 ei,
484 2139 536 2219 qui
554 2139 613 2200 hoc
630 2155 720 2198 ausus
736 2150 795 2212 est,
813 2138 935 2198 creditis
953 2150 988 2197 ut
1007 2159 1076 2199 vera
1095 2139 1233 2199 dicenti?
1264 2140 1309 2216 At

87 2238 90 2244 '
145 2223 282 2297 hercule,
299 2223 388 2283 dere
406 2244 423 2284 e
442 2244 497 2283 suo
516 2237 604 2305 patre
625 2224 727 2283 audita
750 2236 937 2303 contestatus
955 2237 1027 2283 est.
1041 2216 1155 2305 Atqui
1167 2225 1216 2284 lex
1235 2239 1311 2287 vetat

61 2364 71 2371 ,
140 2330 198 2382 ea,
223 2329 301 2387 quac
320 2329 336 2369 e
347 2309 476 2379 livente
493 2309 594 2368 audita
612 2311 689 2406 sint,
716 2331 771 2388 pro
790 2308 967 2368 testimonio
986 2309 1104 2370 dicere.
1128 2332 1205 2389 quae
1223 2331 1240 2369 e
1258 2312 1309 2370 de-

52 2442 55 2447 .
144 2395 270 2467 functo,
289 2413 333 2452 ca
336 2392 422 2453 sinit
453 2388 532 2452 Nam
550 2393 626 2455 illud
645 2393 738 2452 etiam
753 2394 899 2475 cogitate,
925 2390 980 2454 cul
996 2396 1118 2454 tandem
1135 2397 1307 2478 Leostratus
1349 2469 1351 2475 Α

82 2536 86 2543 ,
144 2499 209 2538 non
227 2498 311 2551 sese,
338 2478 418 2538 sed
403 2490 501 2563 astum
519 2474 707 2571 inscripserit
723 2480 954 2553 contestationi:
981 2501 1050 2539 nam
1069 2481 1216 2540 derebus
1235 2482 1307 2538 anti-

143 2561 304 2642 q'uioribus
321 2575 395 2623 natu
412 2563 556 2622 maiorem
575 2563 739 2623 contestari
756 2565 925 2645 oportebat.
938 2562 1065 2640 Quodsi
1082 2565 1211 2624 maxime
1230 2551 1308 2624 dixe-

66 2711 74 2733 1
143 2647 200 2707 rit:
236 2647 349 2708 «Hunc
373 2647 470 2714 filium
495 2647 663 2708 Archiadae
673 2649 853 2748 adoptatis
874 2650 1012 2731 proinde
1024 2662 1077 2724 te,
1102 2663 1257 2731 gestorem
1281 2664 1309 2710 et

131 2744 298 2800 auctorem
316 2754 432 2806 rerum,
459 2734 626 2793 earundem
641 2734 745 2793 etiam
755 2734 904 2794 rationem
921 2736 1049 2795 reddere
1068 2736 1256 2817 oportebat:
1273 2746 1308 2808 et,

23 2829 40 2838 ”
61 2807 96 2878 ”’.,
142 2837 221 2897 quae
241 2837 354 2917 egeras,
372 2830 427 2876 tuo
441 2817 538 2900 egisse
556 2819 705 2920 periculo,
724 2818 860 2879 omnino
869 2832 951 2879 certe
970 2840 1093 2893 necesse
1113 2833 1168 2879 est.
1204 2821 1308 2881 Sedet

143 2901 203 2963 boc
213 2898 362 3001 fugisti,
360 2914 399 2961 et
417 2904 634 2963 contestationi
655 2904 746 2963 istum
771 2925 873 2964 rerum
892 2905 1028 2964 omnium
1038 2905 1188 2994 ignarum
1207 2906 1307 2965 inseri-

130 2986 239 3082 ‚psisti
272 2987 407 3047 Proinde
423 2988 618 3090 perspicuum
635 2989 726 3048 vobis
740 3002 802 3062 est,
820 2989 955 3062 ludices,
974 2990 1232 3050 contestationem
1247 3004 1333 3074 uon‘

52 3144 55 3149 ι
116 3079 211 3132 *esse
234 3093 351 3133 veram:
375 3071 468 3152 idque
492 3072 544 3133 isti
561 3073 624 3154 ipsi
643 3032 835 3135 confitentiur
870 3032 955 3149 Quiri
974 3088 1004 3135 et
1021 3073 1132 3134 illud
1122 3088 1238 3135 rustum
1255 3089 1306 3148 est,

67 3218 68 3223 ,
94 3221 100 3227 ,
144 3165 208 3217 nori
226 3157 491 3258 patiLeostratum
509 3179 579 3218 mox
597 3160 707 3233 dicere,
725 3181 804 3248 quae
819 3181 882 3219 non
888 3160 1000 3220 suit
975 3181 1065 3220 ausus
1083 3160 1221 3220 inserere
1239 3183 1308 3221 con

97 3254 114 3269 ·’
142 3241 307 3306 testationi.
341 3242 449 3342 Neque
466 3264 540 3302 vero
556 3243 653 3305 ullum
672 3267 739 3305 esse
760 3245 901 3305 actionis
906 3245 1051 3324 iniquius
1060 3266 1173 3327 genus,
1192 3259 1223 3306 et
1238 3266 1308 3326 pro

51 3403 57 3413 (ι
127 3339 213 3427 xpter
231 3328 313 3436 quod
330 3327 424 3409 magis
443 3328 632 3389 irascendum
651 3331 692 3391 sit
709 3330 761 3402 iis,
788 3330 933 3413 qu11llo
929 3343 1077 3403 utuntur,
1097 3352 1189 3430 quam
1203 3342 1307 3390 conte·
1343 3400 1347 3406 ¹

123 3413 305 3487 stationes,
329 3414 430 3473 inde
426 3414 618 3500 potissimum
645 3423 854 3498 cognoscetur.
888 3415 1023 3475 Primum
1041 3415 1228 3475 necessariae
1245 3431 1307 3475 nou

63 3505 122 3568 192
143 3510 225 3571 sunt,
242 3511 279 3558 ut
295 3511 447 3594 caeterae:
465 3501 518 3559 sed
537 3523 552 3560 a
571 3503 702 3569 consilio
722 3515 752 3560 et
769 3501 925 3560 voluntate
943 3496 1152 3562 contestantis
1163 3500 1307 3561 oriuntur.
1337 3515 1342 3525 '

24 3601 37 3613 ”
128 3582 263 3644 ·’Νιιιι
238 3605 264 3643 ιι
270 3569 487 3644 controve'rsia
505 3604 569 3646 non
562 3580 675 3663 aliter
697 3586 838 3667 explicari
856 3599 978 3688 posset,
1002 3586 1070 3645 nisi
1080 3586 1307 3646 contestareris:
1329 3603 1332 3609 ·

92 3744 94 3748 Ι
135 3668 271 3749 <fortasse
296 3669 461 3731 contestari
484 3690 608 3744 necesse
634 3684 721 3735 esset.
754 3671 809 3730 Sin
833 3671 936 3730 etiam
945 3671 1011 3731 siue
1036 3672 1261 3737 contestatione
1277 3671 1307 3730 1ιι

118 3753 129 3837 '⁶
143 3752 287 3815 omnibns
304 3741 512 3815 conciliabulis
531 3758 666 3838 agendae
684 3777 790 3817 causae
809 3757 897 3815 datur
914 3762 1071 3837 potestas:
1091 3778 1197 3826 noune
1216 3770 1306 3817 teme·

54 3849 58 3857 '
119 3839 239 3900 *ritatis
259 3852 290 3900 et
307 3859 441 3900 summae
465 3841 701 3923 desperationis
708 3853 919 3942 argumentum
939 3856 988 3913 est
1007 3841 1214 3906 contestatio?
1248 3843 1307 3902 Ne·

63 3971 65 3983 .
109 3957 111 3960 ·
143 3931 242 4007 que
218 3925 303 3985 enim
322 3947 388 3985 eam
405 3924 562 4008 legislator
577 3928 776 3987 necessariam
793 3927 867 3991 sccit
883 3927 1074 3993 adversariis:
1101 3927 1173 4000 sed,
1192 3927 1218 3986 si
1237 3940 1307 3987 cou-

143 3991 249 4070 testari
265 4010 428 4085 voluerint,
446 4013 613 4084 concessit,
631 4014 726 4073 veluti
743 4012 945 4092 periclitans
932 4013 1057 4096 ingenia
1076 4025 1107 4071 et
1124 4034 1230 4073 mores
1248 4013 1306 4073 sin·
1332 4059 1338 4063 κ

144 4093 303 4174 gulorum,
310 4108 508 4198 quantopere
527 4097 615 4165 nobis
633 4098 726 4158 libeat
742 4111 857 4182 temere
875 4101 990 4181 aliquid
1007 4119 1105 4182 agere.
1139 4099 1307 4170 Praeterea,

143 4187 292 4257 quantuni
309 4182 341 4242 in
359 4183 611 4243 contestantibus.
621 4197 687 4253 cst,
703 4205 801 4268 neque
821 4183 923 4258 curiae
941 4199 1057 4258 essent,
1077 4203 1180 4263 neque
1199 4182 1307 4243 iudicia

143 4262 267 4325 tierent:¹
292 4267 323 4326 id
343 4266 423 4327 enim
448 4268 704 4329 contestationum
729 4269 886 4372 ingenium
905 4285 966 4345 est,
990 4284 1025 4331 ut
1042 4291 1095 4331 eae
1115 4268 1306 4330 haecomnia

54 4357 65 4389 ³
109 4357 125 4367 '¹
143 4348 343 4427 prohibeant,
368 4364 399 4412 et
417 4352 534 4434 singula
553 4352 745 4444 excludant,
741 4376 819 4434 quo
833 4357 937 4470 minus
954 4357 986 4418 in
1011 4355 1161 4417 iudicium
1179 4355 1308 4428 remant,
1351 4372 1357 4379 ·

432 4608 510 4628 ,ι
667 4592 759 4676 [Ὀ

494 4680 584 4717 ιιι,
762 4663 766 4680 l
