2722 4754
134 148 222 243 unr
268 154 271 163 ’
416 134 777 264 ιιιιοιιιιιιιιιι
813 169 1007 273 οιιιιο

28 340 31 344 ’
128 308 283 413 reddidit,
308 356 347 396 ue
372 354 429 417 ego
455 316 681 395 multitudinem
704 320 879 398 facultatum
903 333 1004 396 statim
1023 331 1310 415 deprehenderem.

67 431 106 487 30
134 446 169 485 ea
185 444 258 483 vcro
276 420 432 520 possidere
450 440 483 479 se
499 420 627 495 fatetur,
646 441 723 500 qnae
736 421 782 482 ita
800 422 957 485 manifesta
975 432 1064 494 sunt,
1058 433 1109 480 ut
1126 420 1217 480 nullo
1236 438 1307 478 mo-

12 568 17 578 ,
57 534 62 540 ·
134 510 174 570 do
199 505 304 591 negari
328 505 453 587 possint.
488 506 693 569 Haccautem
711 506 827 580 suere,
840 528 918 594 quae
942 505 1108 587 perscripta
1131 505 1164 565 in
1191 501 1309 567 tabulis

69 605 83 620 ‘
134 614 199 654 esse
218 593 348 650 diceret:
372 591 591 672 Demophonti
608 586 787 671 accipienda
801 592 862 653 d'uo
886 583 998 653 talenta
1016 591 1136 665 statim,
1162 609 1310 671 sororem

90 714 116 741 η
134 677 320 749 ducendam,
337 675 392 734 ubi
409 676 608 750 adolevisset,
623 676 718 759 idque
737 678 886 738 decennio
905 677 1129 757 postfuturum
1148 687 1229 735 erat.
1254 663 1310 733 isti
1331 695 1334 698 ’
1352 685 1360 700 “

133 760 290 844 octoginta
308 759 422 834 minas,
442 773 473 820 et
489 773 615 820 matrem
633 782 747 835 meam,
766 775 796 822 et
812 764 901 822 aedes
920 761 1144 834 inhabitandas:
1172 758 1310 839 Therip-

120 848 222 930 pidae
247 846 436 928 septuaginta
461 846 609 905 minarum
632 845 854 927 usumfructum
877 845 1124 928 percipiendum,
1151 847 1227 919 dum
1247 860 1334 926 ego·

132 932 180 993 nir
196 932 293 1002 factus
312 952 416 992 essem.
434 927 560 991 Caetera
577 952 660 1005 vero,
679 952 755 1011 quae
773 912 849 991 mihi
866 945 986 1013 praeter
1003 931 1078 990 hacc
1096 915 1204 992 relicta
1221 941 1309 1002 sunt,

70 1077 73 1082 .
135 1030 167 1078 et
184 1018 291 1078 domus
312 1016 512 1076 edocationem
532 1035 548 1075 e
565 1015 676 1075 tabulis
695 1017 822 1091 delevit,
848 1019 931 1096 quod
949 1016 1007 1076 sibi
1027 1037 1061 1076 ea
1080 1014 1205 1076 ostendi
1221 1014 1308 1096 apud

64 1110 66 1114 ⁴
132 1123 188 1165 nos
213 1101 354 1182 expedire
373 1119 436 1161 non
454 1106 581 1180 putaret
599 1097 694 1173 *Cum
706 1102 814 1183 igitur
830 1103 895 1182 ipse
904 1102 1076 1175 fateretur,
1101 1114 1220 1182 patrem
1248 1119 1307 1158 no-

85 1197 88 1211 '
134 1201 230 1249 strum
247 1185 430 1257 morientem
447 1197 565 1246 tantum
583 1186 701 1268 argenti
717 1186 827 1259 horum
846 1186 956 1266 cuique
974 1186 1107 1268 legasse:
1129 1185 1252 1246 iudices
1271 1204 1309 1243 ex

134 1273 182 1332 bis
201 1269 444 1332 confessionibus
468 1270 673 1331 coniecturam
698 1273 899 1352 ceperuntde
917 1271 1127 1353 magnitudine
1145 1268 1316 1351 pecuniae.

51 1413 58 1420 .
135 1357 198 1432 Qui
225 1355 306 1416 enim
333 1356 370 1415 de
390 1355 458 1415 *suis
481 1355 688 1416 facultatibus
709 1369 841 1436 quatuor
861 1357 973 1419 talenta
999 1370 1030 1417 et
1052 1370 1101 1429 ter
1124 1356 1209 1415 mille
1238 1350 1335 1414 dra-'

135 1442 235 1502 elsinas
255 1441 320 1500 doti
337 1462 377 1501 ac
390 1441 472 1500 dono
492 1441 640 1515 dedisset,
659 1461 728 1502 eum
747 1442 910 1523 apparebat
926 1461 989 1501 ιιοιι
1002 1443 1046 1501 ιιι
1064 1441 1163 1521 parvis
1184 1439 1308 1521 opibus,

63 1528 69 1600 ζ
134 1549 208 1607 quas
226 1526 300 1585 mihi
317 1525 513 1604 reliquisset,
525 1527 579 1586 sed
598 1527 635 1584 de
655 1526 760 1622 duplo
766 1527 930 1591 maioribus
951 1527 1136 1606 etamplius
1145 1524 1310 1602 decidisse

31 1663 34 1667 ,
68 1634 70 1640 ’
116 1613 198 1672 ·-Nec
217 1612 296 1670 eirim
315 1611 472 1690 probabile
489 1611 694 1684 videbatur,
689 1633 757 1671 cum
775 1611 924 1685 uoluisse,
948 1633 996 1671 me
1013 1612 1109 1671 lilium
1127 1612 1165 1670 ad
1185 1621 1306 1694 egesta-

135 1711 197 1758 tem
213 1695 328 1778 redigi,
363 1709 394 1755 et
410 1696 504 1769 istos,
537 1696 596 1754 iam
614 1708 701 1755 antea
720 1697 845 1768 divites,
875 1697 1090 1777 locupletiores
1110 1696 1204 1757 etiam
1224 1693 1307 1755 effici

135 1783 305 1844 studuisse:
331 1781 384 1839 sed
403 1795 529 1861 propter
547 1801 669 1854 eorum,
694 1781 864 1861 quaemihi
888 1782 1156 1861 relinquebantur,
1181 1780 1320 1862 copiam*

137 1881 167 1927 et
197 1865 401 1946 Therippidae
434 1866 624 1948 septuaginta
658 1866 753 1926 minas
785 1880 816 1927 et
842 1866 1052 1946 Demophonti
1084 1867 1146 1927 duo
1178 1866 1309 1949 talenta,

15 1956 20 1964 '
106 1954 109 1959 ’
136 1972 318 2034 quamquam
355 1958 492 2012 sororem
525 1972 621 2011 meam
654 1953 792 2012 nondum
824 1951 972 2032 ducturos,
1015 1952 1144 2011 fruenda
1175 1951 1308 2012 dedisse.
1340 1995 1345 2000 .

135 2039 208 2098 Eam
240 2036 344 2118 igitur.
357 2036 515 2116 pecuniam
545 2058 693 2115 nusquam
719 2057 790 2097 eum
822 2037 897 2095 mihi
928 2037 1108 2111 reddidissex
1130 2036 1309 2119 apparebat,

67 2144 79 2158 ‘
135 2143 192 2183 nec
218 2121 307 2182 etiam
325 2121 415 2202 paulo
442 2122 610 2181 ininor'em:
638 2120 802 2182 sedaliam
828 2119 902 2182 esse·
921 2122 1101 2194 insnmtam,
1126 2121 1211 2182 aliam
1237 2141 1307 2180 non

134 2220 304 2287 acceptam,
326 2205 441 2265 aliam
431 2219 571 2287 ignotam
584 2205 661 2279 sibi,
678 2207 764 2266 aliam
783 2206 894 2266 habere
912 2207 1020 2280 alium,
1045 2205 1133 2276 aliam
1152 2206 1238 2265 domi
1254 2225 1310 2264 re-

33 2291 46 2341 -’
128 2293 264 2375 'positum
282 2290 417 2364 dicebat,
442 2291 544 2365 aliam,
570 2249 688 2371 quidvis
705 2293 824 2372 potius,
851 2314 946 2380 quam
958 2292 1012 2351 ubi
1029 2290 1232 2365 reddidisset,
1259 2289 1309 2350 di·
1320 2290 1344 2321 ‘·

98 2432 101 2436 ,
134 2399 203 2440 cere
221 2388 347 2469 poterat
381 2378 437 2436 De
452 2377 581 2457 pecunia
606 2389 706 2437 autern
724 2378 807 2437 domi
829 2363 950 2463 relicta,
976 2377 1073 2456 palam
1091 2376 1177 2438 'vobis
1199 2388 1310 2439 osten

130 2465 220 2546 dam,
255 2483 324 2522 cum
352 2461 482 2521 mentiri.
517 2461 615 2521 Hanc
626 2462 707 2522 enim
738 2463 887 2522 rationem
914 2457 1031 2535 attulil,
1057 2464 1225 2542 postquam'
1251 2480 1314 2541 pe-.

50 2566 54 2571 ’
135 2549 256 2608 cuniam
280 2567 346 2606 esse
370 2568 508 2629 magnam
533 2546 705 2624 indicarat,
730 2568 830 2627 neque
853 2560 954 2635 tamen
986 2547 1160 2607 ostendere
1171 2557 1310 2628 poterat,

91 2646 98 2661 “
135 2655 167 2693 se
185 2632 382 2705 reddidisse,
397 2645 445 2706 nt,
475 2633 558 2711 quod
576 2633 769 2713 perspicuum
789 2646 850 2706 est,
880 2655 936 2692 nos
956 2652 990 2691 ea
1007 2646 1146 2713 repetere
1164 2653 1231 2692 non
1250 2633 1307 2690 de-

81 2717 85 2722 ’
134 2731 231 2792 ceret,
251 2738 327 2797 quae
346 2716 430 2776 domi
446 2716 578 2797 reposita
597 2716 784 2777 haberemus.
813 2711 945 2792 Quodsi
951 2729 1038 2797 pater
1055 2718 1172 2777 diffisus
1181 2711 1307 2777 luisset

133 2803 215 2864 istis:
233 2823 296 2864 non
313 2801 421 2881 utique
438 2815 555 2862 caetera
572 2800 632 2862 illis
650 2803 865 2875 commisisset,
885 2823 985 2882 neque
1003 2802 1097 2862 illa
1072 2825 1115 2863 sic
1132 2801 1292 2863 relicta
1260 2822 1308 2874 ets
1351 2861 1356 2874 ι

31 2905 34 2917 ’
83 2892 86 2897 ’
133 2886 291 2987 narrasset.
325 2887 443 2947 Unde
433 2887 527 2969 igitur
544 2886 676 2947 scirent?
710 2887 766 2947 Sin
783 2888 874 2947 fidem
893 2887 1063 2948 habuisset.
1092 2888 1173 2947 hand
1192 2882 1306 2966 ntiquie

12 2966 30 3039 s
134 2972 292 3033 marinum
316 2991 409 3052 opum
432 2984 549 3053 partem
574 2973 606 3030 ιιι
629 2994 735 3032 rnanus
761 2973 811 3032 ιιι
823 2972 1018 3046 tradidisset,
1042 2973 1176 3057 reliquas
1196 2992 1306 3039 eorum

135 3069 285 3140 potestate
305 3057 481 3130 exemisset,
511 3077 630 3136 neque,
661 3079 729 3117 cum
748 3079 796 3117 eas
816 3058 903 3117 mitri
920 3078 1005 3119 meac
1023 3081 1054 3119 s
1041 3060 1185 3119 rvandas
1203 3056 1308 3118 dedis-

71 3163 75 3167 ·
94 3147 97 3152 ’
116 3156 200 3216 sset,
218 3144 312 3223 ipsam
331 3142 408 3202 hanc
425 3142 481 3202 uni
497 3146 635 3201 tritorum
652 3158 779 3203 uxorem
798 3143 1017 3226 despondisset.
1048 3145 1139 3203 Nulla
1158 3144 1241 3204 enim
1239 3140 1307 3202 '‘-al

135 3228 208 3288 ferri
225 3227 303 3287 ratio
322 3234 438 3309 potest,
465 3247 520 3287 cur
535 3226 694 3307 pecuniam
713 3249 772 3308 per
784 3228 865 3288 illam
883 3229 975 3288 tueri
973 3229 1166 3311 studuisset.
1183 3247 1308 3287 eorum

44 3363 50 3380 ι
134 3325 236 3374 antem
254 3312 356 3386 unius,
373 3313 484 3392 quibus
503 3312 673 3413 diffideret,
689 3315 833 3394 potestati
850 3327 915 3373 tum
934 3314 1039 3395 ipsam,
1051 3303 1122 3375 tum
1134 3312 1305 3394 pecuniam

74 3402 80 3416 “
136 3390 269 3459 deditam
287 3398 440 3458 voluisset
462 3399 631 3458 Praeterea.
649 3398 675 3457 si
693 3399 793 3487 quid
784 3406 912 3459 istoruni
930 3420 1034 3473 verum
1053 3413 1160 3495 esset,
1163 3419 1228 3459 non
1243 3419 1308 3478 pu-

67 3488 104 3544 31
132 3483 219 3557 tatis,
239 3504 308 3544 eum
326 3497 521 3583 accepturum
538 3482 631 3542 luisse
649 3481 775 3557 matrem
794 3506 808 3543 a
827 3497 911 3564 patre
930 3469 1051 3544 datam?
1070 3486 1141 3565 qui,
1158 3506 1227 3544 cnm
1249 3484 1307 3542 do-

132 3582 195 3630 tem
214 3568 290 3641 eius,
308 3568 463 3652 octoginta
481 3567 587 3642 minas,
603 3581 639 3627 ιιι
652 3589 717 3629 eam
731 3571 875 3629 ducturus
893 3581 1022 3644 teneret,
1040 3569 1223 3631 Philonidae
1237 3569 1306 3627 Me·
1317 3606 1327 3618 ι

29 3670 35 3688 ²
69 3718 72 3723 ,
133 3654 249 3716 licensis
268 3649 360 3714 filiam
379 3653 515 3726 duxerit,
533 3653 673 3713 auaritiae
692 3655 1015 3734 sordibusimpulsus,
1033 3667 1069 3714 ut
1086 3657 1123 3715 ad
1143 3677 1210 3727 eas,
1231 3674 1308 3737 quas
1343 3682 1346 3687 ·

32 3815 34 3820 Ι
57 3807 60 3811 ,
133 3762 149 3800 a
168 3739 256 3800 nobis
276 3738 415 3814 habehat,
433 3737 587 3820 octoginta
606 3739 701 3799 minas
718 3741 848 3800 totidem
867 3739 987 3799 abillo
985 3741 1152 3820 acciperet.
1181 3731 1309 3815 Quodsi

104 3871 116 3883 ,
131 3836 265 3905 quatuor
289 3823 402 3884 talenta
427 3825 511 3913 domi
528 3823 675 3896 luissent,
703 3845 839 3926 eaque,
832 3836 877 3885 ut
894 3825 960 3891 iste
969 3825 1026 3899 ait,
1055 3826 1106 3886 illa
1131 3825 1309 3884 habuisset:

32 3977 34 3981 ¹
134 3931 238 3971 nonne
257 3914 325 3999 euin
343 3904 537 3970 accursnrum
555 3909 645 3968 etiam
662 3911 792 4006 putatis,
809 3923 844 3970 ιιι
861 3910 921 3969 ιιιιι
939 3932 999 3970 una
1017 3932 1085 3970 curn
1103 3911 1168 3991 ipsa
1187 3910 1307 3990 potire-

132 3995 220 4059 tur?
221 3989 346 4067 nonne,
353 4006 421 4054 oum
436 3994 612 4075 manifestas
633 4002 724 4075 opes,
742 4008 817 4081 quas
836 4009 866 4056 et
883 4007 1016 4055 vestrum
1035 3997 1208 4077 complures
1228 3995 1307 4055 scie-

104 4078 228 4138 hant
226 4088 291 4139 esse¹
308 4079 444 4180 relictas,
470 4093 530 4138 una
545 4098 617 4140 cum
637 4081 762 4140 caeteris
781 4071 938 4140 ιιιιοιιιιιιι
958 4082 1034 4141 adeo
1052 4080 1209 4165 flagitiose
1232 4079 1308 4140 diri-

104 4165 253 4249 puerit,
271 4185 328 4225 nec
346 4163 457 4239 abiis,
476 4187 611 4246 quarum
608 4170 674 4225 tos
691 4178 786 4226 testes
804 4186 867 4225 non
886 4165 1006 4239 essetis,
1028 4180 1182 4246 potestate
1200 4165 1308 4226 nanci-

104 4232 238 4322 scendi
257 4249 334 4335 data,
352 4249 445 4333 suissq
464 4249 741 4350 temperaturumi.
755 4251 834 4327 Quis
852 4271 924 4311 vero
944 4251 1067 4311 credat?
1088 4251 1198 4312 ·'Non·
1186 4261 1230 4310 sta
1251 4262 1308 4322 est,

113 4322 268 4416 Indices,
287 4348 349 4396 uon
359 4336 414 4394 ιιι
428 4347 492 4395 esta
506 4337 579 4447 sed·
585 4336 729 4416 pecnnia,
748 4348 844 4415 quam
856 4336 983 4432 reliquit
995 4347 1091 4416 pater,
1109 4335 1161 4395 illa
1176 4335 1231 4397 die
1250 4334 1306 4394 de-
