2722 4754
22 128 190 284 ,sess
367 128 1010 248 '‘nau'osaamrsoaauo

50 354 69 403 ’,
127 358 254 421 quaque
274 335 403 422 fugitas,
434 336 556 417 etqnia
581 337 705 398 decreto
723 314 922 417 Euctemonis
946 345 1094 401 statutum
1112 343 1180 408 est,
1213 343 1250 392 nt
1268 330 1308 393 ah

127 424 248 508 aerariis
268 424 369 484 dehita
391 422 429 483 iis
453 422 573 505 legibus
597 434 813 507 reposcantur,
842 433 969 504 propter
992 418 1051 480 hoc
1065 418 1108 478 id
1128 430 1222 501 caput
1239 438 1308 479 non

125 509 293 590 adscripsit.
335 511 379 569 Ea
402 508 626 570 machinatione
653 507 836 589 supplicium
860 508 893 570 in
921 527 974 568 eos
1001 505 1224 580 constitutum,
1251 504 1307 585 qni

124 594 456 679 pecuniampublicam
475 595 625 669 detinent,
643 593 777 668 sustulit,
800 606 840 668 et,
858 593 928 674 quia
947 593 1030 653 aliud
1048 612 1112 653 non
1131 589 1308 672 adscripsit,

123 682 208 744 tollit
225 681 384 754 universa,
409 681 573 763 populum,
599 680 735 759 equites,
760 684 916 752 senatum,
944 700 1043 753 sacra,
1069 679 1206 759 profana
1241 674 1307 736 Pro
1357 706 1359 711 >

90 789 94 796 ·
123 767 431 850 quibns'conatihus,
449 768 477 826 si
494 787 565 840 vos,
581 764 805 841 Athenienses,
823 764 964 846 sapietis,
981 760 1109 845 punitus
1128 761 1308 842 meritoque

31 910 35 917 .
119 852 274 935 ,supplicio
301 853 427 914 aflectus
454 852 593 931 exemplo
616 851 681 912 aliis
709 851 782 924 erit,
808 864 844 911 ut
867 851 952 933 leges
979 848 1157 911 huiusmodi
1182 860 1308 931 rogent

80 931 82 936 ⁴
123 938 234 1021 Neque
252 958 325 1000 vero
349 939 469 999 iudiciis
494 949 613 997 tantum
636 937 818 1020 irrogandae
842 937 972 997 mulctae
990 949 1179 1017 potestatem
1195 933 1308 1017 eripite

57 1041 60 1049 '
123 1024 180 1087 sed
201 1025 420 1106 rempublicam
446 1022 700 1104 depeculantibns
726 1021 879 1083 licentiam
906 1023 973 1096 dat,
1006 1023 1219 1104 expeditiones
1247 1040 1307 1102 pro

107 1108 310 1195 'reipublicae
329 1110 429 1169 salute
444 1108 651 1188 suscipiendas
671 1109 855 1190 corrumpit,
883 1108 1042 1190 vectigalia
1060 1107 1211 1182 destruit,
1240 1112 1306 1167 ina-

85 1240 89 1245 -
122 1197 218 1258 leficis
246 1208 279 1256 et
300 1194 457 1276 parricidis
481 1193 670 1274 militiaeque
695 1193 904 1254 desertoribus
929 1193 1175 1274 patrocinantem
1200 1194 1309 1276 legem

28 1296 37 1304 ‘
121 1283 296 1356 tulit,.cum
316 1280 482 1362 supplicia,
499 1279 655 1341 veteribus
675 1292 706 1341 et
723 1301 806 1340 nunc
823 1280 896 1340 ratis
915 1279 1034 1362 legibus
1054 1279 1187 1354 indicta,
1205 1276 1305 1341 tollat.
1339 1288 1345 1296 “

56 1350 81 1394 a
121 1368 234 1430 uuest
248 1356 353 1449 leges,
372 1388 445 1448 quas
464 1365 562 1426 saon
579 1364 668 1440 tulta,
694 1366 778 1425 nsua
794 1386 829 1424 re
846 1365 953 1425 samua
973 1364 1024 1425 aa
1041 1365 1246 1448 legumlator:
1271 1363 1305 1423 ss

13 1474 16 1488 ·
83 1512 85 1519 ,
119 1443 190 1536 huis
211 1454 248 1513 de
266 1453 409 1533 peculatu
420 1452 595 1527 convictus,
608 1451 719 1532 ,capitis
736 1465 838 1510 tamen
854 1451 1011 1511 damnatus
1024 1461 1090 1510 non
1107 1449 1212 1527 fuerit,
1232 1457 1305 1510 enm

77 1589 92 1598 ..
120 1539 251 1602 vinculis
270 1537 385 1597 addici:
411 1537 542 1617 siquis,
567 1537 725 1600 convictus
743 1537 838 1595 malae
856 1548 1015 1616 parentum
1034 1536 1245 1610 tractationis,
1271 1535 1305 1597 in

116 1625 222 1696 lorum
240 1616 307 1684 sese
326 1623 505 1706 ingesserit,
516 1623 549 1683 in
568 1644 719 1683 carcerem
738 1619 866 1683 coniicit
884 1623 911 1682 si
930 1621 997 1702 quis
1015 1622 1141 1684 militiae
1161 1622 1305 1698 desertor

69 1771 73 1775 .
95 1710 203 1771 “idem
221 1708 280 1769 sihi
298 1709 373 1768 iuris
391 1717 530 1792 arroget,
545 1704 645 1788 'quod'
657 1709 690 1767 hi
709 1708 789 1769 cives
807 1705 938 1781 hahent,
963 1695 1095 1789 qdornm
1113 1708 1234 1770 salvum
1241 1727 1299 1773 ce
1318 1783 1320 1786 ¹

119 1808 177 1878 put
196 1807 257 1868 est,
276 1815 347 1854 eum
366 1815 490 1875 quoque
509 1793 624 1854 vinciri.
654 1793 840 1856 Timocrates
858 1794 905 1854 his
926 1793 1067 1854 omnihus
1085 1793 1301 1875 impunitatem

119 1879 292 1964 proposuit,
311 1879 533 1950 constitutione
550 1879 672 1940 vadium
691 1897 841 1939 carcerem
860 1879 1033 1943 demolitus.
1066 1880 1214 1955 Proinde,
1234 1898 1303 1939 mea

15 1974 38 2041 j
120 1966 245 2048 quidem
263 1965 415 2029 sententia
439 1965 574 2049 (tametsi
600 1965 681 2025 enim
705 1954 821 2041 dictum
840 1966 969 2025 fortasse
986 1960 1303 2042 videbitur'insolen'-

99 2102 100 2105 ,
119 2052 196 2112 tius:
222 2065 328 2114 tamen
343 2051 485 2131 eloquar,
511 2064 623 2127 etnon
641 2049 871 2136 dissimulabo),
895 2050 944 2112 uel
963 2050 1004 2110 oh
1022 2050 1082 2110 hoc
1101 2048 1198 2132 capite
1216 2051 1306 2112 mula

53 2195 56 2202 .
119 2138 246 2213 ctandus
262 2136 366 2210 fuerit,
382 2151 421 2197 ut·
430 2137 511 2217 apud
523 2137 638 2196 inferos
654 2136 754 2217 impiis
768 2139 868 2220 legem
882 2137 970 2198 istam
984 2137 1071 2212 ferat,
1089 2144 1146 2197 no's
1160 2138 1301 2199 viventes

119 2220 231 2284 sanc'tis
251 2235 282 2283 et
299 2222 388 2307 iustis
406 2222 453 2284 his
471 2223 504 2284 in
521 2235 680 2304 posterum
696 2223 744 2282 uti
761 2224 901 2305 patiatur.
935 2223 1042 2284 Recita
1067 2222 1139 2285 istas
1158 2224 1252 2308 leges.

34 2345 251 2429 asenneus
288 2358 341 2419 nn
375 2356 531 2434 auaro,
565 2375 686 2421 mana*
716 2345 1008 2431 r'aacrar'roun
1048 2341 1324 2441 rhanuruhp,

127 2474 130 2481 r
505 2461 697 2521 ursnara
731 2461 913 2508 mnsam.
1031 2451 1035 2454 ’

60 2600 62 2605 =
149 2585 153 2592 ·
206 2563 364 2645 Quicquid
383 2553 492 2645 aliquis
510 2565 661 2639 amiserit,
680 2565 755 2649 siid
773 2566 934 2648 receperit,
952 2566 1002 2627 fur
1019 2556 1105 2647 dupli
1122 2565 1305 2626 damnetur:
1353 2635 1356 2641 ,

119 2651 168 2715 sin
186 2652 305 2733 minus,
331 2650 452 2731 decupli
470 2672 531 2711 una
555 2673 625 2711 cum
643 2646 851 2721 adiutoribus:
874 2673 1001 2734 unoque
1024 2653 1103 2734 pede
1129 2650 1305 2734 stringatur

22 2790 24 2796 ,
67 2756 72 2763 ’
120 2737 268 2818 compede
288 2735 424 2815 quinque
444 2735 509 2796 dies
526 2731 718 2818 totidemque
736 2751 861 2813 noctes,
887 2739 1056 2799 si'He'liaea
1073 2736 1302 2798 idaensuerit:
1353 2786 1357 2791 ,

41 2834 90 2890 'j·
119 2822 245 2884 censeie
271 2841 345 2881 vero
361 2820 461 2881 'liceat
485 2822 670 2903 unicuique,
706 2825 779 2902 dum
803 2825 841 2884 de
865 2824 927 2885 litis
953 2824 1164 2885 aestimatione
1190 2823 1299 2907 agitur.

27 2907 35 2935 ·'
119 2905 246 2984 Qnodsi
258 2906 326 2986 quis
353 2906 501 2967 abductus
524 2909 618 2968 fuerit
634 2907 683 2969 vel
706 2909 802 2970 malae
827 2911 1015 2972 tractationis
1041 2922 1223 2991 parentum,
1249 2907 1297 2968 vel

30 3005 34 3012 '
119 2993 258 3054 desertae
275 2990 402 3073 militiae
422 2992 661 3066 convictussvel
680 3007 786 3054 contra
804 2994 908 3078 legum
927 2996 1126 3055 interdictum
1146 2992 1296 3055 coluerit

93 3104 95 3109 ·
116 3077 291 3160 ingressus,
316 3096 379 3155 quo
399 3077 427 3137 ei
445 3078 529 3137 nefas
549 3091 609 3150 est:
635 3076 845 3140 Undecimviri
864 3101 934 3141 eum
952 3081 1112 3147 vinciunto
1128 3092 1164 3140 et
1172 3080 1215 3140 ‘in
1231 3079 1298 3138 He-

40 3242 43 3252 .
116 3158 225 3224 liaearn
242 3163 479 3240 introductam
491 3162 624 3224 Accuset
642 3177 744 3225 autem
763 3186 799 3225 ex
817 3165 874 3240 his,
894 3167 1004 3247 quihus
1017 3166 1049 3226 id
1062 3165 1146 3239 licet,
1165 3164 1304 3247 quitari

117 3255 178 3330 qne
203 3247 346 3311 voluerit
388 3250 555 3310 Damnatus
574 3249 600 3309 si
618 3249 692 3309 sita
703 3251 843 3312 aestimet
860 3252 999 3327 Heliaea,
1027 3252 1191 3332 quideum
1207 3250 1295 3309 luere

62 3397 65 3401 ,
117 3347 260 3416 oporteat
278 3346 331 3394 aut
347 3335 476 3396 solvere.
519 3336 642 3410 Quodsi
660 3337 835 3416 pecuniaria
852 3337 964 3400 mulcta
983 3338 1012 3399 ei
1031 3337 1110 3399 dicta
1126 3335 1231 3398 fuerit:
1255 3333 1292 3393 in

115 3419 414 3494 manducaertur,
433 3421 505 3481 dum
524 3420 658 3482 solverit
1177 3492 1180 3496 ι

12 3493 18 3506 ’
132 3525 147 3542 ·’
181 3583 184 3588 Ι
201 3505 316 3589 Similis
334 3505 429 3589 igitur
445 3505 572 3581 Soloni,
590 3507 830 3583 Athenienses„
843 3508 999 3593 legislator
1018 3521 1065 3568 est
1082 3502 1296 3566 Timocrates?

58 3626 60 3632 ·
115 3591 174 3675 llle
187 3589 349 3672 probiores
360 3589 440 3663 'sacit
456 3603 523 3652 tum
541 3613 605 3667 eos,
625 3594 765 3673 quisunt
781 3595 924 3676 improbi,
941 3606 1007 3653 tum
1019 3591 1195 3674 quiinturi
1206 3600 1296 3656 sunt:

112 3677 173 3738 iste
192 3677 283 3737 etiam
301 3676 357 3750 iis,
370 3670 436 3758 'qui
454 3678 513 3737 iam
532 3697 565 3738 se
576 3679 660 3739 ‘male
685 3693 863 3762 gesserunt,
888 3681 967 3741 viam
986 3674 1297 3750 ostendit'elahendi,

18 3796 24 3805 ι
112 3783 154 3824 ne
162 3778 286 3845 poenas
301 3763 397 3837 dent,
422 3775 453 3824 et
471 3763 526 3837 iis,
554 3763 607 3843 qni
626 3784 708 3827 nunc
732 3779 804 3827 sunt
821 3765 972 3847 improbi,
998 3786 1083 3845 spem
1102 3760 1296 3844 impunitatis

111 3849 271 3931 proponit,
290 3859 322 3908 et
337 3848 386 3924 iis,
404 3848 459 3928 qni
475 3849 580 3914 futuri
592 3855 672 3911 saint.
691 3854 735 3912 lta
750 3872 855 3917 omnes
875 3851 1013 3911 omnium
1031 3863 1297 3930 temporum-sce-

48 3952 53 3962 ‘
111 3933 225 4013 leratos
243 3935 346 4006 fovet,
372 3948 465 4015 atque
482 3934 514 3994 id
532 3935 613 4018 agit,
639 3950 675 3997 ut
692 3938 755 3998 sint
779 3938 948 3998 incolumes
969 3948 999 3996 et
1016 3937 1054 3996 ab
1080 3933 1225 3996 omnihus
1244 3933 1295 3993 in-

111 4019 282 4080 commodis
298 4019 501 4083 vindicentur.
519 4020 687 4097 Enimyero
703 4045 777 4105 quas
795 4035 830 4083 tu
843 4043 957 4104 poenas
975 4022 1048 4082 satis
1067 4041 1175 4104 graves
1196 4020 1295 4092 dares,

110 4116 166 4166 aut
183 4105 393 4190 quaelerres,
417 4119 452 4167 ut
470 4128 505 4166 ea
518 4107 637 4182 -lerres,
666 4130 742 4188 quae
761 4108 917 4182 meruisti,
941 4107 995 4188 qui
1012 4107 1139 4191 (omitto
1159 4101 1295 4185 caetera)
1325 4176 1331 4183 ἡ
1354 4121 1357 4125 ·

110 4189 204 4251 etiam
221 4190 369 4274 praesidia
396 4193 561 4254 senectutis
580 4194 683 4269 tollis,
710 4195 811 4276 leges,
837 4193 987 4275 inquam,
1003 4193 1115 4274 quihus
1135 4203 1294 4274 coguntur

9 4313 13 4317 -
101 4273 217 4355 ¹liheri,
244 4289 275 4337 et
291 4272 432 4358 parentes
458 4278 543 4339 vivos
561 4279 642 4338 alere
662 4293 693 4339 et
715 4279 867 4351 defunctis
893 4281 971 4342 iusta
998 4269 1216 4360 persolvere?¹
1239 4274 1293 4350 An

99 4362 185 4433 'vero
197 4375 228 4424 te
241 4362 400 4446 qnisquam
418 4364 696 4438 sceleratior-inter
713 4365 857 4433 mortales
876 4385 982 4431 omnes
1000 4358 1171 4429 existimari
1176 4375 1293 4444 quest,
