2722 4754
414 234 772 295 lNPHlLlPPUlll
808 236 869 296 lll.
979 240 981 246 '
1149 232 1224 297 -'59
1283 253 1293 279 ²

28 416 31 427 ·
88 409 133 455 mm
147 384 287 466 quoddam
308 405 409 467 genus
428 387 621 468 ignominiae.
640 387 723 462 Quid
743 389 823 447 enim
840 379 1050 463 Zelitae'illius
1069 390 1225 463 intererat,
1270 396 1279 413 ²

28 496 32 503 ·
88 481 107 541 ,i
121 468 257 553 republica
280 452 474 552 Atheniensi·
491 493 554 531 non
579 473 754 532 frueretur?
780 474 933 553 Scriptum
958 474 1052 559 igitur
1076 475 1134 543 hoc
1161 497 1224 536 nou
1320 482 1323 487 ’

29 589 32 598 =
89 561 142 632 vult,
160 555 206 616 sed
230 574 300 612 cum
324 555 360 637 in
384 556 502 638 legibus
528 556 703 637 capitalibus
727 559 933 625 contincatur:
960 561 1098 633 Quarum
1121 583 1223 621 rerum
1278 554 1298 595 ·,

90 663 171 731 poenas
186 657 248 696 non
267 638 407 712 dederit,
435 642 538 719 capitis
558 642 749 721 anquiratur:
776 643 818 701 sas
829 639 907 713 'erat
920 661 995 703 eum
1009 647 1154 706 occidere.
1184 659 1224 717 et,
1292 656 1297 664 '

92 722 297 816 lgnouiuiosus,
325 725 430 803 inquit
447 726 511 798 lex,
538 727 691 785 moriatur.
726 727 859 786 Proinde
879 728 978 789 caedis
997 730 1144 804 absolvit,
1171 730 1224 810 qui

93 821 169 879 horum
187 807 330 890 aliquem
347 809 500 873 occiderit
536 813 640 889 ltaque
659 811 806 889 putabant
824 811 883 883 illi,
909 833 1013 871 curam
1037 815 1094 872 sibi
1119 814 1223 874 salutis
1301 874 1304 881 f

84 905 241 971 vGraecorum
260 894 400 953 omnium
419 894 640 974 suscipiendam
660 914 732 955 esse.
767 895 894 974 Alioqui
918 908 1171 971 non“curassent,
1198 897 1226 958 si
1259 965 1263 971 .

90 982 177 1065 quirin
194 980 409 1058 Peloponneso
429 979 545 1057 aliquos
566 991 682 1037 emeret
698 992 751 1037 aut
768 986 991 1059 corrumperet,
1018 982 1077 1041 nisi
1095 984 1136 1041 ita
1154 1003 1224 1041 sen·
1251 981 1254 985 ’
1317 1043 1321 1048 ,

85 1071 183 1130 sissent:
200 1084 300 1142 neque
319 1064 363 1121 sic
382 1063 578 1123 mulctassent
596 1076 686 1142 atque
698 1064 762 1122 ·ulti
779 1077 889 1135 essent,
909 1080 984 1144 quos
1004 1068 1139 1146 accipere
1156 1089 1223 1125 mu-
1317 1141 1320 1145 ι

83 1174 140 1213 uera
154 1148 443 1220 animadvertissent,
462 1162 565 1208 utros
585 1147 617 1207 in
636 1148 704 1227 pilis
723 1149 955 1228 proscriberent
977 1151 1064 1224 Quae
1083 1162 1151 1211 c‘urn
1168 1153 1224 1210 fie-

81 1250 150 1309 rent,
164 1233 265 1294 merito
282 1232 410 1292 Graecia
424 1232 556 1292 Barbaro
573 1246 637 1292 erat
650 1233 866 1306 formidabilis,
885 1255 948 1293 non
961 1236 1113 1295 Barbarus
1127 1237 1223 1295 Grae-

80 1324 124 1383 cis.
146 1322 223 1380 Nunc
239 1317 333 1376 aliter.
359 1321 422 1376 Vos
438 1319 523 1391 ,enim
541 1339 604 1376 non
623 1319 665 1378 ita
682 1318 805 1377 animati
824 1319 906 1392 estis,
925 1341 1027 1399 neque
1046 1321 1101 1394 his,
1119 1341 1220 1400 neque
1240 1326 1280 1381 79

82 1406 186 1468 caeteris
199 1405 229 1462 in
244 1401 345 1463 rebus.
364 1402 423 1464 Sed
441 1403 619 1481 quomodo?
636 1403 739 1463 Nostis
760 1403 825 1483 ipsi.
843 1405 999 1478 Quorsum
1017 1396 1224 1465 enim‘attinet
1309 1425 1326 1440 ³

79 1510 197 1552 accusare
208 1508 264 1561 ‚vos
283 1487 315 1544 in
335 1487 499 1546 omnihus?
516 1489 630 1546 Eadem
648 1489 736 1569 plane
754 1488 833 1546 ratio
853 1502 899 1550 est
916 1502 1105 1550 caeterorum
1125 1491 1222 1549 Grae·
1322 1499 1331 1504 '

65 1597 167 1637 corum
183 1571 331 1634 omnium:
359 1573 411 1651 qui
436 1573 532 1631 nihilo
558 1586 630 1632 sunt
653 1573 798 1637 meliores,
820 1574 913 1633 vobis.
949 1576 1145 1655 Quapropter
1163 1596 1222 1657 ego

78 1681 177 1732 assero,
201 1672 232 1718 et
254 1679 396 1739 magnum
422 1658 557 1717 studium
585 1671 615 1716 et
640 1658 758 1719 honum
781 1660 943 1719 consilium
965 1661 1123 1740 requirere
1138 1659 1222 1722 'haec

77 1744 188 1826 negotia.
214 1743 327 1817 Quod?
350 1743 470 1801 dicam?
495 1743 628 1802 iubetis?
654 1750 773 1802 et'non
792 1743 983 1804 irascemini?
1009 1746 1034 1802 E
1053 1744 1154 1804 tabula
1172 1764 1222 1802 re-

78 1832 130 1890 cita.
146 1822 289 1888 Recitatio
307 1827 435 1886 tabulae.
454 1826 608 1887 Obiicitur
626 1841 726 1887 autem
743 1828 845 1909 inepta
863 1831 1009 1907 quaedam
1024 1822 1104 1887 ratio
1120 1828 1156 1887 ab
1174 1829 1222 1901 iis,

77 1915 120 1995 qui
133 1913 276 1973 consolari
291 1912 442 1972 civitatem
459 1913 580 1972 volunt:
599 1913 772 1994 Philippum
789 1915 926 1972 nondum
945 1934 1010 1972 esse
1026 1913 1127 1986 talem,
1146 1935 1220 1991 qua-

77 2001 110 2060 les
132 1998 283 2078 aliquando
306 1997 424 2082 luerint
440 1997 686 2071 Lacedaemonii,
715 1997 823 2077 quiet
846 1998 920 2056 mari
938 1998 1171 2058 dominarentur
1191 2009 1223 2056 et

27 2092 33 2101 ”
77 2099 141 2145 terra
155 2083 305 2153 universa,
334 2083 387 2160 qui
405 2084 520 2164 Regem
535 2084 697 2157 'Persarum
715 2081 832 2141 socium
851 2082 1014 2156 haberent,
1043 2082 1153 2161 quibus
1171 2082 1220 2139 ni-

27 2232 29 2239 ,
78 2170 113 2228 hil
129 2169 294 2227 obsisteret:
313 2179 345 2225 et
362 2180 462 2227 tamen
482 2168 549 2225 illos
568 2169 661 2227 ultam
681 2189 747 2227 esse
765 2180 899 2227 nostram
919 2168 1087 2239 civitatem,
1108 2180 1138 2226 et
1155 2186 1220 2225 non

79 2243 208 2334 abreptam
227 2252 372 2310 emedio.
402 2253 468 2334 Ego
486 2273 575 2326 vero,
594 2275 663 2312 cum
682 2252 796 2325 omnia,
815 2266 852 2312 ut
868 2252 899 2311 in
918 2253 1096 2313 uniuersum
1112 2251 1220 2325 dicam,
1255 2261 1259 2267 '

77 2360 166 2420 magna
181 2337 365 2397 incrementa
384 2338 520 2416 ceperint
546 2352 577 2398 et
600 2338 673 2396 haec
691 2324 843 2397 veteribus
862 2337 944 2397 nulla
961 2359 994 2396 re
1014 2336 1123 2396 similia
1141 2334 1227 2394 sinti

77 2423 141 2481 nihil
156 2443 216 2481 esse
234 2421 326 2502 magis
346 2421 492 2494 arbitror,
527 2445 616 2501 quam
634 2444 682 2482 res
699 2422 838 2494 bellicas,
874 2436 1022 2483 mutatum
1042 2435 1073 2480 et
1090 2434 1219 2481 auctum.

76 2508 201 2579 Primum,
238 2507 335 2581 audio
354 2508 617 2566 Lacedaemonios·
633 2521 706 2566 tunc
734 2520 764 2566 et
790 2518 894 2565 omnes
921 2521 1055 2566 caeteros
1072 2507 1218 2565 Graecos

27 2666 29 2671 Ι
77 2605 191 2671 quatuor
206 2605 257 2651 aut
274 2591 410 2670 quinque
429 2614 546 2651 menses
566 2607 740 2673 opportuno
758 2591 831 2651 belli
849 2605 986 2672 tempore
1002 2589 1166 2669 militasse:
1185 2610 1219 2649 ac
1242 2610 1259 2655 ¹,
1330 2631 1332 2635 ι

27 2742 29 2749 ,
75 2690 146 2749 tum,
164 2676 356 2756 impressione
375 2676 451 2735 facta
471 2689 502 2735 et
519 2676 653 2761 hostium
672 2699 744 2758 agro
763 2676 905 2737 infestato
925 2676 1098 2759 legionibus
1118 2689 1150 2735 et
1166 2696 1225 2745 ur<

75 2761 152 2820 banis
169 2761 274 2840 copiis,
297 2761 421 2819 domum
439 2761 584 2820 rediisse·
608 2760 696 2820 Adeo
715 2773 816 2819 autem
833 2760 959 2819 fuerunt
977 2761 1143 2839 simplices,
1170 2758 1221 2841 vel
1241 2809 1248 2833 ,

27 2874 31 2903 ·.
75 2845 162 2925 potius
181 2845 288 2916 civiles,
304 2858 340 2903 ut
357 2848 397 2903 ne
415 2846 542 2925 pecunia
561 2845 683 2924 quidem
702 2845 864 2924 quicquam
882 2844 919 2903 ab
937 2844 1001 2902 ullo
1019 2845 1220 2907 redimerent:

75 2926 224 3010 legitimum
241 2930 392 3008 quoddam
410 2943 440 2988 et
453 2944 589 3009 apertum
607 2929 720 3009 bellum
735 2926 903 3011 gerebatur.
928 2928 1017 2988 Nunc
1032 2928 1141 2988 videtis
1155 2927 1219 3011 uti·
1279 2982 1281 2986 ,
1306 2965 1314 2970 -

75 3024 136 3093 qu'e,
158 3006 346 3095 proditorum
365 3035 455 3095 opera
474 3014 601 3094 plurima
619 3014 760 3094 periisse,
786 3014 862 3072 nihil
881 3014 1027 3073 instructa
1045 3010 1220 3071 aciecolla-

27 3128 32 3149 ι
74 3098 157 3176 tisque
181 3098 274 3180 siguis
299 3099 372 3180 geri.
408 3099 530 3158 Auditis
549 3099 738 3179 Philippum,
765 3119 828 3158 non
847 3099 917 3179 quia
937 3098 1073 3180 legiones
1094 3107 1218 3155 armatas
1273 3107 1283 3115 “

74 3181 155 3255 ducit,
173 3181 215 3258 ir'e
235 3183 389 3261 quolibet:
416 3185 468 3242 sed
489 3185 571 3263 quod
589 3183 775 3256 ferentariis,
796 3181 966 3263 equitibus,
985 3181 1145 3264 sagittariis
1165 3200 1220 3260 pe·
1244 3200 1246 3205 ·

27 3252 32 3273 ι
70 3263 200 3347 regiinis‘,
232 3267 284 3326 tali
303 3269 436 3327 exercitu
454 3269 619 3328 instructus
639 3283 690 3328 est
726 3269 846 3359 Quibus
866 3270 937 3327 dum
955 3267 1066 3346 pollet,
1100 3264 1219 3325 cumin
1247 3314 1250 3319 .

72 3371 114 3409 eos
130 3351 228 3424 irruit,
256 3352 310 3430 qui
331 3353 480 3415 discordia
506 3353 644 3412 laborant
666 3352 840 3432 turbatique
866 3366 952 3424 sunt,
980 3372 1109 3431 quorum
1127 3369 1219 3410 nemo

43 3436 49 3443 “
70 3456 117 3514 pro
134 3437 191 3518 agri
209 3436 389 3497 defensione
407 3450 533 3520 propter
551 3438 750 3497 diffidentiam
768 3437 885 3518 prodit:
916 3436 1053 3497 adductis
1072 3435 1236 3494 machinis

67 3519 129 3588 illos
153 3532 311 3602 oppugnat.
347 3525 390 3581 Ut
407 3523 529 3582 interim
545 3536 676 3581 taceam:
702 3523 779 3581 nihil
805 3543 873 3588 eum
898 3521 1009 3581 habere
1036 3519 1218 3581 discriminis

53 3603 138 3662 -iuter
154 3603 284 3665 hiemem
304 3619 336 3664 et
353 3614 524 3679 aestatem,
546 3629 646 3686 neque
664 3608 761 3667 ullum
779 3607 824 3666 illi
843 3627 907 3666 csse
926 3619 1045 3686 tempus
1065 3605 1218 3679 eximium,

65 3688 136 3766 quod
153 3689 343 3755 intermittat.
380 3693 465 3766 Quae
485 3715 552 3751 cum
571 3694 675 3751 omncs
695 3693 812 3764 sciatis,
841 3690 1063 3771 providendum
1079 3691 1168 3751 vobis
1189 3702 1219 3748 et

63 3775 384 3849 noncommittendum
404 3791 458 3850 est,
476 3791 512 3836 ut
526 3776 639 3835 bellum
654 3777 684 3835 iu
699 3790 832 3837 nostram
850 3776 997 3835 ditionem
1016 3777 1150 3857 ingruat:
1168 3795 1218 3847 ne,

63 3856 129 3916 dum
141 3860 340 3931 ad,Laconici
360 3859 431 3919 belli
450 3862 670 3941 simplicitatem
688 3861 855 3942 respicitis,
883 3861 959 3919 colla
977 3860 1138 3942 frangatis:
1164 3859 1218 3920 sed

61 3962 139 4020 quam
156 3944 332 4005 diutissime
352 3956 421 4003 ante
440 3947 623 4017 cavendum,
648 3968 682 4005 ac
699 3947 790 4006 rebus
809 3945 949 4028 gerendis
970 3958 1000 4004 et
1018 3943 1217 4024 apparatibus,

59 4048 91 4085 ne
114 4030 201 4090 domo
226 4053 261 4090 se
287 4041 424 4099 moveat,
452 4031 661 4089 efficiendum:
687 4051 750 4092 non
775 4030 922 4090 consertis
949 4028 1085 4088 manibus
1113 4030 1217 4088 decer..

58 4115 175 4175 tandum.
210 4116 293 4175 Nam
314 4115 353 4187 ad
372 4113 483 4174 bellum
502 4117 613 4175 multae
635 4124 744 4177 ¹natura
769 4114 857 4175 nobis
882 4113 1218 4174 sunt'commoditates:

58 4200 135 4260 nodo
152 4224 184 4262 ea
203 4203 314 4262 fecere
334 4197 471 4272 velimus,
491 4200 736 4280 quae-debemus,
747 4199 974 4260 Athenienses:
992 4211 1097 4257 natura
1114 4198 1216 4280 regio.-

56 4283 92 4342 nis
107 4285 199 4363 illius,
222 4285 322 4347 cuius
344 4304 481 4364 magnam
493 4286 614 4365 ‘partem
632 4284 785 4345 hostiliter
802 4283 932 4363 diripere
952 4297 983 4352 et
999 4282 1141 4355 infestare
1160 4302 1216 4362 pos

27 4369 175 4437 'lerinum
192 4374 261 4438 alia
283 4377 438 4451 sexcenta.
457 4368 516 4429 Sed
535 4371 571 4429 ad
590 4370 739 4450 proelium
757 4369 865 4440 melius
885 4367 953 4441 ille,
971 4388 1061 4447 quam
1079 4387 1153 4451 nos,
1171 4379 1218 4424 est
1236 4372 1237 4377 ’

27 4480 32 4485 .
102 4452 106 4461 ’
259 4460 272 4483 t
696 4448 709 4459 ‘
