2722 4754
107 168 109 173 ⁵
151 219 212 274 210
376 204 390 235 ³
435 166 1041 299 nnn‘os'tnnuls'tmnrto'
1109 280 1111 287 Ι
1162 266 1166 279 ,

110 396 116 416 1
151 380 233 431 recte
253 378 283 427 et
300 368 371 426 re‘re
390 360 544 425 obierint?
561 363 641 424 Fieri
659 385 729 424 nom
741 376 859 446 potest·
879 360 1086 444 Hegesippum
1105 362 1238 421 enimet
1257 360 1326 421 col-

45 512 48 519 ,
151 457 268 536 legatos
293 448 357 510 eiu's
381 442 729 531 videtis—ut'acceperit
774 444 900 508 Caetera
917 439 1034 513 taceot-⁸
1045 448 1098 506 sed
1116 446 1324 513 Xenoclidem
1342 523 1355 532 -

73 574 75 579 ·
152 547 272 621 po'etanr
292 537 354 618 egit
371 536 402 594 in
422 535 574 617 exsilium,
594 537 677 614 quod
696 556 763 608 eos,
788 533 868 593 cives
887 543 975 617 suos,
1001 531 1326 613 hospitio-exceperat,

151 625 202 683 Sic
226 644 294 682 cunr
320 621 378 681 illis
402 621 481 703 agit,
506 621 557 700 qui
581 642 650 680 vere
676 632 766 687 et‘ex
790 619 892 677 auimo
915 640 1033 695 cansam
1051 626 1181 683 testeam
1207 628 1347 699 agunt:-

152 709 296 789 quivero
321 728 352 766 se
374 706 455 786 ipsos
475 706 693 777 vendiderunt,
718 697 773 763 eos
792 715 912 776 tractat,
937 716 973 762 ut
990 703 1072 763 istos.
1116 704 1199 770 Haec
1217 702 1325 786 igitur

100 850 105 859 ,
152 800 259 866 testes,
286 793 360 851 baec
383 791 481 873 aliqua
507 791 618 851 maiora
642 801 817 872 argumenta
842 783 1023 867 requirnnt?
1049 789 1131 847 Haec
1157 789 1323 868 quisquam

130 876 475 957 -vohisextorquebiti'
511 876 633 933 Dudum
667 887 766 933 autem
795 886 868 932 ante
890 873 1002 953 curiam
1030 873 1152 952 quidam
1177 868 1266 933 ienit
1291 885 1325 934 ot

152 963 225 1023 mihi
247 985 313 1022 rem
338 963 412 1023 dixit
437 960 571 1019 omnium
596 959 855 1023 absurdissimam:
880 958 1046 1018 instituisse
1067 980 1136 1017 eum
1155 955 1321 1019 Charetem

149 1066 306 1119 accusare,
332 1061 422 1125 atque
448 1066 485 1104 eo
512 1046 604 1105 modo
631 1057 660 1103 et
684 1042 723 1110 iis
746 1043 846 1103 verbis
872 1043 970 1124 decipi
994 1065 1084 1125 posse
1109 1064 1170 1104 vos·
1189 1041 1333 1125 sperares

105 1137 108 1147 “
149 1135 216 1216 Ego
234 1154 324 1204 vero,
349 1131 374 1190 s'i
392 1129 550 1190 accusetur
569 1126 695 1202 Chares,
720 1128 877 1189 inventum
896 1129 949 1200 iri,
974 1128 1044 1188 eum
1062 1128 1194 1188 fideliter
1215 1142 1247 1189 et
1265 1127 1320 1187 be-

149 1218 258 1280 nevole
283 1216 381 1277 modis
408 1213 549 1274 omuibus
573 1235 630 1294 pro
653 1213 740 1273 vobis
765 1215 878 1296 egisse,
904 1212 1047 1293 quicquid
1067 1214 1100 1296 in¹
1123 1213 1189 1293 ipso
1215 1214 1319 1285 suerit,

149 1316 275 1385 propter
294 1323 345 1359 eos
364 1312 481 1373 autem,
518 1299 570 1379 qui
594 1300 855 1380 suiscorruptelis
873 1299 996 1380 negotia
1015 1300 1194 1378 perderent,
1231 1311 1317 1369 tauto

83 1400 107 1410 ·“
150 1389 243 1453 l'uisse
262 1385 456 1458 inferiorem,
488 1406 549 1445 non
570 1386 943 1467 magnoperecontendo:
972 1386 1024 1443 sed
1041 1384 1170 1443 nimium
1190 1383 1241 1443 isti
1258 1383 1317 1447 lar.-

148 1474 219 1557 giar.
254 1473 345 1543 Esto,
372 1491 441 1529 vere
467 1469 635 1530 Aeschines
661 1472 698 1529 de
723 1492 760 1530 eo
786 1471 865 1530 dicat
891 1469 1005 1529 onmia:
1033 1469 1124 1528 etiam
1148 1468 1192 1529 sic
1216 1482 1319 1529 tamen

148 1550 311 1626 admodum
334 1555 496 1615 ridiculum
512 1556 594 1636 serit,
621 1578 691 1616 eum
709 1556 745 1616 ab
769 1555 829 1615 isto
848 1554 987 1615 accusari.
1030 1555 1096 1636 Ego
1123 1555 1205 1613 enim
1229 1549 1316 1627 itibil,

148 1645 231 1724 quod
250 1643 282 1701 in
300 1640 382 1701 bello
402 1637 594 1715 commissum
614 1654 669 1714 est,
687 1641 832 1702 Aeschini
851 1641 968 1720 imputo
988 1637 1033 1721 (id
1053 1639 1134 1698 enim
1152 1662 1168 1698 a
1188 1639 1314 1701 ducibus

30 1738 66 1819 ’,ν
147 1722 460 1808 requirendumest),
494 1748 594 1807 neque
613 1748 716 1806 paoem
734 1727 843 1786 saetam
861 1722 1065 1805 a'republiea:
1097 1726 1151 1785 sed
1170 1725 1315 1809 hacteuus¹

148 1813 290 1872 condono
310 1811 418 1872 omnia.
462 1810 546 1884 Quid
564 1811 765 1894 igitur‘dico?
790 1812 872 1871 unde
891 1817 1030 1879 accusare
1049 1810 1184 1891 incipio?
1212 1811 1316 1886 Quod,

64 1904 67 1909 '
148 1899 219 1973 dum
237 1918 341 1977 pacem
353 1895 530 1975 respublica
547 1896 677 1970 laceret,
707 1892 878 1959 Philocr‘ati,
890 1896 1074 1978 suffragatus
1092 1908 1154 1968 est,
1185 1917 1252 1956 non
1269 1895 1317 1969 iis,

147 1982 199 2062 qni
214 1980 382 2043 suadebant
398 1981 525 2061 optima:
546 1983 629 2061 quod
646 2003 772 2043 munera
786 1981 916 2062 accepit:
935 1982 1018 2061 quod
1035 1981 1145 2057 deiude
1161 1983 1193 2040 in
1209 1993 1316 2062 poste-

145 2066 226 2127 riore
245 2067 397 2148 legatione
415 2078 553 2147 tempora
570 2066 739 2127 consumsit
757 2081 788 2127 et
805 2067 881 2126 nihil
899 2088 1024 2140 eorum,
1061 2088 1138 2146 quae
1156 2088 1210 2126 ros
1224 2088 1315 2127 -man-

146 2150 303 2225 daveratis,
321 2152 407 2211 lecit:
436 2152 519 2231 quod
537 2152 640 2211 fucum
659 2153 731 2212 fecit
747 2151 941 2233 reipublicae,
961 2164 991 2211 et
1009 2153 1135 2211 excitata
1153 2173 1217 2232 spe,
1237 2172 1315 2231 quae

135 2230 382 2315 ,vellemusfnom
400 2236 575 2318 Philippum
595 2258 659 2296 esse
679 2239 844 2309 iacturum,
863 2238 964 2297 omnia
981 2233 1128 2316 perdidit:
1155 2238 1240 2317 quod
1257 2258 1316 2318 po-

43 2334 48 2339 ·
144 2335 222 2393 stea,
248 2343 316 2389 cnm
335 2321 385 2381 ilii
404 2319 655 2401 praemonerent,
674 2324 841 2382 cavendum
860 2343 925 2382 esse
944 2344 1031 2394 enm,
1057 2322 1109 2402 qui
1126 2343 1181 2382 vos
1200 2335 1248 2382 tot
1266 2322 1315 2381 in·

142 2407 227 2482 iuriis
247 2405 407 2479 affecisset,
426 2406 489 2487 ipse
509 2407 653 2469 defendit
676 2410 760 2468 Haec
776 2429 896 2480 accuso,
914 2402 1214 2486 haeememinerttis.
1236 2407 1315 2467 Nam

141 2489 253 2551 iustam
272 2498 376 2572 pacem
403 2503 434 2551 et
451 2513 593 2572 aequam,
618 2493 758 2555 homines
784 2493 858 2554 item
885 2493 1078 2573 incorruptae
1097 2493 1169 2555 fidei
1194 2504 1316 2574 etpost

143 2576 219 2636 nibil
237 2577 382 2635 mentitos
402 2576 490 2636 etiam
509 2578 676 2654 laudassem
696 2592 726 2639 et
744 2600 857 2638 corona
875 2578 1180 2658 donariiussissem=
1192 2578 1226 2637 Si
1245 2577 1313 2658 quis

141 2675 242 2722 autem
260 2682 314 2720 vos
333 2662 394 2720 dux
410 2660 513 2721 offecit
530 2661 665 2736 iniuriis,
698 2664 730 2722 id
753 2665 789 2723 ad
808 2664 886 2727 banc
904 2664 1076 2725 reddendae
1094 2663 1221 2723 rationis
1240 2685 1313 2723 cau-

141 2768 205 2806 sam
223 2746 299 2805 nihil
317 2747 432 2806 attinet.
469 2747 546 2822 Quis
565 2749 645 2807 enim
666 2749 725 2808 dur
742 2749 854 2828 Alnm?
879 2749 946 2829 quis
964 2749 1139 2813 Phocenses.
1156 2747 1314 2830 perdidit?

90 2836 96 2915 {
142 2831 209 2911 quis
227 2832 409 2893 Doriscum?
445 2832 511 2912 quis
532 2826 884 2915 Cersobleptem?'quis
904 2835 1028 2894 Sacrum
1046 2835 1206 2894 montem?
1241 2833 1313 2914 quis

111 2927 115 2934 ’
140 2915 254 3000 Pylas?
269 2916 336 2997 quis
354 2916 474 2991 effecit,
491 2929 527 2978 ut
543 2939 599 3000 per
615 2918 714 2978 socios
734 2933 765 2981 et
782 2920 895 2979 amicos
912 2921 1067 3000 usquead
1085 2914 1217 2980 Atticam
1234 2918 1311 2979 Phi-

140 3001 225 3081 lippo
240 3015 320 3061 esset
335 3001 413 3062 iter?
432 3003 498 3082 quis
511 2999 702 3069 Coroneam?
721 3005 788 3086 quis
802 3003 1052 3067 Orchomenum?
1062 3006 1137 3086 quis
1151 3003 1313 3065 Euboeam

139 3085 299 3147 alienavit?
328 3087 394 3166 quis
412 3088 532 3170 Megara
550 3089 640 3168 paulo
659 3090 751 3150 ante?
767 3091 846 3170 quis
863 3091 1026 3151 Thebanos
1045 3090 1193 3151 firmavit?
1210 3093 1312 3166 Quae
1353 3138 1355 3143 .

55 3184 117 3238 285
141 3189 322 3251 quamquam
340 3184 389 3231 tot
402 3185 544 3253 tantaque
563 3186 647 3233 suut:
666 3175 743 3234 nibil
760 3188 861 3238 tamen
881 3198 987 3236 eorum
1006 3176 1093 3256 culpa
1108 3177 1220 3241 ducum
1239 3197 1312 3256 per-

133 3257 191 3333 iit,
206 3277 310 3335 neque
327 3269 427 3317 vestro
452 3279 604 3319 consensu
622 3280 799 3325 concessum
819 3263 850 3321 in
869 3284 941 3342 pace
959 3262 1118 3347 Philippus
1129 3274 1235 3322 tenet:
1255 3260 1313 3321 sed

19 3358 24 3367 '
121 3352 174 3403 'ea
192 3352 251 3422 per'
264 3341 338 3401 istos
356 3341 512 3422 perierunt
531 3365 699 3425 eorumque
718 3347 911 3427 corruptelas.
948 3347 1068 3422 Quodsi
1092 3347 1165 3408 haec
1183 3345 1312 3429 fugerit,

86 3438 90 3457 “
133 3440 171 3505 et
188 3425 310 3499 errarit,
330 3439 361 3488 et
379 3427 495 3505 quidvis
513 3429 615 3509 potius
636 3431 760 3504 dixerit,
785 3432 836 3519 sicx
848 3433 876 3493 ei
895 3432 1059 3493 occurrite:
1083 3431 1153 3493 Non
1173 3433 1210 3492 de
1230 3433 1312 3492 duce

50 3514 53 3519 ’
138 3510 283 3573 iudicium
308 3510 448 3585 facimus,
477 3536 539 3572 non
563 3512 674 3583 borum
698 3516 859 3578 criminum
883 3540 953 3578 reus
979 3540 1026 3577 es:
1058 3539 1097 3577 ne
1115 3519 1187 3594 dic,
1217 3517 1312 3579 etiam

138 3597 237 3657 alium·
249 3596 419 3677 quempiam
437 3599 612 3678 praebuisse
631 3623 750 3661 causam
767 3603 972 3665 Phoeensium
991 3604 1120 3679 excidi0,
1138 3603 1192 3663 sed
1209 3615 1242 3663 te
1262 3603 1329 3671 in,¹

137 3694 256 3757 sontem
276 3702 340 3742 esse
360 3682 522 3745 ostendito.
557 3683 640 3760 Quid
658 3687 768 3769 igitur,
787 3689 904 3769 siquid
923 3689 1054 3769 deliquit
1070 3688 1332 3765 Demosthenes,

17 3802 25 3820 ν
87 3826 89 3830 ,
135 3791 218 3839 nnnc
237 3790 348 3841 narras,
366 3781 396 3828 et
414 3790 487 3842 non,
506 3792 574 3829 cum
592 3771 742 3849 rationem
759 3775 912 3850 redderet,
929 3774 1106 3835 accusabas?
1136 3769 1216 3834 Nam
1234 3795 1307 3856 pro·
1329 3810 1355 3827 α

21 3912 42 3934 5
135 3868 204 3936 pter
222 3855 280 3915 hoc
298 3854 395 3938 ipsum
414 3853 524 3936 ‹lig'uus
550 3877 580 3917 es
606 3858 706 3919 exitio.
748 3857 798 3925 Ne
814 3860 879 3934 dic,
906 3883 995 3942 quam
1019 3882 1067 3921 res
1093 3859 1173 3920 bona
1193 3861 1233 3921 sit
1251 3884 1309 3944 par

123 3953 226 4025 ‚atque
244 3940 334 4002 utilis.
376 3940 474 4001 Nemo
493 3941 575 4027 enim
593 3943 673 4023 pacis
691 3965 708 4003 a
726 3944 882 4025 republica
900 3947 995 4006 sactae
1014 3949 1168 4015 auctorem
1188 3963 1220 4009 te
1239 3970 1304 4010 esse

135 4026 224 4085 dicit:
247 4026 318 4100 sed,
343 4047 406 4087 non
424 4027 555 4108 turpiter
573 4040 604 4089 et
621 4027 771 4111 flagitiose
790 4045 861 4111 post
878 4031 980 4109 multis
999 4033 1032 4092 in
1050 4034 1141 4095 rebus
1160 4055 1216 4103 nos
1238 4057 1302 4097 esse

82 4124 101 4149 '·
135 4111 292 4195 deceptos,
317 4132 381 4171 non
399 4113 660 4194 omniaperiisse,
682 4113 717 4173 id
733 4115 834 4176 dicito:
877 4118 996 4188 Horum
1015 4120 1096 4180 enim
1116 4122 1254 4181 omnium
1273 4134 1301 4182 te

41 4237 60 4275 '5
78 4246 84 4253 .
134 4216 200 4261 esse
219 4208 383 4274 auctorem,
401 4198 432 4257 id
450 4197 540 4273 nobis
559 4211 605 4260 est
623 4210 786 4260 ostensum.
814 4199 877 4263 Cur
893 4226 966 4264 vero
986 4206 1132 4266 haetenus·
1150 4229 1230 4281 eum,
1241 4209 1301 4287 qui

128 4279 202 4341 talia
221 4281 404 4364 designavit,
429 4282 552 4343 laudas?
576 4283 610 4342 Si
628 4282 671 4343 sic
689 4283 726 4343 ab
746 4303 782 4342 eo
802 4290 953 4349 caveritis:
978 4291 1054 4352 nibil
1074 4291 1198 4353 habebit
1216 4294 1302 4373 qnod

74 4418 77 4423 .
130 4367 328 4447 respondeat,
353 4368 410 4431 sed
427 4367 537 4431 frustra
559 4359 667 4439 'vocem
685 4367 735 4435 bic
752 4385 840 4433 acuet
859 4388 890 4436 et
908 4376 1121 4439 declamitabit.
1155 4377 1215 4439 Sed
1235 4379 1299 4438 lor-
1319 4395 1336 4407 “
