2722 4754
1108 84 1145 125 ,ζῖ

356 142 991 263 auratasne-Lanuuini.-
1178 175 1239 273 233

60 361 136 421 gem
152 335 338 411 tulissemus,
357 357 396 395 ne
415 334 464 395 cui
482 332 633 393 honorem
650 331 762 392 habere
781 332 894 393 liceret
912 331 1131 394 Haudiniuria
1148 334 1239 393 nimi-
1261 334 1277 362 ‘

62 447 151 493 rum:
177 447 246 485 nam
264 410 384 503 indigni
408 419 531 500 quidam
551 419 641 479 donia
666 414 853 479 fruebantur.
872 419 931 479 hoc
950 419 1030 479 enim
1048 420 1239 481 in'oratione
1272 491 1274 494 y

66 534 124 574 sua
141 506 471 594 passimpinculcabunt
490 504 558 588 Age
578 526 660 577 veru,
680 527 752 563 num
771 525 826 565 nos
844 505 920 567 illud
936 504 1077 588 ignorare
1093 507 1238 578 dicemus,
1310 566 1312 575 ,

69 594 115 659 cie¹
130 586 270 681 dignitate
283 605 374 664 tum,
394 614 470 663 =curn
490 589 706 662 damus,'esse
734 590 947 664 iudicandum,
965 614 1036 652 non
1054 593 1150 674 longo
1168 604 1240 674 post

71 683 210 768 temporis
228 677 411 740 intervallo}>
454 677 531 735 Nam
548 676 638 736 initio
657 697 721 737 non
739 675 875 751 tribuere
894 677 1019 755 aliquid,
1041 679 1239 760 prudentium

75 773 227 843 hominum·
242 778 303 825 est:
317 775 507 836 ,eos-autem,
527 762 580 842 qui
598 760 1109 842 habent,spoliare,'invidentiu1u
1138 768 1238 840 Quam
1299 762 1302 767 Δ

78 858 240 942 opinionem
259 847 383 909 anobis
402 861 532 909 amotam
552 868 616 907 esse
640 848 735 907 dccet
770 849 929 908 Praeterea
948 842 988 907 de*
1004 849 1118 908 iudicio
1135 842 1238 933 eligni-

80 946 200 1007 tatiane
222 935 302 1003 iliud¹
324 934 446 1014 quidem
472 936 551 1014 apud
576 955 630 992 vos
650 933 759 1010 *dicere
783 934 934 1006 verebor,
965 933 1053 995 aliam
1081 936 1146 996 eius
1173 945 1244 997 es'sc'

84 1022 338 1093 considerationem
368 1022 447 1101 apud
474 1019 646 1091 civitatem,
679 1019 767 1101 aliam
792 1021 872 1100 apud
899 1020 1055 1080 bominem
1080 1020 1238 1102 privatum.
1309 1033 1331 1105 ¹*

84 1111 208 1178 Privatim
232 1104 312 1167 cuim
338 1106 469 1186 quisque
492 1101 746 1176 consideramus,
782 1104 849 1184 quis
877 1106 993 1180 affinis,
1029 1119 1082 1166 aut
1107 1107 1174 1187 quis
1199 1101 1322 1166 ad'301

44 1213 48 1219 ·
87 1192 393 1264 aliaeueccssitudines
421 1192 628 1274 adiungendus
648 1191 687 1250 sit
706 1188 903 1272 deligendus:
932 1213 1075 1272 quaeres
1095 1206 1239 1276 etgene,
1274 1264 1277 1274 1

85 1312 136 1364 re,
156 1277 311 1362 etlegibusx
338 1277 538 1356 quibusdam,
566 1289 597 1336 ct
616 1276 814 1356 opinionibus
842 1276 984 1336 delinitae
1004 1291 1090 1337 sunt:
1115 1279 1238 1359 publice

90 1365 258 1436 ,efo‘eiaitas
278 1375 309 1422 et
327 1362 460 1444 populus
478 1363 509 1421 id
528 1374 653 1442 spectat,
676 1384 691 1421 a
711 1383 845 1442 quonam
864 1363 1021 1423 beneficiis
1039 1364 1189 1424 alliciatur
1208 1376 1239 1422 et

94 1463 287 1522 conservetur.x
312 1450 360 1509 lle
381 1470 418 1509 eo
445 1471 508 1510 non
534 1469 646 1530 genere
671 1461 724 1507 aut
736 1484 739 1489 -
751 1447 917 1529 opinione,
944 1451 998 1509 sed
1017 1442 1052 1508 ei
1071 1450 1138 1530 ipso
1157 1450 1237 1509 iacto

94 1535 294 1607 iudicarisolet
341 1532 418 1594 Cum
438 1535 531 1616 igitur
549 1534 711 1593 beneficiis·
726 1533 950 1617 indigebimus,
969 1536 1122 1597 neminem
1141 1535 1237 1617 impe-

95 1633 202 1697 diemus,
219 1643 278 1702 quo
296 1621 398 1680 minus
416 1620 506 1680 nobis
532 1620 715 1683 benefaciat:
739 1621 871 1701 acceptis
889 1622 1046 1681 veroium·
1070 1621 1238 1693 beneficiis,

95 1708 323 1778 iumlemum'dc
343 1707 491 1790 dignitate
512 1707 595 1778 eius,
622 1707 675 1786 qui
695 1728 728 1766 ea
747 1708 848 1780 dedit,
876 1707 1121 1788 disputabimus?
1165 1709 1237 1770 Non

96 1823 154 1864 sane
167 1794 338 1879 praeclarum
363 1791 524 1853 consilium
543 1791 602 1851 hoc
622 1792 687 1852 erit
727 1786 780 1852 'tin
799 1815 871 1853 vero
891 1793 938 1853 his
957 1793 1030 1854 solis
1049 1794 1081 1854 id
1099 1793 1237 1871 accidet?

95 1911 130 1949 an
145 1886 174 1946 de
187 1880 226 1941 his
242 1879 316 1940 solis
335 1879 425 1938 verba
437 1878 543 1954 piaclo?
587 1878 717 1939 Minime
733 1900 822 1938 vero:
849 1879 912 1939 imo
931 1902 970 1939 ne
989 1881 1093 1940 conari
1109 1881 1236 1960 quidem
1281 1910 1286 1926 ι

68 2014 72 2021 .
97 1972 173 2034 ausim
189 1986 233 2031 eos
250 1987 357 2025 omnes
377 1963 569 2043 conquirere,
589 1963 651 2043 qui,
670 1987 738 2023 cum
758 1964 889 2023 benefici
906 1965 939 2024 in
951 1986 1005 2025 vos
1025 1965 1149 2039 luerint,
1168 1967 1236 2048 lege
1255 2040 1257 2044 Α

68 2070 72 2079 “
97 2052 250 2137 hesperiam
267 2053 331 2110 suis
349 2050 489 2132 praemiis
508 2049 729 2129 spoliabuntur.
747 2041 903 2110 Proferam
922 2064 1023 2110 tamen
1042 2072 1137 2110 unum
1158 2053 1236 2111 dun·
1275 2049 1278 2054 ’
1306 2097 1327 2113 ..

98 2154 159 2204 taxat
173 2137 259 2198 adhuc
276 2149 329 2195 aut
347 2138 475 2215 alterurn
494 2135 806 2195 senatusconsultum:
824 2148 894 2216 post
912 2135 959 2194 bis¹
979 2135 1127 2196 derebus
1144 2134 1236 2205 verba
1253 2187 1261 2209 ι

99 2231 173 2288 iacere
189 2218 324 2283 desinam.
343 2217 478 2281 Prinuim
498 2221 592 2303 igitur
604 2223 630 2279 T
632 2221 751 2293 basias<
762 2221 814 2300 qui
829 2221 1020 2302 Ecphantnm
1040 2222 1136 2282 secuti
1154 2235 1236 2295 sunt,

99 2333 176 2374 annon
191 2308 321 2382 afficietis
340 2307 460 2391 iniuria,
478 2307 669 2365 immunitate
688 2307 811 2386 erepta?
836 2307 898 2387 qui,
915 2307 1016 2367 Thaso
1035 2307 1123 2368 vobis
1139 2307 1235 2371 tradi·
1288 2320 1293 2330 ¹

99 2413 129 2472 u,
142 2409 167 2456 et
179 2394 320 2477 praesidio
333 2392 645 2453 Lacedaemoniorum
663 2392 751 2451 armis
771 2392 880 2466 eiecto,
898 2415 932 2452 ac
947 2393 1124 2453 introducto
1139 2393 1235 2454 'slua-

100 2482 197 2568 spbulo,
219 2493 248 2540 et
264 2479 377 2560 patriae
397 2500 468 2538 suae
487 2478 616 2538 amicitia
636 2478 722 2537 vobis
742 2478 916 2551 conciliata,
935 2479 976 2538 'in
995 2500 1083 2539 causa
1101 2479 1236 2553 luerunt,

94 2567 127 2629 'ut
139 2589 164 2628 se
181 2578 207 2626 et
226 2565 347 2625 finitimi
364 2565 496 2625 Thraces
521 2564 680 2624 vobiscum
705 2563 936 2646 coniungerent.
963 2558 1099 2625 ‘Deinde
1116 2565 1235 2626 Arche-

100 2654 164 2714 bium
178 2665 207 2728 et
218 2651 425 2722 Heraclidem,
453 2650 506 2731 qui
525 2673 592 2710 cum
610 2650 791 2733 Byzantium
809 2650 1002 2733 Thrasybulo
1029 2651 1235 2726 tradidissent,

101 2761 144 2799 vos
156 2738 327 2817 Hellesponti
346 2736 487 2796 dominos
515 2737 697 2805 effecerunt,
724 2735 767 2794 ita
783 2748 819 2794 ut
838 2736 968 2806 decimas
987 2737 1174 2810 venderetis,
1195 2750 1236 2810 et,
1285 2780 1288 2785 -

101 2822 309 2907 magnapecunia
323 2836 438 2893 coacta,
452 2821 709 2882 Lacedaemonios
724 2820 886 2903 cogeretis,
903 2821 994 2881 talem
1009 2822 1108 2882 iacere
1120 2843 1236 2903 pacem,
1306 2822 1309 2827 ’

41 2910 47 2929 ’
100 2909 173 2990 qualis
187 2908 324 2989 expediat
352 2908 472 2983 Quibus
491 2907 602 2967 deinde
622 2907 736 2979 eiectis,
755 2906 931 2974 decrevistis
951 2925 995 2979 ea,
1014 2929 1093 2987 quae
1112 2909 1236 2968 decerni

100 3017 140 3076 par
153 3007 190 3054 est
202 2993 268 3054 viris
288 2993 518 3068 benemeritis,
548 2990 606 3074 qui
619 3005 746 3074 propter
763 3014 816 3053 vos
836 2993 1029 3066 exsulabant,
1055 2992 1235 3074 hospitium,
1274 3004 1281 3025 ¹

100 3080 262 3156 beneficium,
280 3100 383 3139 rerum
402 3078 539 3139 omnium
558 3079 788 3139 immunitatem.
831 3079 893 3138 Eos
911 3078 1020 3161 igitur,
1040 3078 1092 3157 qui
1110 3092 1236 3160 propter

54 3198 60 3217 ι
100 3187 141 3224 vos
153 3167 230 3246 patria
247 3178 351 3225 carent
363 3178 400 3225 ‘et
417 3166 485 3225 iure
503 3164 617 3244 aliquid
636 3188 652 3224 a
670 3163 757 3238 vobis
777 3164 992 3244 impetrarunt,
1010 3163 1133 3245 spoliari
1152 3165 1233 3225 sine·
1296 3196 1304 3213 x

100 3260 158 3324 rnna
172 3275 228 3313 cum
245 3250 321 3311 nihil
340 3251 389 3325 sit,
408 3251 440 3311 in
459 3272 520 3331 quo
540 3271 593 3309 eos
611 3248 808 3310 accusemus?
826 3250 929 3330 Turpe
943 3248 974 3309 id
991 3249 1235 3329 quidenniuerit.

98 3336 170 3415 ldquc
184 3337 220 3398 sic
237 3337 404 3397 rectissime
422 3335 630 3418 perspicietis,
649 3336 674 3396 si
692 3334 906 3417 apudanimos
924 3330 1045 3419 vestros
1060 3336 1234 3396 considera-

99 3419 166 3495 bitis,
179 3422 200 3482 si
215 3444 320 3483 eorum
338 3421 449 3502 aliqui,
470 3423 522 3503 qui
540 3423 598 3481 iam
617 3423 848 3506 Pydnam,„aut
865 3420 1057 3496 Potidaeam,
1076 3435 1129 3481 aut
1146 3422 1234 3482 aliam
1282 3409 1298 3437 ⁵

98 3505 181 3591 urbem
188 3509 324 3589 aliquam,
342 3530 418 3588 quae
430 3531 514 3569 nunc
522 3507 665 3589 Philippo
677 3520 772 3588 paret,
781 3505 868 3566 vobis
878 3520 980 3567 autem
990 3505 1112 3567 inimica
1123 3503 1170 3570 est
1181 3529 1240 3569 eu·⁴
1273 3502 1279 3509 ¹

97 3582 247 3668 dammodo,
260 3616 322 3674 quo
333 3607 399 3672 turn
408 3595 524 3655 'l'hasus
538 3593 768 3677 etByaantium,
781 3593 943 3655 coniuncta
954 3615 1023 3652 cum
1033 3593 1234 3653 Lacedaemo..

80 3673 147 3749 'aiio
161 3700 174 3738 a
188 3680 271 3740 vobis
290 3680 387 3741 aliena
406 3693 500 3752 erant,
519 3702 552 3740 se
563 3680 728 3740 tradituros
747 3678 975 3760 pollicerentur,
995 3699 1109 3758 vosque
1128 3679 1165 3738 iis
1185 3700 1235 3738 ea-

96 3759 147 3821 den
161 3765 231 3826 dona
250 3766 372 3840 daretis,
387 3788 467 3849 quae
484 3765 645 3849 Ecphanto
664 3764 776 3827 Thasio
796 3780 827 3826 et
844 3764 1000 3825 Archebio
1014 3764 1162 3848 Byzantio
1181 3765 1235 3823 de-

95 3845 174 3923 distis,
197 3865 226 3912 et
242 3852 371 3912 istorum
391 3848 563 3934 aliqui'illis
587 3853 836 3921 adversarentur,
860 3850 939 3934 haec,
953 3851 1144 3922 dictitantes,
1171 3871 1235 3910 non
1306 3880 1310 3886 ·

78 3953 142 3994 esse
157 3936 326 4011 lacendum,
353 3938 379 3997 si
398 3939 450 4021 qui
469 3938 528 3999 soli
546 3959 582 3999 ex
600 3937 665 3998 aliis
690 3936 848 4017 inquilinis
875 3958 1001 3996 munera
1019 3935 1154 3995 aedilitia
1170 3956 1242 3997 nou

93 4017 203 4083 obirent:
220 4023 378 4105 quomodo
398 4045 468 4108 erga
485 4024 573 4097 illos,
591 4023 644 4105 qui
663 4045 696 4082 ea
715 4023 870 4094 dicerent,
882 4022 990 4081 allecti
1010 4019 1136 4081 essetis?
1163 4019 1236 4103 Non

92 4103 194 4169 dubium
213 4124 275 4183 est,
298 4131 353 4171 vos
373 4130 425 4170 eos
443 4123 587 4191 tanquam
611 4109 844 4169 calumniatores
870 4107 1089 4167 exsibilaturos.
1132 4108 1236 4188 Turpe

91 4188 165 4271 igitur
179 4195 288 4271 inerit,
306 4197 349 4270 si,
365 4217 435 4256 cum
454 4196 628 4278 accipienda
646 4207 762 4268 essent,
781 4215 837 4276 pro
857 4192 1124 4255 calumniatoribus
1143 4191 1237 4253 habe-

90 4277 147 4339 retis
164 4302 229 4355 eos,
254 4283 309 4362 qui
326 4281 397 4343 talia
415 4283 571 4356 dicerent,
586 4303 621 4342 ac
639 4280 764 4355 iisdem,
791 4301 858 4340 cum
876 4278 1048 4358 disputant,
1066 4278 1139 4339 olim
1157 4278 1236 4338 benc

90 4365 192 4429 meritos
205 4390 292 4429 nunc
311 4381 376 4428 esse
395 4367 602 4452 spoliandos,·
615 4389 701 4429 aures
720 4363 916 4449 praeberetis·
956 4362 1023 4447 Age
1042 4386 1134 4438 vero,
1160 4365 1236 4461 illud
1260 4353 1325 4410 3⁰2

1027 4512 1039 4549 ,Ι
