2722 4754
1239 108 1246 161 l

970 128 1011 189 tl*

267 232 270 239 ,
347 254 351 263 .
409 205 472 273 uu
507 159 915 294 curus‘ouuso.s,
955 288 960 294 Ι
996 239 1011 289 ;
1096 215 1117 249 >
1169 211 1209 290 3⁵1
1258 232 1261 256 ι

757 328 762 352 v
951 321 953 326 '
1024 330 1030 337 r
1105 336 1111 346 =

68 370 137 434 edan
151 358 301 421 minitari?
331 359 633 432 Veluti-Thessalos,
650 357 753 433 multis
773 360 849 422 datis
867 358 1063 435 muneribus,
1081 361 1114 421 in
1132 358 1209 421 han'c

69 450 217 519 ,srvitutem
231 445 365 526 pellexit.
383 445 490 525 Neque
506 445 635 505 dicendo
650 441 812 524 quisquam
826 446 973 526 consequi
983 454 1099 528 ,potest
1118 439 1208 526 quam

69 537 133 602 variis
157 529 266 616 artibus
292 529 625 619 miseros*0ly'nthios,
653 530 826 610 dataprius
849 532 1016 606 Potidaea,
1041 531 1205 611 multisque
1224 538 1264 593 68

47 624 118 689 ,liis
138 616 295 696 deceperit
329 615 492 675 Thebanos
518 615 608 674 etiam
632 635 714 673 nunc
732 614 768 681 a'd
787 635 819 675 se
845 612 938 676 allicit
969 617 1089 696 'sibique
1109 618 1212 677 obno-·

74 700 211 775 xiulacit,
233 700 344 781 tradita
360 699 505 760 Boeotia:
529 711 726 780 posteaquam
754 719 935 781 eosmagno
962 703 1106 784 gravique
1118 702 1207 765 bello
1229 708 1235 757 ἐ

76 786 186 863 liberavit
220 789 326 866 ltaque
350 784 382 843 hi
407 805 512 844 omnes
532 785 603 845 dum
621 782 721 863 aliqua
739 785 954 845 commoditate
972 786 1131 846 sru'untur:
1157 786 1209 852 alii

77 883 115 942 ba
127 871 253 955 perpessi
261 892 303 930 ea
315 883 492 949 sunt-quae
512 889 617 930 omues
636 882 765 929 norunt:
784 869 835 929 alii
848 870 1130 950 ferentfquicquid
1140 882 1207 932 tan-

74 966 123 1026 dem
136 955 299 1038 contigerit
324 954 367 1014 At
383 975 437 1014 vos
456 952 514 1037 (ut,
533 952 609 1034 quae
627 953 834 1034 perdideritis,
848 953 976 1038 taceam)
995 955 1026 1014 in
1045 955 1109 1034 ipsa
1127 950 1228 1036 paci-3

72 1043 182 1110 tudone
206 1041 326 1120 quoties
346 1039 478 1119 decepti,
499 1035 588 1120 quani
606 1039 708 1099 multis
726 1039 850 1119 spoliati
869 1039 967 1100 estis?-
996 1039 1106 1100 Nonne
1125 1041 1207 1133 l'ho-

71 1125 203 1194 censibus?
235 1146 341 1185 nonne
359 1124 461 1208 Pylis?
492 1131 599 1184 nonne
613 1123 754 1197 Thracia,
779 1125 924 1198 Dorisco,
949 1121 1207 1198 Serrio„Cerso,-
1237 1162 1240 1169 ‹

54 1218 150 1296 ¹hlepte
164 1210 247 1290 ipso?
270 1209 474 1269 nonue'nunc
492 1205 837 1289 urbem,.Cardianorum
854 1222 956 1284 tenet,
974 1232 1007 1269 ac
1026 1211 1208 1272 confitetur?
1237 1230 1241 1243 ¹
1264 1274 1270 1281 ,

72 1299 122 1362 Cur
133 1297 214 1380 igitur
232 1294 288 1353 alia
307 1296 424 1355 ratione
442 1294 529 1368 illos,
542 1295 603 1354 'nec
622 1295 730 1354 eodem
748 1297 841 1355 modo
860 1316 913 1355 vos
932 1295 1058 1355 tractat?
1077 1296 1157 1370 Quia
1176 1297 1208 1377 in,

72 1387 125 1450 aoh
141 1380 233 1441 nostra
255 1381 332 1440 urhe
358 1402 394 1440 ex
413 1381 553 1439 omnibus
572 1379 636 1439 aliis
666 1379 790 1459 impune
817 1380 951 1440 hostium
969 1380 1136 1458 commodis
1151 1402 1207 1461 pa·
1279 1392 1303 1460 J

67 1465 186 1533 ‘meinai
202 1464 287 1524 licet:
306 1487 350 1537 ac,
367 1465 392 1524 si
408 1465 475 1544 quis
494 1464 653 1546 pecuniam
671 1465 738 1544 ipse
756 1466 880 1546 accepit,
899 1465 1101 1526 concionandi
1118 1460 1207 1547 pote-

70 1567 156 1616 statem
177 1550 284 1623 hahet,
322 1550 439 1610 etiamsi
475 1568 528 1610 vos
554 1548 661 1610 vestris
696 1550 805 1630 opibus
832 1550 954 1619 interim
988 1551 1111 1632 spoliati
1136 1551 1208 1611 sitis.

71 1635 175 1722 Olynthi
202 1656 321 1694 causam
345 1634 478 1715 Philippi
504 1654 592 1716 agere
617 1647 718 1697 tutum
743 1657 806 1694 non
833 1637 958 1709 suisset,
992 1636 1050 1696 nisi
1075 1636 1207 1719 populus

35 1774 40 1791 ,
67 1719 261 1806 ,Olynthiorum
279 1720 422 1779 delinitus
442 1733 522 1779 esset
539 1719 736 1779 illotraditae
754 1721 934 1793 Potidaeae,
972 1743 1030 1801 qua
1046 1743 1108 1780 una
1126 1722 1208 1780 lrue-

67 1821 149 1878 retur,
164 1804 325 1865 beneficio.
362 1805 433 1862 Nou
457 1817 558 1876 tutum
582 1804 691 1864 suisset
713 1805 918 1864 imThessalia
931 1805 1073 1884 Phihppi
1090 1827 1208 1866 causam

67 1889 237 1975 agere,2nisi
261 1889 425 1949 multitudo
450 1889 682 1962 Thessalorum,
701 1941 703 1944 .
721 1889 824 1954 eiectis
852 1913 867 1948 a
893 1889 1035 1968 Philippo
1072 1890 1209 1970 ipsorum
1297 1929 1301 1935 ,

68 1975 205 2038 commodo
236 1975 373 2058 tyrannis
409 1986 500 2053 atque
518 1974 628 2055 Pylaea
651 1975 807 2047 restituta,
833 1973 1067 2033 insacietatem
1092 1975 1208 2048 benefif

68 2063 163 2122 ciorum
180 2059 290 2140 etipsa
306 2059 446 2119 venisset.
480 2058 627 2124 Nonfuit
645 2058 757 2117 Thebis
776 2071 894 2132 tutum,
912 2059 1088 2139 priusquam
1105 2059 1208 2119 Boeo·
1237 2093 1262 2101 r-

67 2148 126 2208 tiam
139 2143 206 2216 illis,
219 2143 332 2204 ‘deletis
350 2143 576 2216 Phocensibus,
592 2143 784 2206 reddidisset.
802 2143 931 2204 Athenis
949 2165 1038 2216 vero,
1057 2165 1126 2204 cum
1144 2163 1209 2207 non

71 2228 251 2310 Amphipolim
274 2241 393 2289 tantum
425 2242 456 2289 et
479 2250 584 2310 agrum
611 2223 942 2303 Cardianorum-nobis
968 2228 1129 2309 eripuerit,
1144 2227 1208 2301 ,sed

70 2315 198 2374 Euboeam
216 2314 256 2374 ita
274 2314 406 2385 muniat,
427 2327 468 2373 -ut
492 2313 586 2373 veluti
602 2334 661 2372 arx
685 2313 725 2373 sit
749 2315 785 2373 ad
802 2335 859 2373 nos
879 2313 1083 2374 excludendos
1103 2326 1133 2373 et
1151 2334 1208 2392 op-

68 2400 238 2482 pugnandos,
257 2411 288 2458 et
305 2421 387 2461 nunc
403 2398 584 2482 Byzantium
600 2398 737 2471 invadat,
758 2412 859 2458 tutum
879 2412 926 2458 est
943 2399 1043 2458 dicere
1059 2419 1117 2478 >pro
1135 2394 1208 2456 Phi·
1228 2428 1232 2436 ·

68 2487 142 2566 lippo.
167 2483 296 2544 Proinde
314 2482 424 2542 horum
442 2483 540 2562 aliqui
555 2505 591 2543 ex
608 2479 753 2543 mendicis
772 2496 898 2563 repente
918 2483 1020 2565 ditati,
1041 2504 1077 2542 ex
1094 2481 1211 2563 ignotis

71 2583 149 2649 atque
159 2566 288 2629 obscuris
303 2568 450 2628 ,celebres
469 2581 541 2628 sunt
557 2569 630 2628 sacti
655 2581 686 2628 et
703 2568 852 2628 illustres:
877 2588 931 2628 vos
951 2581 1056 2628 contra
1085 2588 1121 2626 ex
1137 2565 1208 2627 illu-

69 2653 312 2726 stribus'obscuri,
335 2654 500 2734 ecopiosis
518 2653 633 2734 inopes.
668 2653 745 2712 Nam
762 2654 846 2713 urbis
865 2674 923 2736 ego
943 2653 1066 2732 quidem
1085 2671 1158 2732 opes
1176 2648 1210 2710 in
1288 2687 1301 2703 ι

72 2738 161 2811 sociis,
181 2739 259 2812 dade,
293 2737 516 2807 benevolentia·
533 2759 599 2797 esse
623 2737 918 2817 positasexistimo:
955 2759 1082 2815 quarum
1106 2755 1219 2795 rerum.
1285 2761 1304 2774 *-

17 2865 20 2870 ·
72 2823 189 2882 omniurn
202 2823 324 2903 penuria
342 2845 396 2883 vos
416 2821 567 2881 laboratis.
610 2822 692 2895 Quas
721 2822 793 2880 dum
809 2824 864 2881 vos
883 2820 1036 2903 negligitis
1074 2832 1106 2879 et
1122 2817 1209 2902 vobis

70 2906 132 2986 eripi
146 2907 250 2968 sinitis:
285 2907 337 2967 ille
364 2908 469 2967 beatus
495 2907 589 2965 lactus
610 2917 655 2965 est
691 2916 721 2964 et
744 2927 888 2986 magnus,
925 2919 956 2965 et
973 2903 1154 2965 formidatur
1171 2902 1209 2963 ab
1239 2974 1242 2979 .

70 2991 187 3059 omnibus
212 3005 242 3052 et
260 2992 386 3053 Graecis
414 3002 453 3050 et‘
467 2990 620 3051 Barbaris:
648 3009 702 3050 vos
737 2990 866 3049 humiles
892 3003 924 3049 et
949 2989 1079 3061 deserti,
1107 3009 1210 3048 rerum

51 3076 195 3155 xvenalium
213 3078 307 3158 copiis
326 3075 492 3158 splendidi,
521 3096 623 3135 earum
642 3087 799 3154 apparatu,
819 3096 895 3154 quae
913 3095 967 3135 vos
987 3072 1151 3147 decebant,
1167 3073 1210 3131 ri-
1277 3072 1282 3079 ’

72 3160 150 3220 diculi.
164 3162 232 3221 Non
250 3175 352 3222 autem
371 3161 479 3220 eodem
497 3161 589 3220 modo
609 3158 694 3220 vobis
716 3172 746 3219 et
762 3159 957 3240 sibimetipsis
977 3147 1124 3238 quosdam
1143 3178 1210 3218 ara·
1229 3190 1233 3211 z

63 3258 135 3317 ,tores
150 3247 305 3306 consulere
324 3247 427 3306 videu-
440 3244 535 3303 Vobis
555 3243 635 3304 enim
651 3244 869 3322 quiescendum
888 3265 952 3305 esse
972 3244 1086 3315 dicunt,
1106 3243 1214 3303 etiam-1

70 3329 91 3388 si
110 3329 266 3406 violemini:
293 3331 352 3412 ipsi
376 3351 448 3390 vero
473 3330 552 3410 apud
570 3350 624 3388 vos
652 3329 807 3407 quiescere
831 3350 894 3389 non
907 3341 1065 3410 possunt,
1090 3328 1211 3394 tametsi

61 3434 140 3487 ¹neum
157 3414 196 3474 eis
213 3416 356 3475 iniuriam
373 3415 469 3474 faciat
500 3412 618 3472 Deinde
629 3413 775 3493 quisquis
794 3413 1212 3496 suggestumeonscenderit,
1236 3436 1252 3444 -

73 3497 128 3559 Nou
140 3500 177 3559 vis
195 3497 326 3583 (inquit)
345 3513 451 3559 auctor
468 3498 534 3558 fieri
552 3510 604 3557 aut
620 3496 797 3578 periclitariv
816 3500 870 3558 sed
888 3498 1012 3558 timidus
1030 3519 1063 3558 es
1084 3511 1114 3558 et
1132 3497 1210 3557 mol·
1283 3556 1294 3577 s

70 3581 113 3642 tis!
131 3566 192 3666 ligo
219 3607 293 3645 vero
319 3585 413 3644 audax
440 3584 684 3664 ettirnportunus‘
708 3596 798 3663 atque
824 3583 983 3664 impudens
1008 3603 1211 3662 mequesum,

69 3687 148 3747 reque
161 3669 227 3729 fieri
242 3670 349 3730 velim:
374 3668 532 3729 fortiorem
548 3681 649 3727 tamen
666 3669 758 3751 longe
773 3668 895 3748 lateque
912 3668 983 3742 illis,
1001 3667 1054 3746 qui
1070 3681 1211 3748 proterve
1224 3672 1269 3727 69

67 3753 131 3832 apud
150 3773 202 3814 vos
225 3754 351 3835 publica·
371 3752 499 3835 negotia·
516 3765 660 3825 tractant,
686 3773 734 3813 me
762 3772 826 3813 esse
852 3753 999 3831 existimo.
1031 3753 1094 3827 Qui
1114 3753 1211 3824 enim,
1233 3748 1245 3755 ⁹
1296 3800 1299 3805 .

66 3834 266 3911 Athenienses,
286 3837 464 3919 'posthabita
480 3838 611 3897 utilitate
628 3837 829 3918 reipublicae,
853 3838 886 3896 in
910 3832 1056 3897 iudicium
1081 3836 1232 3909 adducit,

64 3923 222 4001 proscribit,
248 3924 315 3996 dat,
332 3933 477 3995 accusat,
497 3923 578 3982 nulla
597 3923 726 4003 quidem
738 3923 811 3982 haec
836 3919 1016 3982 fortitudine
1035 3921 1123 3980 facit:
1148 3922 1212 3994 sed,

64 4005 207 4084 quiescit,
226 4009 317 4079 dum,
336 4028 413 4086 quae
439 4006 525 4081 vobis
544 4006 698 4087 placeant,
715 4008 859 4087 loquatur
885 4021 915 4067 et
933 4007 1047 4065 nullam
1064 4005 1211 4087 reipubli-

61 4108 106 4150 cae
121 4105 230 4171 partem
248 4092 451 4164 vacillantem,
479 4113 555 4172 quae
574 4113 674 4153 creare
692 4091 865 4174 periculum¹
879 4103 985 4172 queat,
1011 4091 1154 4173 attingat,
1179 4110 1211 4152 se

61 4176 134 4254 quasi
156 4176 266 4258 pignus
291 4175 402 4236 hahere
426 4196 497 4236 suae
522 4175 627 4236 salutis
647 4190 677 4236 et
694 4176 928 4246 incolumitatis,
946 4175 1049 4235 „audax
1067 4187 1099 4235 et
1116 4175 1211 4234 confi-

41 4260 123 4320 dens
141 4274 191 4321 est.
228 4262 293 4337 Qui
310 4259 515 4341 vero-publici
539 4261 725 4323 barricanus
749 4261 855 4331 crebro
879 4254 992 4319 vestris
1005 4258 1214 4331 voluntatibus
1232 4282 1237 4289 ·

58 4344 238 4422 adversatur,
267 4359 300 4406 et
325 4345 401 4406 nihil
426 4346 472 4405 aa
489 4345 614 4428 gratiam
629 4346 796 4426 loquitur,
826 4344 880 4404 sed
905 4364 1025 4426 semper
1038 4343 1212 4405 utilitatem

80 4428 93 4442 .,
155 4452 157 4459 Ι
304 4445 306 4449 ,
523 4451 535 4459 ,
960 4432 1008 4504 4*
1213 4449 1215 4452 ,

1181 4528 1248 4561 *l
