2722 4754
128 204 226 287 1ss3
352 195 376 267 j
400 145 787 267 'ou-unsruuor's
817 146 1005 283 enarro

66 403 68 409 .
130 375 198 427 rum
217 351 256 412 sit
274 371 382 412 eversa.
413 344 556 428 Captivos
573 348 1003 432 autemis,>qui,7dispiciebat,
1022 368 1083 428 quo
1102 359 1192 429 pacto
1209 344 1299 406 vobis

55 506 69 524 N
131 431 359 522 gratificaretur,
376 432 487 492 missos
503 432 611 508 facere,
629 455 668 493 ne
682 435 714 494 in
727 447 859 494 mentem
875 435 997 515 quidem
1012 433 1071 492 sibi
1086 433 1207 493 venisse
1225 451 1301 512 pro-

33 578 35 581 .
62 559 64 562 >
115 523 243 583 vlitetur.
261 517 357 599 Saepe
375 529 476 578 autem
491 528 637 595 testatum
654 518 740 578 vobis
761 525 815 592 c'st,
833 519 928 599 idque
943 518 1074 599 publice,
1092 538 1141 576 me
1160 513 1301 576 attulisse
1319 576 1321 580 ,

52 632 55 642 ·
73 612 79 621 ‘
132 606 280 667 talentum
299 615 330 662 et
341 603 379 662 ad
397 623 450 663 eos
468 604 662 663 redimendos
679 604 851 685 profectum
870 625 950 663 esse:
986 602 1070 682 quod
1087 601 1302 662 testimonium

51 684 71 694 ⁸
133 688 323 754 nuncetiam
341 687 478 758 audietis.
513 689 716 770 Quapropter,
728 700 770 747 ‘ut
787 688 844 747 iste
864 688 983 758 laudem
1001 688 1082 751 illam
1101 686 1311 768 benignitatis
1344 726 1346 730 ι

75 845 77 855 Ι
132 773 210 855 mihi
226 772 365 855 eriperet,¹
384 773 472 832 etiarn
490 772 522 832 id
539 784 575 831 ut
591 772 779 846 inscriberet,
795 771 1110 853 Philippopersuasit.
1128 771 1224 846 Quod
1243 771 1322 852 igi:

68 909 70 913 s
132 869 184 919 tur
201 851 363 919 maximum
380 870 426 917 est
445 857 608 931 omnium„
626 857 679 937 qni
696 857 848 937 prioribus
873 857 969 916 literis
987 879 1043 938 per
1060 879 1117 917 nos
1129 855 1302 916 allatis-in-

52 963 59 966 *
134 939 309 1024 scripserat,
327 963 359 1026 se
377 953 481 1022 aperte
498 941 588 1006 etiam
605 942 699 1001 fnisse
717 943 924 1021 scripturum,
933 942 1052 1021 quantis
1071 941 1228 1007 beneficiis
1247 954 1302 1001 vos

32 1024 36 1031 ’
133 1026 297 1099 asserturus
317 1040 413 1100 esset,
440 1025 466 1086 si
483 1026 589 1101 sciret,
615 1026 790 1088 societatem
817 1027 905 1101 etiam
930 1048 1033 1086 secum
1058 1027 1170 1086 initum
1187 1024 1251 1084 iris
1266 1026 1303 1099 is,

110 1107 115 1127 ³
134 1111 264 1173 'conflata
281 1112 442 1187 societate,
459 1131 569 1190 neque
578 1111 655 1171 scire
674 1131 722 1185 se,
748 1133 806 1193 qua
823 1132 855 1171 re
874 1110 960 1173 vohis
978 1111 1181 1193 gratificetur,
1199 1130 1303 1190 neque

135 1198 296 1278 quicquam
321 1194 495 1277 promisisse
505 1195 571 1271 ait:
595 1196 678 1276 qnod
695 1196 802 1276 utique
820 1209 941 1270 nosset,
968 1198 993 1255 si
1010 1197 1113 1256 lucum
1131 1195 1219 1255 vobis
1238 1215 1304 1255 non

115 1282 263 1345 leci-sset.
289 1286 404 1342 Verum
421 1293 457 1340 ut
475 1279 636 1341 eumthaec
653 1280 807 1362 scripsisse
826 1293 954 1357 constet,
973 1302 1045 1361 cape
1062 1281 1180 1362 p'riores
1199 1279 1303 1340 literas

74 1415 77 1421 .
135 1373 232 1448 atque
245 1365 358 1428 exiliis
376 1365 408 1424 id
428 1366 528 1447 ipsum
544 1365 648 1440 recita,
665 1366 702 1426 ab
722 1367 780 1426 hoc
798 1365 911 1425 initio..
948 1418 952 1426 a
1063 1415 1065 1418 .

473 1485 609 1564 ·¹nm
652 1489 895 1565 nrrrurs

94 1683 95 1687 ,
219 1621 301 1683 Ante
315 1615 422 1706 pacem
439 1621 534 1706 igitur
555 1619 757 1703 impetratam,
784 1619 811 1682 si
828 1620 917 1691 etiam
935 1621 1063 1682 societas
1087 1643 1191 1682 secum
1210 1619 1305 1681 inire-

89 1739 95 1744 ·
136 1719 204 1780 tur,
222 1728 255 1766 se
273 1709 455 1789 scripturum
473 1692 684 1788 promittebat,
711 1707 830 1787 quantis
848 1706 1064 1788 rempublicam
1083 1706 1241 1771 beneficiis
1261 1706 1306 1765 af-

84 1826 87 1831 ·
135 1791 269 1852 secturus
294 1805 389 1853 essct:
421 1794 583 1873 postquam
607 1805 708 1873 autem
734 1804 898 1872 utrumque
923 1782 1087 1866 obtinuit,
1104 1793 1247 1875 ignorare
1273 1810 1307 1850 se

140 1874 229 1949 dicit,
257 1898 321 1957 qua
333 1877 419 1938 vobis
437 1898 470 1938 re
488 1878 681 1960 gratificetur.
717 1872 800 1936 Cum
811 1889 884 1936 vero
902 1898 956 1936 vos
976 1898 1009 1935 ea
1036 1878 1169 1944 facturos
1189 1875 1308 1949 dicatis,

34 1972 38 1977 ’
138 1981 215 2040 quae
240 1961 269 2021 ei
286 1965 343 2022 nee
367 1963 525 2043 pudenda,
551 1983 608 2022 nec
633 1961 836 2044 ignominiosa
862 1962 937 2021 sint:
963 1963 1000 2022 ad
1018 1962 1070 2021 has
1096 1961 1310 2041 exeusationes

91 2088 99 2106 s
114 2100 116 2105 .
131 2037 359 2127 confugiendo
371 2044 444 2130 (etsi
462 2067 532 2107 saue
558 2047 670 2127 etipse
695 2046 804 2106 dixerit
826 2045 959 2126 aliquid,
986 2059 1017 2106 et
1033 2067 1092 2107 vos
1113 2044 1309 2125 adducamini

139 2130 176 2190 ad
193 2128 421 2213 pollicendum),
431 2130 587 2211 receptum
613 2130 672 2190 sihi
688 2131 841 2211 relinquit
875 2132 958 2191 Haec
976 2131 1070 2212 igitur
1088 2145 1118 2190 et
1136 2131 1194 2190 alia
1208 2129 1309 2189 multa

137 2234 177 2275 eo
194 2227 333 2296 tempore
350 2215 450 2290 statim
467 2218 499 2285 in
516 2236 550 2274 re
567 2216 719 2296 praesenti
743 2216 867 2298 coargui
884 2228 1068 2296 potnerunt,
1095 2237 1213 2295 vosque
1233 2215 1309 2274 edo-

71 2377 74 2382 ι
139 2299 202 2359 deri
217 2312 250 2360 et
268 2300 391 2372 cavere,
416 2321 454 2368 ne
472 2321 574 2360 rerum
600 2301 800 2383 gerendarum
827 2301 1001 2371 occasiones
1027 2300 1222 2361 amitteretis:
1249 2299 1309 2359 nisi

81 2407 85 2413 ¹
138 2383 289 2465 Thespiae
307 2397 338 2445 et
354 2386 476 2445 Plateae
494 2397 525 2444 et
542 2385 694 2446 Thebanis
712 2386 778 2445 sine
797 2407 881 2445 mora
902 2382 1104 2468 infligendum
1123 2383 1311 2466 supplicium

138 2468 296 2529 veritatem
313 2469 400 2530 vobis
427 2470 595 2550 eripuisset.
630 2469 727 2550 Atqui
745 2493 796 2546 ea,
821 2471 983 2531 sitantum
1001 2471 1150 2530 audienda
1166 2471 1311 2544 fuissent,

139 2564 171 2613 et
180 2553 279 2617 ,verba
304 2554 401 2614 danda
427 2553 556 2629 civitati,
573 2566 656 2616 recte
682 2554 761 2614 dicta
787 2568 902 2616 essent:
931 2555 978 2615 sin
994 2576 1099 2615 revera
1124 2555 1260 2638 gerenda
1280 2567 1313 2616 et

83 2665 85 2669 ·
138 2638 340 2718 praestanda,
360 2638 454 2699 taceri
473 2639 657 2718 expediebat
691 2639 767 2700 Nam
786 2641 812 2699 si
829 2640 860 2699 in
879 2661 917 2699 eo
934 2661 982 2699 res
1000 2640 1059 2699 iarn
1078 2653 1180 2714 erant,
1198 2653 1310 2712 ut'nee

139 2723 352 2794 animadversis
370 2723 487 2783 insidiis
506 2723 643 2783 Thebani
662 2724 823 2805 quicquam
840 2725 1040 2805 proficerent,
1058 2748 1112 2785 cur
1129 2726 1226 2787 iactae
1244 2738 1310 2805 non

137 2807 230 2869 sunt?
242 2809 289 2868 sin
298 2821 458 2891 propterea
467 2820 539 2868 sunt
548 2808 720 2888 impeditae,
730 2811 813 2889 quod
823 2810 867 2868 illi
876 2824 1120 2890 praesenserant:
1131 2811 1200 2891 quis
1210 2831 1308 2871 enun-

70 2960 78 2974 =
138 2891 244 2952 tiavit?
270 2893 381 2953 Nonne
398 2893 480 2954 iste?
505 2893 566 2952 Sed
584 2893 635 2954 illa
658 2915 759 2974 neque
776 2894 934 2976 Philippus
957 2896 1106 2969 instituit,
1131 2908 1185 2956 aut
1201 2896 1308 2969 voluit,
1340 2942 1346 2951 .

140 2997 241 3056 neque
259 2980 389 3059 speravit
405 2978 470 3040 iste.
505 2977 639 3039 Proinde
658 2979 874 3041 enuntiationis
895 3002 964 3040 eum
982 2981 1107 3040 erimine
1125 2980 1240 3057 liber03
1259 2981 1309 3039 iu-

91 3119 93 3126 ,
141 3083 211 3139 cum
229 3062 288 3123 illis
306 3064 406 3124 verbis
424 3063 492 3124 fieri
508 3062 596 3124 vohis
622 3064 774 3144 oportuit,
801 3077 831 3124 et
848 3065 880 3124 id
900 3065 997 3140 effici,
1023 3088 1062 3127 ne
1080 3086 1191 3133 verum¹
1207 3087 1245 3126 ex
1261 3085 1309 3125 me
1316 3080 1325 3117 ⁸<

140 3147 245 3207 audire
263 3149 392 3223 velletis,
411 3161 442 3208 et
458 3155 494 3209 u't
511 3149 595 3209 domi
611 3151 788 3226 maneretis,
808 3164 838 3210 et
855 3151 915 3210 tale
933 3150 1042 3210 scitum
1060 3151 1229 3226 iuberetur,
1248 3170 1310 3230 qno
1332 3184 1346 3231 ¹.

140 3231 314 3302 Phocenses
333 3231 485 3298 interituri
504 3228 611 3294 essent
629 3235 676 3295 Eo
690 3235 884 3317 pertinebant
896 3236 966 3295 illae
983 3236 1118 3310 deliciae,
1136 3236 1211 3296 hinc
1222 3247 1311 3311 erant
1343 3299 1346 3311 1

140 3316 400 3387 illae-conscience.
417 3319 488 3401 Ego.
502 3313 575 3380 ve'ro
594 3342 662 3401 cum
680 3334 762 3381 tanta
782 3334 812 3381 et
824 3321 894 3380 talia
912 3321 998 3380 illum
1017 3321 1155 3402 polliceri
1173 3333 1238 3380 tum
1256 3342 1311 3379 an-

86 3447 90 3451 -
143 3401 240 3472 dicem
259 3415 290 3463 et
315 3404 438 3464 mentiri
467 3417 656 3486 compertum
681 3404 824 3466 haberem
841 3405 948 3489 (idque
966 3408 1066 3480 unde,
1093 3407 1191 3466 dicam
1203 3405 1313 3466 uobis:

56 3497 118 3553 226
142 3487 272 3568 primum
291 3508 327 3548 ex
346 3509 382 3549 eo
390 3486 414 3564 ,f
426 3511 493 3548 oum
512 3489 670 3571 Philippus
695 3490 903 3551 iusiurandum
926 3493 963 3552 de
987 3512 1060 3573 pace
1079 3492 1205 3551 daturus
1224 3492 1315 3564 esset,

46 3633 56 3647 ,
98 3571 101 3578 ’
132 3574 228 3653 ¹quod
243 3572 417 3635 Phocenses
431 3572 472 3633 ah
488 3574 563 3635 istis.
575 3575 712 3643 exclusos
732 3568 796 3636 esse
815 3576 940 3637 soedere
959 3577 1138 3658 apparebat:
1164 3577 1250 3656 quod
1268 3587 1314 3635 ta-

143 3657 205 3718 ceri
224 3659 373 3718 et'omitti
391 3659 607 3733 conveniebat,
626 3660 653 3718 si
670 3660 806 3721 futurum
825 3675 902 3735 erat,
920 3675 956 3722 ut
972 3675 1242 3723 conservarentur:
1262 3660 1317 3720 de-

142 3742 225 3817 inde,
244 3745 328 3823 quod
342 3764 442 3826 neque
455 3743 588 3825 Philippi
606 3744 697 3827 legati
712 3746 744 3805 id
763 3747 1030 3828 dicebant,'neque
1049 3747 1154 3808 literae
1170 3744 1316 3827 Philippi,

20 3831 33 3881 1'
68 3882 72 3891 s
143 3826 197 3907 sed
214 3827 302 3910 iste):
320 3827 392 3889 hine
410 3829 504 3912 igitur
521 3829 725 3890 coniecturam
742 3831 884 3912 capiens,
908 3833 1023 3891 surrexi
1041 3845 1072 3893 et
1088 3832 1208 3914 prodii,
1228 3833 1324 3891 datm,

62 3912 82 3958 ',
117 3925 119 3930 ’
143 3934 195 3974 rus
210 3933 344 3994 operam,
360 3927 397 3975 ut
408 3915 582 3996 refragarer.
600 3917 642 3974 Ut
655 3928 756 3984 autem
771 3937 824 3977 vos
839 3916 943 3977 audire
957 3923 1005 3977 nie
1018 3918 1181 3991 nolebatis,
1201 3915 1336 3996 quiesi,¹

24 4015 26 4029 ’
144 4010 263 4058 tantum
289 3996 441 4059 duntaxat
456 3998 583 4060 testatus
602 3997 709 4083 (idque
738 4001 864 4062 obsecro
882 4023 936 4062 vos
954 4023 1010 4083 per
1027 4004 1118 4076 deos,
1145 4014 1182 4062 ut
1198 4001 1233 4060 in
1252 4022 1319 4060 me-

145 4082 272 4143 moriam
290 4083 464 4166 revocetis),
481 4102 531 4143 ane
550 4106 584 4145 ea
601 4104 702 4165 neque
720 4087 807 4159 scire,
825 4106 925 4166 neque
943 4088 1132 4169 participare,
1152 4100 1186 4147 et
1198 4085 1319 4158 addidi,

50 4243 51 4247 Ἰ
145 4161 251 4247 ηεφιέ
258 4166 349 4228 etiarn
361 4181 540 4250 exspectare.
551 4172 595 4229 Ut
603 4181 705 4253 autem
716 4193 770 4231 vos
782 4170 858 4230 illud
869 4171 996 4232 verbum
1007 4193 1085 4231 «nec
1098 4170 1320 4260 exspectandi»

81 4306 86 4313 ,
139 4271 234 4334 >aegre
252 4252 406 4315 serebatis:
427 4255 528 4327 facite,
546 4254 679 4334 inquam,
696 4253 910 4331 Athenienses,
928 4257 954 4317 si
969 4257 1042 4336 quid
1056 4257 1187 4317 istorum
1201 4258 1320 4318 sactum

44 4418 47 4427 y
146 4337 248 4412 luerit,
264 4351 300 4399 ut
317 4337 392 4400 istos
410 4338 539 4400 laudetis
557 4351 589 4398 et
607 4340 774 4401 ornetis'et
790 4341 911 4402 coronis
930 4342 1135 4426 donetis„'me
1150 4341 1226 4404 vero
1246 4363 1321 4402 non.
