2722 4754
121 187 231 246 -aaa
393 139 1046 279 ⁸-nn·.tuo”s?rttnutsscrinario
1121 187 1124 190 ⁴
1182 142 1212 187 ⁶

55 349 57 353 ’
106 401 107 404 ,
168 358 235 400 esse
261 338 414 419 Boeotum
440 322 636 401 incoenaet
661 333 828 418 congressu
855 334 1070 395 communiob
1095 330 1187 394 unam
1212 336 1343 416 plagam

167 426 232 484 Nec
250 423 331 483 enim
349 422 437 503 plaga
451 419 594 481 excitarat
606 419 874 493 iracundiam,‘sed
890 409 1075 502 ignominia:
1093 440 1194 499 neque
1214 420 1355 482 verbera·

168 507 309 593 ingenuis
329 520 401 567 sunt
418 504 544 579 acerba,
553 528 735 586 quamquam
747 505 854 565 acerba
868 519 950 579 sunt,
967 506 1021 565 sed
1033 506 1239 575 contumeliae
1253 498 1343 579 cansa

141 646 152 659 .,
165 593 320 655 verberari
338 604 385 652 est
403 590 553 652 acerbum.
594 591 693 652 Multa
713 590 794 650 enim
811 589 857 663 is,
875 589 929 670 qui
946 590 1106 663 verberat,
1122 590 1343 671 Athenienses,

107 710 110 723 ι
166 678 291 751 leceritt·
303 694 433 758 quorum
452 677 599 757 quaedam
617 676 653 750 is,
672 674 725 754 qni
743 675 921 748 laesnsest,
941 675 1081 736 aliisnec
1098 678 1214 738 referre
1233 677 1355 759 possit,

167 776 267 854 gestu,
285 763 407 837 obtutu,
423 782 509 835 voce,
523 770 592 821 cnm
606 759 818 834 utinsultans,
836 783 905 820 cum
919 773 954 820 ut
965 761 1118 835 iuimicus,
1132 785 1205 823 cum
1223 784 1343 846 pugno,

139 851 147 870 Χ
168 871 236 911 cum
255 849 287 907 in
305 848 389 908 mala.
417 849 500 907 Haec
519 858 722 929 commovent,
739 844 814 906 hacc
832 846 869 905 ad
887 845 1034 906 insaniam
1052 847 1181 930 adigunt
1198 848 1357 918 hominess

113 964 115 969 ¹
140 972 141 975 =
167 934 302 996 serendis
315 930 507 993 contumeliis
522 950 586 990 non
604 941 751 990 assuetos.
767 928 875 1010 Neque
889 943 944 1003 est,
962 931 1179 1013 Athenienses,
1198 934 1253 1014 qui
1267 923 1342 1003 haee

167 1021 303 1081 reserens
321 1008 517 1078 acerbitatem
534 1015 580 1077 rei
598 1028 701 1098 gestae
719 1015 908 1083 auditoribus
926 1017 970 1076 sic
983 1031 1211 1097 repraesentare
1230 1020 1340 1100 possit,

167 1107 247 1168 sicut
264 1124 382 1164 revera
399 1103 529 1184 ipsoque
546 1102 626 1163 facto
645 1100 798 1182 vapulanti
818 1114 850 1160 et
865 1102 1085 1182 spectatoribus
1105 1104 1231 1170 evidens
1250 1127 1342 1186 appa->

160 1205 215 1254 ¹ret
233 1186 423 1254 contumelia.
459 1183 658 1266 Considerate
676 1185 788 1273 igitur,
814 1196 870 1266 per
887 1190 990 1246 lovem
1008 1202 1039 1247 et
1057 1189 1148 1262 deos,
1166 1188 1340 1251 Athenien-

109 1342 111 1346 .
167 1299 232 1350 ses,
257 1289 287 1347 et
305 1273 436 1357 cogitate
455 1272 629 1344 vobiscum,
654 1284 769 1352 quanto
787 1271 900 1331 maiore
919 1272 1072 1334 iracundia
1092 1296 1140 1335 mc
1156 1273 1358 1355 inflammari

97 1371 100 1374 ’
143 1374 151 1393 ⁸
167 1358 356 1435 convenerit,
374 1380 443 1418 cum
461 1379 477 1416 a
495 1357 588 1419 Midia
606 1358 649 1418 sic
667 1369 827 1431 tractaret,
846 1379 936 1436 quam
954 1370 1028 1417 tunc
1045 1353 1223 1425 Euieonem
1242 1361 1340 1434 illum,

168 1448 221 1531 qui
238 1448 390 1506 Boeotum
408 1443 580 1504 interfecit?
603 1443 722 1505 Nam->is
742 1465 758 1502 a
775 1441 926 1515 familiar-i,
944 1446 1043 1523 eoqu'e
1061 1443 1273 1529 ebriocoram'
1289 1466 1342 1506 ser

140 1528 144 1535 ’
166 1546 221 1613 aut
236 1543 353 1613 septem
379 1527 573 1603 hominibus,
598 1528 701 1609 iisque
723 1525 920 1608 familiaribus
938 1529 1110 1609 vapulavit,
1135 1531 1190 1611 qni
1208 1533 1340 1592 altorum

60 1665 72 1675 .
168 1619 272 1690 ob'ea,
291 1627 368 1697 q'uae
386 1615 517 1688 fecerat,
535 1613 758 1695 vituperatori,
771 1614 921 1687 alterum,
936 1613 962 1673 si
979 1611 1078 1694 aequo
1096 1615 1220 1678 tulisset
1235 1617 1339 1679 animo

166 1703 309 1764 iniuriam
327 1701 452 1780 iraeque
470 1700 667 1781 imperasset,
685 1698 796 1759 deinde
814 1699 965 1759 laudaturi
984 1711 1086 1773 erant,
1104 1702 1289 1781 praesertim⁴
1300 1703 1339 1763 ad

167 1809 292 1850 coenam
311 1786 344 1851 in
360 1786 449 1846 aedes
468 1785 650 1868 ingressum,
668 1804 729 1865 quo
743 1805 800 1844 nec
818 1785 961 1853 accedere
974 1784 1033 1866 ipsi
1046 1785 1173 1846 licebat:
1192 1798 1337 1871 ego‘vero

67 1882 72 1899 ¹
155 1876 204 1936 *ab
216 1872 355 1944 inimico,
372 1870 488 1944 sobrio,
506 1869 825 1944 mane,.contnmeliae
835 1892 942 1944 causa,
960 1891 1024 1930 non
1036 1892 1092 1952 per
1105 1871 1338 1946 ebrietatem-in

166 1971 335 2041 conspectu
348 1950 526 2016 ‘multorum
545 1965 577 2016 et
598 1955 753 2036 hospitum
773 1967 811 2034 ,et
828 1956 939 2021 civium
957 1979 1024 2016 sum
1047 1957 1340 2019 contumeliia‘all'e-

166 2057 244 2118 ctu's,
261 2057 352 2124 atque
371 2040 496 2122 insuper
513 2040 545 2100 in
560 2032 768 2121 timplo,‘.quo
781 2041 857 2101 mibi
869 2063 979 2111 munus
993 2041 1154 2102 aedilitatis
1171 2030 1360 2122 spatineuti‘

92 2188 100 2192 ..
166 2151 275 2213 magna
292 2126 386 2188 eundi
403 2126 565 2187 necessitas
583 2124 786 2203 incumbebat
828 2125 875 2186 Ac
892 2149 941 2198 nte
960 2126 1101 2207 quidem,
1118 2127 1340 2204 Athenienses,

36 2274 40 2282 ,
62 2209 93 2289 Ῐῇ
124 2279 141 2297 l
165 2216 333 2300 prudenter
349 2224 403 2272 aut
418 2212 554 2272 feliciter*
565 2209 668 2292 potins
687 2204 827 2272 existimo
844 2211 969 2285 secisse,
986 2209 1052 2276 tuin
1070 2212 1124 2292 qui
1141 2230 1185 2274 eo·
1196 2226 1341 2295 ternpore

165 2300 315 2362 iniuriam.
333 2297 565 2370 dissimularim,
588 2309 654 2357 tum
673 2296 730 2377 qni
744 2317 809 2377 per·
822 2296 1011 2359 iraeaandiam
1035 2318 1100 2358 non
1118 2297 1180 2365 sina
1192 2292 1340 2363 ad‘atrox

33 2408 54 2440 c
166 2385 290 2466 aliquod
307 2382 423 2443 lacinus
442 2383 600 2463 impulsus.
639 2381 707 2463 Sed
721 2382 861 2445 Euaeoni
884 2397 985 2444 tamen
1003 2395 1037 2443 et
1049 2384 1207 2461 omnibus,
1224 2384 1253 2451 si
1270 2385 1341 2465 quis

163 2471 219 2544 illi,
238 2471 309 2530 dum
324 2468 543 2528 contumeliam·
556 2480 723 2549 pateretur,
738 2463 831 2548 opem
841 2468 922 2542 tulit,
941 2469 1066 2529 omirino
1083 2469 1222 2551 ignosco.
1238 2471 1341 2541 ldena-

165 2552 235 2639 que,
248 2575 318 2615 meo
334 2553 598 2634 quidemitidicio,
610 2554 702 2620 etiam
716 2553 850 2628 hadicum
861 2554 1000 2634 plerique
1012 2566 1077 2614 tum
1094 2555 1252 2616 fecerunt}
1270 2577 1341 2616 nam

165 2661 229 2703 nno
247 2652 366 2701 tantum
384 2638 531 2721 suffragio
551 2640 809 2700 damnatum-esse
827 2640 937 2712 audio,
962 2638 1055 2719 idque
1066 2661 1263 2720 ‚cumvneque
1280 2639 1338 2701 fle-

33 2758 39 2781 t
116 2797 119 2802 ¹
165 2728 276 2800 visset,
294 2745 395 2804 neque
412 2723 660 2801 nllum'iudicem
670 2725 857 2804 deprecatus
876 2737 972 2798 esset,
994 2745 1095 2804 neque
1113 2725 1212 2786 ullum
1230 2725 1340 2791 buma-

165 2811 267 2874 nitatis
286 2811 366 2892 ap'nd
384 2809 502 2871 indices
519 2810 568 2870 vel
585 2822 710 2891 partum
728 2809 776 2870 vel
794 2820 939 2892 magnum
956 2809 1080 2893 ⁴sig'nu'm
1099 2810 1242 2871 dedisset
1277 2811 1338 2871 Po-

70 2944 75 2952 .
164 2915 271 2959 namus
288 2894 384 2978 igitur
400 2894 461 2955 sic:
488 2893 568 2969 Eos,
587 2895 728 2975 quicum
747 2894 981 2969 damnaverunt,
1006 2916 1071 2955 non
1088 2897 1247 2957 damnasse
1264 2916 1337 2978 pro·

78 2996 88 3005 “
164 2997 288 3065 pterea,
308 2981 442 3059 quodse
459 2980 544 3041 nltns
563 2980 693 3054 sit,sed
712 2981 795 3059 qnod
814 3001 851 3042 eo
870 2981 982 3054 morlo,
1006 2994 1042 3041 nt
1060 2981 1150 3042 etiam
1166 2981 1338 3064 occideret:

166 3069 220 3150 qui
237 3066 450 3138 absolverunt,
462 3064 649 3126 etiam-banc
666 3064 859 3126 immodicam
876 3065 1027 3127 ultionem
1045 3066 1100 3139 illl,
1119 3067 1204 3128 cuins
1224 3066 1335 3148 corpas

33 3217 39 3222 ,
60 3159 142 3231 1³43
165 3167 247 3215 esset
263 3151 421 3225 violatum,
438 3150 564 3234 largitos
584 3171 661 3210 esse,
675 3150 777 3226 *Quid
795 3151 912 3234 igitur?
928 3151 1022 3225 mibi,
1041 3152 1094 3232 qni
1112 3153 1153 3212 ita
1172 3152 1339 3235 diligenter

164 3238 295 3312 cavi,⁷ne
314 3236 388 3316 quid
406 3236 526 3318 gratim
543 3237 795 3309 committeretur,
811 3250 847 3300 ut
861 3258 919 3298 nec
936 3238 996 3298 vim
1007 3238 1037 3297 vi
1051 3237 1227 3318 repulerim,
1245 3258 1336 3317 aquo

70 3318 129 3407 '1‘
164 3324 287 3387 tandem
305 3321 432 3382 ultionis
457 3321 636 3389 iniuriarum
653 3321 828 3405 exigendae·
844 3318 931 3404 copia
950 3323 1017 3383 fieri
1036 3323 1148 3384 debet?
1182 3322 1335 3402 Equidem

165 3405 287 3472 euobis
306 3407 438 3469 arbitror
454 3420 486 3470 et
503 3406 637 3490 legibus:
656 3413 687 3467 et
704 3397 874 3489 exemplum
892 3409 984 3469 statui
1004 3409 1157 3481 omnibus,
1174 3396 1344 3468 contum?

163 3490 258 3556 liosos
277 3513 382 3553 omues
402 3507 434 3553 et
450 3492 622 3575 petulantes
640 3492 794 3553 neminem
819 3493 917 3574 ipsum
935 3494 1043 3554 ulcisci
1059 3514 1115 3575 per
1137 3492 1339 3571 iracundiam,

102 3571 109 3583 Χ
163 3583 218 3642 sed
236 3580 345 3639 advos
369 3578 520 3649 adducere
547 3577 679 3650 debere,
704 3578 811 3658 utqui
835 3580 1021 3641 confirmetis
1041 3591 1072 3638 et
1098 3577 1260 3640 reservetis
1280 3575 1338 3650 bis,

133 3696 137 3705 «
165 3667 218 3748 qni
235 3664 309 3725 laesi
326 3661 408 3737 sunt,
425 3664 528 3745 legum
546 3663 693 3744 praesidia
713 3677 818 3725 contra
835 3664 972 3726 iniurios
992 3662 1092 3724 Credo
1110 3677 1224 3736 antean,
1241 3668 1338 3743 quo‘s-

164 3754 232 3814 dam
250 3762 383 3812 vestrum
401 3750 505 3835 audire
522 3746 616 3822 velle,
635 3749 769 3823 ludices,
783 3744 866 3831 ‘quae‘
885 3772 990 3811 causae
1008 3749 1237 3811 inimicitiarum
1255 3747 1340 3831 luter

162 3859 234 3913 nos,
245 3835 488 3897 intercesserint:
515 3856 591 3909 cum,
603 3835 796 3910 existimetis,
821 3837 994 3897 mortalium
1019 3835 1173 3896 neminem
1190 3835 1233 3894 ita
1251 3833 1339 3894 inso-

164 3924 264 3985 lenter
282 3920 481 3982 etviolenter
489 3920 526 3981 in
537 3920 635 3996 ullum
646 3921 745 3982 civem
763 3921 1028 3994 debacchaturum,
1045 3920 1105 3982 nisi
1118 3933 1225 3982 contra
1243 3937 1339 3998 quem

138 4081 141 4086 y
163 4007 353 4092 gravissimas
370 4006 482 4068 irarum
501 4029 607 4068 causas
622 4006 754 4083 baberet.
777 4008 859 4080 Volo
877 4007 1020 4090 igitnret
1038 4007 1076 4066 de
1094 4006 1154 4066 hoc
1171 4003 1338 4067 ¹simultatis

61 4096 64 4101 ’
128 4140 137 4151 ,
163 4085 254 4154 initio
271 4092 385 4153 referre
404 4093 435 4153 tt
452 4105 706 4166 commemorare,
723 4105 760 4152 nt
774 4092 962 4175 intelligatis,
974 4109 1050 4152 ‘eum
1067 4091 1135 4152 iore
1152 4089 1355 4172 propter-ib?

110 4207 121 4226 ·-
138 4207 145 4217 κ
165 4179 220 4240 lud
238 4178 328 4238 ctiam
353 4199 467 4260 poenas
492 4176 587 4239 luisse
614 4179 763 4239 daturum
805 4176 973 4239 Absolvam
1000 4189 1111 4237 autem¹
1127 4175 1337 4257 narrationem

80 4294 83 4313 ι
165 4248 244 4325 banc
261 4263 539 4336 breviter„etiamsi
555 4262 645 4331 altius
661 4275 801 4344 repetere
818 4261 954 4324 videbor.
979 4260 1058 4325 Cum
1074 4263 1243 4324 admodum
1261 4257 1360 4320 ado-⁵

165 4348 351 4411 lescentnlus
367 4361 487 4411 tutores
512 4366 597 4408 meos
615 4348 693 4409 male
718 4347 918 4410 administrati
936 4349 996 4408 mei
1018 4347 1196 4436 patrimonii
1213 4346 1354 4415 accuso}
