2722 4754
83 209 88 219 1
142 200 231 295 et„
427 169 1019 291 nnnosunnmsonn'rio

142 336 401 431 corrumpendos,
421 345 475 426 ¹qui
499 334 658 427 pecuniam
674 341 820 428 ,accipere
845 349 960 409 volunt.
985 349 1130 421 alterum,
1156 359 1188 408 et
1212 346 1310 414 nihilo

112 505 114 507 .
141 440 241 500 minus
261 436 335 513 hoc,
351 432 447 511 'quod
466 429 524 491 illis
544 432 666 512 copiae,
693 433 803 511 qui-bns
822 455 928 493 eorum
946 433 1106 494 adversarii
1125 446 1324 508 evertantur,.‘

144 524 328 605 quoeunque
353 531 490 597 tempore
514 516 859 597 postularint,⁴praesto
884 529 962 578 sunt
1005 519 1069 578 Nos
1087 540 1160 578 vero
1180 539 1245 578 non
1266 517 1309 578 his
1340 526 1345 569 ’-

142 607 234 669 modo
260 603 352 663 rebus
365 623 479 687 'sumus
499 602 679 674 ¹inferiores,
705 601 926 674 Athenienses,
945 605 1006 677 ¹sed
1030 626 1086 663 nec
1111 602 1310 687 expergefieri

51 717 58 725 ·
142 685 542 775 possumus,-hominibus,
570 687 623 766 qui
641 688 940 769 mandragoram-aut
957 687 1055 749 simile
1073 689 1198 770 aliquod
1216 701 1313 749 venei·

15 814 17 827 ·
66 821 71 825 -
142 797 217 838 num
235 773 395 844 biberunt„
413 771 534 855 similes.
564 771 683 831 Deinde
702 771 786 853 (vera
804 772 956 855 enim,¹ut
975 795 1030 856 ego
1050 774 1168 848 iudico,
1187 774 1310 837 fatenda
1347 766 1357 781 ¹

51 921 55 927 ,
144 855 423 940 sunt)'·eoutique
447 868 535 936 pacto
555 855 590 934 in
609 877 673 915 eam
700 856 879 917 calumniam
899 870 930 916 et
947 872 1134 918 contemtum
1160 858 1309 932 venimus,=
1354 884 1357 889 ·

85 994 88 999 .
131 944 179 1008 ¹nt
196 945 249 1024 qui
267 944 298 1003 in
317 941 388 1023 ipsis
407 941 549 1022 periculis
567 953 742 1014 versantur,
760 943 868 1023 partim
887 943 1112 1023 deprincipatu
1125 938 1217 1003 'vobis
1236 939 1309 1027 con-

143 1029 309 1099 tradicant,
327 1025 435 1108 partim
455 1027 492 1085 de
511 1025 632 1104 concilii
649 1026 735 1084 loco:
756 1027 877 1105 quidam
897 1027 986 1086 etiam
1005 1028 1062 1101 soli
1080 1024 1201 1109 potius,
1221 1050 1309 1109 quam

144 1115 231 1177 vohis
252 1111 446 1173 'adiutoribus
477 1131 509 1169 se
535 1110 698 1170 defendere
734 1112 930 1171 decreverint.
973 1111 1043 1187 Qua
1068 1115 1190 1173 tandem
1217 1112 1327 1196 gratia·

144 1203 219 1263 haec
238 1198 322 1271 dico,
342 1195 374 1255 et
389 1195 557 1254 recenseo?
583 1193 698 1276 (neque
717 1195 813 1269 enim,
833 1197 873 1255 ita
888 1200 1038 1257 meamet
1054 1198 1171 1279 iupiter
1189 1196 1311 1271 omnes·-
1331 1234 1337 1240 ν

147 1308 206 1368 qne
226 1284 285 1355 dii,
304 1283 408 1356 odium
419 1277 556 1361 ¹quaero)
576 1301 631 1353 eo,
648 1293 684 1339 ut
700 1282 910 1361 unusquisque
927 1296 1078 1355 -vestrum,
1095 1280 1313 1356 Athenienses,

135 1374 206 1433 hoc
224 1378 387 1450 cognoscat
406 1379 438 1425 et
456 1366 582 1445 videat,
605 1352 991 1449 quotidianam'segnitiem
1010 1381 1042 1426 et
1057 1357 1247 1442 socordiam,
1277 1380 1313 1428 nt
1340 1364 1345 1375 ’

146 1458 179 1516 in
198 1454 311 1536 privata
330 1451 577 1523 vita,sicetia1n
596 1450 628 1508 in
646 1451 788 1523 urbibus,
813 1473 876 1511 non
894 1453 925 1510 in
944 1440 980 1512 iis
999 1453 1143 1534 singulis,
1161 1475 1239 1532 qnae
1259 1474 1312 1519 ne,-

42 1592 44 1597 .
68 1613 74 1618 ..
131 1541 321 1627 ‘gliguntnr,
337 1535 456 1605 -statim
483 1536 694 1609 animadverti,
728 1537 781 1596 sed
814 1537 846 1597 in
872 1559 987 1596 summa
1017 1560 1119 1597 rernm
1146 1558 1313 1597 occurrere.

146 1623 267 1684 Videtis
285 1621 420 1681 Seri-inm
436 1633 466 1679 et
479 1620 657 1680 Doriscum:
674 1620 747 1680 haec
761 1622 841 1680 enim
857 1623 987 1702 primum
1004 1623 1142 1707 neglecta
1158 1636 1231 1682 sunt
1245 1634 1316 1704 post

91 1715 130 1768 86
149 1730 252 1791 pacem
268 1701 392 1779 factam,
420 1726 497 1784 quae
514 1705 618 1765 multis
635 1719 768 1766 vestrum
786 1728 843 1766 nec
861 1718 933 1765 nota
950 1720 1022 1766 sunt
1039 1707 1183 1767 sortasse:
1200 1728 1251 1767 ea
1269 1720 1314 1768 ta-

145 1815 237 1864 men,
270 1805 335 1850 tum
353 1790 492 1872 neglecta
505 1802 541 1855 ,et
559 1791 715 1870 despecta,
738 1786 908 1871 -perdidere
927 1790 1083 1851 Thraciam
1103 1805 1134 1851 et
1147 1784 1314 1852 ¹Cersoble-

57 1940 60 1944 ,
148 1893 240 1962 ptam,
258 1875 374 1935 socium
392 1885 534 1934 vestrum.
560 1876 676 1934 Rursus
696 1895 730 1942 ea
747 1874 864 1956 negligi
880 1894 948 1940 cum
967 1876 1084 1945 videret
1102 1891 1133 1936 et
1150 1876 1242 1936 nullis
1261 1876 1315 1955 dc:
1344 1917 1356 1923 —

148 1962 233 2025 sendi
251 1960 358 2020 vestris
377 1959 512 2039 auxiliis:
537 1959 657 2019 subruit
674 1959 868 2031 Porthmum,
881 2014 883 2019 s
895 1973 926 2020 et
943 1963 1134 2044 tyrannidem
1153 1984 1169 2022 e
1187 1963 1316 2044 regione

149 2048 287 2119 Atticae,
311 2059 453 2124 tanquam
472 2045 599 2116 vallum,
623 2044 707 2103 vohis
728 2044 841 2104 obiecit
858 2047 890 2104 in
907 2047 1041 2106 Euboea.
1059 2065 1062 2070 ·
1084 2049 1148 2106 Hac
1166 2046 1321 2128 neglecta,

132 2134 135 2141 '
150 2131 272 2214 Megara
286 2130 511 2211 propemodum
523 2143 607 2210 capta
623 2142 700 2188 sunt
718 2129 795 2187 nihil
811 2130 948 2203 curastis,
963 2152 1063 2211 neque
1081 2131 1228 2191 commoti
1245 2131 1317 2191 estis
1340 2139 1357 2151 “

113 2256 117 2261 -
145 2219 257 2278 -harum
274 2237 377 2279 rerum
394 2214 479 2295 ullis
491 2235 592 2294 neque
610 2214 792 2288 ostendistis-
804 2214 878 2287 hoc,
897 2223 950 2274 vos
969 2216 998 2274 ei
1016 2215 1090 2276 haec
1108 2216 1318 2297 nonpermis‘-

151 2324 246 2364 suros.
265 2350 266 2354 ,
290 2299 443 2359 Antronas
468 2298 678 2380 largitionibus
704 2300 932 2372 cum‘emisset,
958 2322 1021 2360 non
1040 2302 1137 2361 multo
1155 2315 1227 2382 post
1246 2301 1320 2361 Orci

152 2387 267 2470 potitus
293 2389 351 2444 est?
371 2383 465 2443 multa
487 2396 661 2463 praetereo,
688 2384 815 2467 Pheras,
840 2384 918 2443 viam
942 2387 979 2445 a'd
997 2385 1206 2459 Ambraciam,
1222 2387 1318 2463 ,saeue

151 2473 239 2532 Elide
258 2467 375 2540 caedes,
393 2465 448 2527 alia
466 2467 591 2526 infinita.
616 2468 686 2526 Non
705 2469 785 2529 enim
799 2482 839 2528 ut
856 2484 1065 2530 enumerarem
1077 2472 1109 2532 ·vi
1127 2471 1269 2531 subactos
1288 2483 1320 2529 et
1337 2541 1339 2545 4

113 2609 118 2613 .
151 2554 270 2617 iniuriis
288 2553 413 2612 allectos
432 2574 452 2641 a
466 2551 624 2632 Philippo,
643 2553 716 2612 haec
733 2555 892 2614 recensui?
906 2557 960 2615 sed
977 2565 1013 2615 ut
1030 2556 1088 2615 hoc
1104 2556 1193 2616 robis
1212 2568 1319 2626 osten,-

152 2641 272 2712 derem,
290 2658 353 2697 non
373 2637 540 2696 desiturum
558 2659 663 2697 omnes
681 2639 824 2698 mortales
841 2660 963 2714 vexare,-
983 2641 1084 2700 omnia
1101 2662 1171 2701 suae
1189 2640 1318 2700 ditionis

29 2740 53 2799 J
151 2729 250 2786 facere
268 2721 460 2801 Philippum,
478 2721 536 2782 nisi
554 2721 621 2802 quis
640 2744 709 2782 enm
726 2722 934 2803 prohibuerit·
969 2725 1048 2786 Sunt
1064 2739 1167 2785 autem
1183 2725 1319 2805 qnidam,

152 2811 222 2891 qui,
240 2808 413 2888 prinsquam
431 2825 495 2881 rem
513 2807 646 2886 perfecte
664 2808 958 2882 audierint,‘statim
976 2812 1163 2893 interrogare
1182 2810 1319 2871 soleant:

22 2968 26 2973 ἢ
152 2894 237 2970 Quid
255 2893 349 2974 igitur
366 2903 412 2949 est
427 2890 599 2971 agendum?
617 2913 691 2965 non,
707 2906 743 2952 ut
761 2914 797 2953 eo
816 2894 1048 2955 andito-faciant
1064 2895 1220 2978 (omnium
1234 2894 1318 2955 enim

105 2984 112 3049 f
139 2976 307 3046 ,utilissimi
325 2971 457 3054 essent),
483 2976 536 3036 sed
554 2989 590 3035 ut
607 2978 752 3036 audiendi
770 2979 908 3039 molestia
926 2975 1102 3042 liberentur.
1131 2981 1318 3043 *Dicendum

31 3060 37 3066 ’
136 3077 254 3125 ,tamen
273 3074 340 3132 est,
363 3060 436 3139 qnid
461 3060 501 3119 sit
524 3062 681 3143 agendum.
725 3064 878 3136 Primum,
905 3065 1128 3140 Athenienses,
1154 3065 1214 3125 hoe
1232 3078 1317 3125 oerto

72 3222 75 3231 Ι
138 3148 232 3228 'apud
251 3145 476 3205 vos‘statuetis:
505 3144 679 3227 Philippum
698 3146 810 3209 bellum
828 3170 933 3230 gerere
953 3173 1026 3212 cum,
1042 3165 1144 3211 nostra
1162 3145 1318 3231 republica

141 3244 187 3293 ,et
211 3230 336 3290 solvisse
362 3250 482 3309 pacem,
509 3243 540 3288 et
564 3231 745 3291 malevolum
771 3247 862 3312 atque
881 3233 1083 3294 hostem·esse
1108 3237 1165 3294 toti
1191 3235 1262 3294 urbi
1288 3245 1320 3292 et

153 3316 237 3389 urbis
263 3315 346 3373 solo:
378 3314 496 3393 addam
512 3315 600 3373 etiam
628 3316 684 3374 diis
710 3317 850 3391 urbanis,
878 3320 930 3398 qui
957 3342 1025 3379 cum
1054 3319 1223 3381 eradicent}
1247 3341 1321 3391 cum,

120 3396 135 3462 s
154 3399 237 3461 nulla
260 3420 292 3457 re
318 3411 419 3456 tamen
443 3420 539 3477 aeque
563 3399 676 3474 bellum
694 3422 816 3482 gerere,
843 3416 879 3462 ut
900 3416 970 3462 'cum
995 3407 1091 3464 forma
1117 3403 1319 3484 reipublicae:
1355 3411 1357 3415 '

154 3490 254 3564 neque
272 3480 327 3563 per
343 3482 466 3541 insidias
486 3484 646 3563 quicquam
671 3485 752 3544 aliud
775 3488 917 3561 omnium.
928 3489 1029 3547 moliri
1046 3512 1085 3560 ac
1096 3489 1317 3555 meditari'ma-
1343 3493 1357 3544 s

35 3572 39 3579 '
94 3562 97 3569 ¹
155 3571 217 3652 gis,
244 3590 333 3648 qnam
358 3580 394 3626 ut
417 3588 482 3626 eam
507 3569 767 3648 destruatsidqne
786 3558 960 3636 ‘necessario
977 3575 1210 3652 quodammodo
1237 3592 1319 3636 nunc

61 3689 63 3692 ·
154 3650 278 3733 quidem
294 3652 361 3733 agit
380 3653 473 3726 Quod
486 3653 528 3711 sic
542 3653 725 3735 intelligetis.
744 3657 892 3736 Imperare
907 3657 985 3716 nult:
999 3659 1063 3717 eius
1077 3659 1122 3718 rei
1133 3658 1274 3725 ,aemulos
1289 3668 1318 3716 ct

153 3731 341 3798 aduersarios
353 3737 435 3795 solos
453 3757 517 3796 esse
532 3757 587 3795 vos
602 3739 757 3798 existimat.
775 3741 905 3801 lniurins
921 3755 967 3802 est
979 3743 1074 3826 longo
1090 3744 1148 3802 iam
1164 3756 1319 3824 tempore:

153 3823 246 3903 idque
270 3820 417 3901 ipsesihi
438 3834 484 3880 est
502 3822 616 3900 optime
635 3825 781 3884 conscius.
825 3827 911 3900 Quae
939 3828 1019 3886 enim
1043 3841 1142 3888 vestra
1167 3815 1258 3899 sunt,
1282 3827 1318 3885 iis

103 3904 252 3966 ſsutitur
269 3908 306 3965 ad
324 3906 425 3965 omnia
443 3919 558 3964 caetera
578 3906 766 3968 defendenda
785 3894 900 3970 eltuto
919 3913 1057 3972 tenenda.
1091 3912 1123 3970 Si
1143 3912 1225 3971 enim
1243 3910 1319 3970 Arna

153 3991 302 4071 phipolim
321 4003 352 4048 et
369 3989 542 4048 Potidaeam
560 3984 727 4067 amitteret3
754 4014 792 4052 ne
811 3995 842 4053 in
861 3997 1038 4070 Macedonia
1057 3997 1180 4077 quidem
1198 4001 1319 4056 tutos'e

66 4152 69 4157 r
119 4077 121 4082 ’
146 4093 276 4160 μιαιιοτε
294 4094 384 4154 posse
402 4074 591 4153 existimaret
626 4077 795 4157 Utrumque
821 4080 916 4160 igitur
938 4080 1012 4153 scit,
1042 4094 1122 4142 etse
1140 4079 1320 4152 vobis-insi·
1353 4147 1357 4156 1

109 4157 113 4162 ’
154 4160 290 4240 (liniet
308 4180 365 4242 ,vos
389 4154 421 4218 id
445 4156 690 4220 animadvertere.
732 4162 813 4236 Quia
830 4184 902 4222 vero
919 4185 973 4224 vos
994 4165 1135 4226 cordatos
1153 4187 1220 4226 esse
1239 4165 1320 4226 viros
1350 4228 1353 4235 ⁴

153 4257 257 4325 putat,
277 4242 405 4303 iure-se
422 4241 509 4302 v‘ohis
523 4241 656 4302 invisum
675 4265 740 4304 esse
759 4260 869 4306 censet
912 4243 1128 4310 Praeter‘haec
1145 4258 1206 4311 tam
1225 4249 1321 4319 multa

154 4324 343 4410 compertum
358 4327 462 4399 habet,
477 4326 535 4388 etei
551 4339 740 4392 caeterorum
753 4331 889 4404 omnium
907 4334 1051 4416 potiatur,
1071 4349 1114 4409 κ’,
1132 4338 1205 4396 dum
1221 4357 1322 4418 popu·
