2722 4754
153 218 194 280 40
308 303 313 318 Ι
411 211 806 306 numos'rttlsttls
822 154 1024 319 ORATIO

112 302 116 314 ι
183 286 191 313 l

88 422 94 429 .
114 408 117 412 -
152 366 337 472 Philip'pnm.
346 368 427 428 enim
439 317 611 428 iacturum
611 381 676 449 esse
694 368 806 442 omnia,
823 389 910 468 quae
917 388 974 430 uos
988 330 1209 427 decreiissetis.
1224 331 1320 440 Quod

61 471 65 481 ¹
154 457 185 519 si
199 469 335 534 oratores
352 451 528 513 calumniari
544 466 717 536 pergerent,
735 465 766 512 et
782 453 841 533 ipsi
853 466 959 513 tamen
975 452 1053 511 nihil
1068 452 1246 524 scriberent,
1264 469 1322 531 per

79 563 86 569 ·
155 528 239 620 qnod
263 553 298 602 et
321 559 398 623 pax
407 539 595 614 firmaretur,
631 546 662 598 et
684 538 828 621 perfidiae
855 534 960 616 opinio
987 557 1003 595 a
1027 535 1168 616 Philippo
1195 550 1319 596 amove-

61 688 73 704 ,
153 638 260 686 retur:
271 621 382 683 talibus
390 606 574 682 hominihus
592 643 655 682 nou
675 642 740 683 esse
757 612 993 682 auscultandum.
1018 621 1101 681 Haec
1119 642 1172 681 vos
1191 621 1320 680 audien

46 730 49 739 ¹
110 720 118 725 “
153 723 200 769 tes
221 706 424 788 probabatis,
445 720 477 766 et
494 728 589 787 aequa
612 706 766 788 postulare
784 706 956 789 Pythonem
982 705 1163 766 dicebatis:
1183 718 1214 766 et
1233 716 1320 764 erant

152 794 205 853 illa
218 792 347 876 quidem
364 813 466 870 aequa
491 786 679 851 Dicebantur
695 805 810 864 autem,
828 810 891 849 non
908 802 944 849 ut
961 789 1086 868 aliquid
1093 790 1138 849 illi
1155 789 1249 863 utile,
1266 801 1321 850 aut

155 882 206 951 ea,
220 889 287 957 pro
306 872 417 956 quibus
435 876 626 956 perficiendis
645 886 782 958 magnam
800 874 960 954 pecuniam
985 875 1141 975 dilargitus
1158 875 1320 948 suerat,e

62 960 64 967 ’
153 961 277 1023 loedere
295 961 493 1022 tollerentur:
526 963 579 1021 sed
601 983 618 1019 a
636 959 849 1020 nostratibus
840 959 904 1018 istis
923 959 1071 1042 magistris
1089 960 1172 1060 prins
1184 960 1319 1021 edoctus
1334 1002 1339 1009 -

63 1108 67 1120 ,
115 1088 117 1092 »
155 1030 206 1106 illa
223 1046 338 1118 luerat,
357 1044 410 1124 qui
422 1043 579 1144 putabant
595 1033 661 1104 lore
680 1045 853 1116 neminem,
873 1066 925 1122 qur
916 1043 1105 1111 Philo't'era
1082 1057 1136 1125 ιιι,
1155 1065 1211 1125 per
1223 1065 1322 1124 quem

98 1118 139 1193 54
156 1130 358 1211 Amphipolis
366 1129 473 1210 periit,
500 1132 622 1190 decreto
641 1130 844 1189 intercedere
851 1129 983 1188 auderet
1018 1131 1084 1212 Ego
1103 1135 1205 1203 vero,
1220 1129 1319 1190 Athe·

155 1216 294 1288 nienses,
320 1214 400 1273 nihil
415 1215 599 1274 contrarium
617 1214 735 1296 legibus
759 1205 951 1295 promulgare
969 1235 1060 1274 ausus
1082 1236 1166 1287 sum,
1191 1214 1257 1273 sed
1264 1214 1321 1280 de-

156 1313 240 1362 creto
258 1299 454 1372 Philocratis,
480 1301 571 1379 quod
589 1321 658 1358 curn
682 1298 801 1387 legibus
825 1298 996 1380 pugnabat,
1024 1301 1173 1359 contraria
1198 1297 1319 1379 scripsi:

56 1414 67 1423 ι
114 1414 118 1418 ’
156 1398 195 1445 ut
209 1406 266 1467 ego
287 1383 509 1444 demonstrabo.
544 1384 621 1443 Nam
645 1378 941 1442 senatusconsultum
959 1372 1157 1456 Philocratis,
1184 1402 1245 1463 quo
1264 1402 1320 1441 vos

157 1429 374 1548 Amphipolim
385 1453 584 1549 perdidistis,
619 1467 772 1548 prioribus
801 1469 1070 1527 senatusconsultis
1097 1466 1320 1541 adversabatur,

97 1554 100 1559 ’
156 1574 213 1634 por
230 1575 306 1634 quae
325 1574 378 1612 vos
396 1575 462 1612 eam
480 1552 682 1632 provinciam
679 1550 866 1611 obtinuistis
876 1551 931 1611 Ac
948 1552 1023 1611 illud
1042 1553 1163 1630 quidem
1181 1563 1319 1611 senatus·

66 1643 91 1697 .’
135 1636 335 1712 'consultum
348 1637 526 1697 Philocratis
546 1649 610 1695 erat
627 1636 745 1718 legibus
764 1629 964 1696 contrarium:
989 1657 1090 1716 neque
1107 1637 1175 1696 fieri
1191 1648 1319 1726 poterat,

156 1735 193 1782 ut
205 1723 251 1797 is,
275 1744 330 1812 qur
322 1722 459 1820 leges
449 1744 482 1780 ιιι
498 1714 729 1821 promulganda·
735 1722 884 1781 sententia
902 1734 1095 1800 sequeretur,
1121 1722 1318 1782 senatuscon-
1323 1746 1331 1753 ’

125 1828 127 1832 ’
157 1805 249 1878 sulto,
267 1807 418 1865 contrario
437 1802 587 1888 legibus,
592 1806 812 1867 consentientia
827 1805 982 1866 scriberet
1018 1807 1122 1881 Quum
1140 1805 1318 1866 autemillis
1340 1845 1342 1850 -

99 1889 103 1897 ’
157 1890 309 1971 prioribus
327 1891 612 1968 senatusconsultis,
647 1910 723 1970 quae
742 1903 773 1951 et
789 1891 923 1972 legitima
941 1903 1041 1964 erant,
1077 1904 1108 1951 et
1124 1905 1254 1952 vestram
1273 1890 1318 1949 di-
1327 1887 1356 1899 ’“

83 1973 273 2035 “tionem
298 1976 478 2049 tuebantur,
511 1985 711 2037 consentanea
735 1975 915 2035 scriberem:
950 1998 1018 2035 cum
1046 1975 1189 2059 legitima
1204 1974 1319 2055 scripsi,

157 2074 224 2121 tum
241 2060 414 2141 Philippum
432 2062 594 2144 coargui,
609 2073 645 2120 ιιι
663 2061 764 2140 quiet
781 2060 884 2120 sucum
900 2060 987 2120 vobis
1004 2061 1135 2134 laceret,
1168 2075 1200 2120 et
1215 2081 1320 2142 pacem

159 2146 313 2206 emenda-ri
332 2147 444 2218 nollet,
465 2148 521 2206 sed
540 2146 571 2205 id
589 2159 707 2227 ageret,
730 2158 766 2205 ut
783 2146 955 2205 oratoribus
973 2141 1158 2225 reipublicae
1176 2145 1319 2206 studiosis

90 2224 95 2232 ’
117 2238 121 2246 ’
157 2231 233 2289 fides
251 2232 331 2310 apud
347 2252 402 2290 vos
421 2231 637 2313 abrogaretur
650 2229 696 2295 Ac
715 2251 784 2289 eum
802 2230 1046 2291 emendationem
1062 2231 1212 2302 foederis,
1232 2251 1345 2314 quam*

49 2358 55 2367 -
158 2315 244 2375 vobis
263 2315 417 2395 permisit,
436 2337 517 2376 nunc
535 2337 550 2374 a
568 2336 600 2374 se
619 2315 794 2396 permissam
813 2336 878 2376 esse
896 2335 1024 2398 negare,
1050 2330 1155 2395 omnes
1172 2315 1272 2388 scitis,
1291 2326 1321 2374 et

42 2405 49 2412 ’
98 2407 101 2410 ’
158 2399 368 2478 Amphipolim
392 2398 451 2459 sibi
473 2400 643 2470 vindicare:
679 2423 748 2460 nam
772 2421 826 2460 vos
854 2423 920 2460 eam
943 2400 1001 2459 sibi
1025 2398 1202 2473 tradidisse,
1228 2398 1320 2479 quum
1352 2474 1354 2478 Ι

160 2485 374 2556 decerneretis,
390 2497 434 2558 ut,
452 2484 688 2563 quaenbahebat,
706 2484 838 2546 haberet
864 2485 1030 2545 Enimvero
1046 2505 1100 2545 vos
1118 2484 1178 2546 tale
1197 2485 1320 2563 quidem

159 2569 455 2629 senatusconsultum
471 2569 599 2628 lecistis:
631 2570 685 2629 sed
702 2568 911 2668 Amphipolim
928 2570 1023 2650 ipsius
1042 2589 1124 2644 esse,
1154 2590 1323 2668 numquam

112 2662 114 2667 '
160 2654 362 2714 decrevistis
377 2652 491 2713 Haberi
502 2654 589 2713 enim
607 2668 735 2734 possunt
754 2655 844 2714 etiam
861 2655 973 2713 aliena:
999 2667 1030 2714 et
1047 2675 1110 2715 non
1129 2675 1248 2735 omnes,
1267 2653 1321 2733 qni

159 2737 287 2811 habent,
306 2760 359 2798 sua
377 2738 509 2799 habent
522 2761 591 2799 nam
582 2735 698 2798 multi
717 2739 807 2798 etiarn
825 2739 920 2799 aliena
938 2740 1103 2840 ppssident
1126 2739 1255 2815 Quare
1246 2749 1322 2797 astae

86 2834 105 2874 Ἰ
132 2818 135 2822 Δ
159 2822 270 2882 illius
264 2823 408 2906 argutiae
434 2836 465 2883 et
487 2824 642 2923 captiones
671 2824 798 2884 frivolae
823 2837 894 2884 sunt
921 2837 952 2883 et
971 2825 1099 2909 ineptae.
1139 2823 1186 2883 Ac
1203 2823 1336 2888 decreti·

123 2936 130 2949 ··
161 2907 284 2987 quidem
301 2907 481 2968 Philocratis
498 2908 650 2967 meminit:
675 2909 774 2968 sed
747 2928 812 2968 etus
831 2909 986 2989 epistolae,
1005 2931 1101 2990 quam
1111 2909 1148 2969 ad
1164 2928 1230 2981 vos,
1249 2909 1322 2967 dum

160 2991 369 3073 Amphipolim
389 2992 552 3067 obsideret,
570 2993 663 3065 misit,
681 2993 793 3053 oblitus
813 3007 873 3054 est:
892 2993 924 3052 in
937 3011 1002 3084 qua
1020 2993 1230 3077 confitebatur,
1247 2991 1323 3050 Am-

55 3105 65 3151 j
121 3132 126 3151 ,
160 3076 310 3157 phipolim
329 3099 393 3137 esse
410 3090 557 3149 vestram,
577 3090 606 3136 et
624 3073 881 3157 promittebat,
856 3101 882 3138 ει
901 3091 1115 3161 expugnasset,
1135 3100 1200 3138 earn
1218 3099 1250 3137 se
1267 3097 1323 3136 vo-

75 3164 79 3170 '
160 3161 207 3221 bis
225 3158 431 3235 redditurum,
457 3175 493 3221 ut
516 3183 592 3240 quae
617 3173 714 3221 vestra
739 3174 834 3236 esset,
861 3184 924 3225 non
951 3183 1056 3223 eornm
1082 3164 1135 3243 qui
1152 3176 1228 3222 turn
1235 3165 1324 3221 tene·
1335 3189 1355 3230 ,-

160 3232 240 3305 bant.
259 3246 403 3329 prqinde
406 3246 458 3326 qui
475 3246 559 3326 prius
576 3246 803 3346 Amphipolim,
830 3269 919 3325 quam
928 3247 1095 3329 Philippus
1111 3259 1325 3329 expugnasset,

70 3377 75 3389 ,
131 3404 149 3417 μ
158 3329 356 3404 incolebant,
361 3330 594 3391 Atheniensium
612 3331 798 3412 provinciam
816 3332 931 3392 scilicet
947 3331 1110 3393 habebant
1122 3333 1256 3392 Eandem
1271 3351 1324 3390 ve-

161 3435 196 3474 ιο
221 3428 392 3516 postquam
399 3415 557 3496 Philippus
581 3416 700 3497 cepit,
696 3439 774 3476 non
792 3415 1026 3481 Atheniensium
1057 3417 1233 3500 regionem,
1269 3417 1325 3490 sed

162 3521 247 3570 snam
264 3512 367 3560 tenet
383 3501 444 3561 imo
463 3521 502 3561 ne
521 3501 691 3584 Olynthum
710 3499 849 3602 quidem,
870 3522 933 3561 non
951 3496 1156 3583 Apolloniam,
1174 3522 1237 3562 non
1254 3501 1325 3560 Pal-

113 3621 132 3647 ,ι
162 3584 262 3644 lenem
279 3598 315 3645 ut
332 3586 460 3659 alienas,
479 3587 531 3646 sed
549 3599 584 3646 ut
602 3609 669 3646 suas
686 3587 856 3666 provincias
874 3599 966 3647 tenet.
998 3587 1154 3667 Numquid
1172 3585 1324 3648 vobis-

163 3668 267 3742 detur,
291 3683 377 3730 caute
396 3684 427 3730 et
451 3670 666 3752 circumspecte
690 3672 727 3730 ad
745 3693 798 3732 vos
817 3671 918 3731 omnia
942 3671 1089 3754 scrihere:
1115 3684 1151 3731 ut
1173 3683 1326 3753 appareat,

163 3774 232 3812 eum
251 3766 282 3813 et
298 3755 448 3815 dicereet
465 3777 569 3838 agere,
588 3778 672 3836 quae
691 3777 796 3816 omnes
814 3756 953 3816 homines
972 3757 1049 3817 iusta
1069 3777 1134 3816 esse
1151 3755 1327 3816 fateantur?

162 3859 200 3896 an
215 3838 320 3918 potius
338 3839 495 3900 hominum
514 3841 764 3901 existimationem
783 3860 800 3899 e
818 3840 940 3900 sublimi
959 3841 1134 3922 despicere?
1153 3841 1206 3920 qui
1223 3840 1326 3922 regio-

163 3943 243 3994 nem,
261 3945 351 4002 quam
367 3924 476 3984 Graeci
495 3938 526 3985 et
540 3927 605 3986 Rex
622 3927 778 3984 Persarum
797 3925 1033 4006 pronuntiarunt
1051 3939 1082 3984 et
1105 3923 1236 3985 confessi
1255 3936 1334 3984 sunt

59 4076 63 4084 Ι
163 4024 228 4069 esse
232 4021 391 4082 vestram,
418 4031 482 4069 eam
500 4032 585 4069 suam
603 4030 687 4083 esse,
712 4021 743 4068 et
760 4030 823 4068 non
840 4022 969 4071 vestram
986 4010 1157 4070 asseveret?
1184 4009 1328 4069 Alterum

164 4103 269 4171 eaput,
293 4095 402 4172 quod
393 4117 424 4153 ιιι
442 4094 566 4154 foedere
585 4093 781 4166 emendastis,
806 4094 865 4153 hoe
877 4093 955 4192 luit,
979 4107 1016 4154 ut
1034 4093 1160 4167 Graeci,
1188 4116 1241 4173 qur
1231 4094 1326 4155 '-l'oe

164 4176 235 4235 dere
254 4197 316 4237 non
345 4179 590 4251 continerentur,
607 4177 695 4236 liberi
714 4189 814 4237 essent
839 4178 961 4256 suisque
979 4179 1097 4260 legibus
1116 4178 1266 4239 viverent:
1291 4196 1326 4238 ac

142 4251 145 4263 ’
164 4260 189 4319 si
207 4260 274 4340 quis
292 4283 345 4322 eos
363 4262 537 4334 invaderet,
562 4265 598 4320 ut
619 4261 767 4320 foederati
789 4257 847 4320 illis
867 4283 961 4342 opem
974 4264 1096 4324 ferrent
1131 4263 1216 4324 Nam
1226 4276 1258 4324 et
1274 4282 1325 4322 ae-

84 4408 94 4429 ,
164 4367 256 4424 quum
275 4346 339 4408 hoc
353 4360 385 4407 et
401 4347 565 4407 humanum
585 4367 650 4406 esse
669 4344 834 4471 ducebatis,
852 4366 920 4406 eum
937 4362 992 4409 vos
1010 4346 1146 4428 sociique
1164 4347 1272 4423 nostri,
1294 4336 1330 4408 et

232 4446 241 4475 ι
872 4462 874 4465 ,
