2722 4754
429 172 910 319 ottat'rfltnc'attts
976 264 979 270 .
1077 191 1107 311 ι’
1183 222 1235 280 ιι

81 378 114 439 tio
127 366 297 439 instituitur,
314 385 381 426 non
399 385 495 446 aeque
512 378 687 448 promptum
706 379 767 426 est
790 367 844 427 sed
861 366 1022 431 utilissima
1039 368 1224 431 iucundissi-

84 462 133 531 mis,
160 455 182 514 si
202 464 335 531 utraque
355 450 489 512 obtineri
506 465 675 532 nequeumt,
708 464 781 512 suut
797 453 1001 552 praeferenda.
1044 452 1136 516 At
1111 457 1224 536 siquis
1251 490 1261 497 -

86 540 229 609 theatralem
247 536 412 617 pecuniam
429 536 518 598 nobis
536 537 711 617 relinquere
727 537 830 617 possit
844 551 875 598 et
893 537 968 601 alios
986 552 1104 602 sumtus
1118 554 1223 604 osten·
1284 536 1294 540 ”

87 636 139 694 dere
156 622 307 725 militares,
333 642 455 681 nonne
464 623 488 682 is
513 623 636 704 potiori
661 620 772 683 dixerit
796 623 913 724 aliquis.
948 622 1114 687 Assentior
1137 628 1224 712 equi-

90 718 179 786 tanus
171 708 288 767 modo
309 704 488 781 ostenderit,
504 708 718 768 Athenienses
736 707 797 769 Sed
814 709 920 783 miror,
938 709 975 769 si
983 733 1033 771 cut
1024 713 1225 774 mortalium
1293 720 1299 755 ³

92 817 189 880 anquam
206 793 398 877 antevenit,
424 805 475 853 aut
494 794 629 895 eueniet,
654 814 723 853 cum
742 813 794 867 ea,
821 815 909 874 quae·
916 794 1065 870 habet,
1056 820 1088 856 m
1105 819 1155 859 res
1174 820 1225 858 su

91 898 252 970 psmcaneas
271 878 458 951 insumserit,
486 891 523 938 ut
539 880 587 951 iis,
614 898 691 958 quae
709 899 773 938 non
792 878 894 953 habet,
919 881 957 939 ad
974 902 1023 950 res
1041 885 1226 966 necessarias
1254 920 1256 927 ·
1282 896 1285 900 ’

71 968 198 1067 ,daudet
231 963 293 1022 Sed
311 984 454 1045 magnum
473 963 538 1024 istis
556 962 727 1047 rationibus
756 983 792 1022 ex
807 962 1050 1047 uniuscuiusque
1068 959 1226 1030 uoluntate

88 1053 201 1117 nimimm
224 1049 421 1150 praesidium
419 1061 485 1107 est
525 1049 628 1123 Quare
654 1043 791 1122 omnium
809 1062 856 1109 est
872 1049 1060 1124 facillimum,
1092 1052 1226 1132 seipsum

87 1133 206 1222 decipere
240 1134 334 1208 Quod
354 1134 436 1201 enirn
454 1133 583 1215 quisque
601 1133 678 1206 vult,
694 1133 726 1193 id
740 1134 834 1193 aciani
852 1134 912 1194 sibi
929 1136 1025 1219 fingit
1057 1135 1162 1217 Saepe
1171 1144 1233 1198 ιιι·Χ
1264 1129 1266 1133 ’

85 1233 243 1286 tenuatum
260 1238 364 1278 rerum
382 1219 439 1278 alia
457 1232 510 1278 est
542 1216 645 1295 Ista
628 1216 731 1301 igitur
753 1219 795 1279 ita
819 1220 1029 1295 considerate,
1054 1234 1090 1281 ut
1106 1242 1156 1282 res
1173 1242 1227 1305 pa·
1304 1222 1310 1288 ’,

83 1310 194 1370 liuntur:
209 1315 275 1363 tum
294 1313 326 1363 et
342 1303 473 1365 militare
490 1304 641 1386 poteritis,
660 1315 691 1363 et
708 1304 895 1396 stipendium
912 1305 1078 1367 habebitise
1089 1308 1161 1368 Non
1180 1329 1227 1368 sa·
1258 1342 1267 1350 -

84 1414 127 1455 ne
118 1388 322 1472 pmdcntium,
340 1410 441 1470 neque
459 1410 680 1490 generosorum
698 1385 870 1449 bominum
877 1404 933 1471 est,
961 1392 1103 1472 aliquid
1093 1414 1130 1452 m
1145 1392 1227 1453 bello

82 1477 214 1562 negligere
241 1473 280 1534 ob
305 1496 499 1536 nummorum
526 1475 704 1556 penuriam,
730 1488 762 1544 et
784 1475 892 1536 leviter
914 1477 986 1537 talia
1003 1477 1114 1557 probra
1132 1472 1228 1539 ferret

80 1575 124 1624 ant
136 1573 232 1621 eontm
246 1555 425 1620 Corinthios
443 1572 475 1622 e't
486 1561 691 1661 Megarenses,
709 1559 835 1640 arreptis
853 1561 954 1635 armis,
970 1562 1136 1643 proficisci:
1154 1562 1228 1624 Phi·

77 1649 176 1731 lippum
194 1657 294 1705 autem
306 1644 438 1706 Graecas
455 1645 548 1706 urbes
565 1645 628 1726 pati
647 1647 833 1719 exscindere,
850 1647 1138 1728 propteuinopiam.
1144 1666 1241 1709 com:

74 1745 187 1803 meatus,
212 1751 273 1810 quo
293 1718 443 1791 eiercitus
461 1743 656 1791 sustentetur.
700 1730 812 1832 Atque·
822 1731 896 1791 haee
914 1754 978 1793 ιιοιι
996 1732 1108 1799 frustra
1127 1732 1229 1794 dicere
1271 1727 1276 1733 ’

37 1816 189 1889 institui,
219 1828 258 1875 ut
274 1808 471 1895 quorundam
490 1814 612 1878 euobis
638 1815 708 1876 odia
733 1817 918 1897 susciperem
938 1821 1064 1898 (neque
1087 1819 1180 1878 euim
1188 1819 1230 1919 ιιι

71 1905 186 1964 demens
205 1913 259 1960 aut
275 1899 384 1959 infelix
397 1921 455 1983 ego
472 1922 552 1974 sum,
574 1911 612 1961 ut
628 1922 697 1961 cum
714 1901 797 1960 nulla
816 1922 872 1982 spe
887 1903 1003 1982 publici
1020 1903 1136 1964 fructus
1165 1901 1228 1984 pri·
1247 1914 1289 1968 23

69 2001 161 2048 vatum
180 1985 256 2044 mibi
274 1985 376 2051 odium
396 1988 562 2086 quaeram),
587 1987 644 2045 sed
659 1986 778 2045 bom
751 1987 825 2046 ervis
845 1985 980 2065 officium
1000 2008 1067 2047 esse
1083 2000 1171 2070 puto,
1194 2001 1231 2049 ut
1286 2048 1289 2057 ,

66 2070 236 2133 charitatem
253 2069 439 2150 reipublicae
456 2071 597 2133 suavitati
614 2070 760 2131 orationis
778 2085 951 2150 anteponat.
974 2073 1055 2133 Nam
1069 2074 1162 2161 apud
1167 2095 1241 2143 ιιιι-,
1299 2127 1304 2133 .

65 2158 140 2217 iores
165 2169 288 2216 nostros
307 2168 444 2216 oratores
462 2155 569 2229 audio,
595 2157 852 2256 quemadmodum
869 2169 911 2216 et.
913 2178 971 2217 tos
990 2158 1118 2221 sortasse
1135 2155 1251 2241 (quoe,

64 2255 100 2302 ιιι
115 2262 229 2315 omnes,
249 2241 303 2321 qui
321 2241 486 2324 conciones
505 2241 634 2314 babent,
652 2238 811 2314 laudare,'
802 2254 843 2302 ιιι
861 2265 966 2323 parum
984 2243 1097 2303 imitari
1115 2240 1232 2326 solent)
1254 2311 1256 2317 ¹

36 2320 41 2325 ’
63 2327 118 2388 bac
138 2327 257 2387 ratione
282 2339 313 2387 et
336 2326 423 2386 boc'
414 2319 555 2387 instituto
573 2327 606 2405 ἰιι
616 2325 778 2406 republica
795 2328 929 2409 gerenda
946 2329 993 2389 uti
1011 2329 1134 2389 solitos:
1159 2327 1233 2388 Ari-
1242 2352 1247 2359 ·

61 2413 170 2473 stidem
189 2411 293 2483 illum,
313 2410 449 2485 Niciam,
474 2431 542 2470 eum
562 2435 615 2491 qut
606 2411 712 2472 idem
730 2432 849 2472 mecum
868 2434 984 2473 nomen
1002 2412 1123 2485 habuit,
1146 2410 1232 2497 Peri-

61 2499 145 2558 clem
189 2498 234 2556 Ex
251 2516 314 2577 quo
338 2509 458 2556 autem
465 2497 652 2558 sciscitantes
677 2516 694 2556 e
718 2496 840 2556 vobis
831 2498 882 2558 isti
904 2512 1039 2558 oratores
1059 2490 1232 2567 extiterunt.

61 2583 146 2658 Quid
164 2582 300 2663 cupitisi
312 2581 388 2661 quid
407 2581 556 2641 scribam?
565 2603 664 2682 qun
653 2581 740 2643 vobis
756 2602 791 2641 re
809 2583 1023 2685 grptibcabori
1011 2582 1126 2643 brevi
1144 2584 1232 2644 volu·-

58 2681 144 2750 ptate
164 2681 195 2728 et
210 2667 302 2767 gretia
320 2666 507 2748 reipublicae
524 2665 648 2753 negotia
667 2669 753 2748 qnasi
768 2667 926 2749 propinata
945 2681 1090 2749 pereunt,
1117 2682 1147 2728 et
1161 2669 1234 2729 talia

60 2753 225 2813 eveniunt.
247 2753 375 2812 istorum
392 2773 442 2811 res
461 2770 567 2813 omnes
584 2753 752 2845 praeclare
754 2772 787 2811 se
806 2751 936 2824 babent,
960 2767 1077 2834 vestrae
1095 2753 1240 2832 turpiter:

57 2837 168 2917 Atque
188 2839 390 2909 considerate,
408 2834 637 2927 Athenienses,
647 2840 725 2917 quae
743 2836 840 2916 capita
856 2857 975 2909 rerum,
994 2850 1024 2898 et
1041 2837 1236 2939 superiorum

60 2937 93 2984 et
113 2923 224 2982 borum
241 2933 430 3003 temporum,
457 2920 689 2983 commemorari
714 2921 847 3004 possint:
874 2921 973 2982 brevis
1000 2935 1101 2982 nutem
1119 2923 1178 2984 erit
1203 2934 1236 2983 et

56 3023 135 3069 nota
154 3008 242 3067 vobis
261 3008 367 3068 oratio.
400 3008 471 3068 Non
491 3008 571 3068 enirn
590 3008 695 3067 alienis
712 3028 773 3068 vos
785 3019 908 3085 utentes
925 3009 1088 3089 exemplis,
1105 3009 1170 3067 sed
1178 3008 1234 3068 do-

49 3093 208 3165 mesticis,
226 3091 444 3167 Athenienses,
459 3093 569 3154 felices
582 3093 648 3171 fieri
665 3092 744 3153 licet
759 3092 836 3151 llli
827 3091 930 3174 igitur,
949 3093 1059 3192 quibus
1076 3106 1141 3153 ιιοιι
1152 3094 1235 3153 adu-

59 3179 206 3249 labantur
223 3191 370 3251 oratores,
389 3198 466 3259 quos
484 3200 548 3238 ιιοιι
565 3177 613 3236 ita
624 3163 775 3251 adiabant,
794 3190 830 3239 ιιι
847 3196 901 3236 vos
913 3178 975 3256 isti
988 3194 1080 3252 nuuc,
1098 3178 1235 3259 quinque

61 3276 93 3323 et
118 3263 278 3346 sexaginta
299 3285 396 3323 annos
416 3265 552 3324 Graecis
555 3252 756 3323 solentibus
754 3260 960 3344 imperarunt:
986 3265 1120 3345 amplius
1133 3264 1234 3328 decies

57 3348 147 3409 mille
173 3349 321 3408 talenta
305 3372 346 3408 ιιι
367 3350 477 3409 Arcem
503 3361 738 3449 congesserunt·
769 3360 813 3408 et
823 3369 926 3443 regem
952 3348 1047 3408 istius
1059 3348 1234 3430 provinciae
1310 3398 1313 3409 .

59 3434 146 3494 dieto
165 3434 341 3493 audientem
360 3434 541 3508 habuerunt,
558 3435 637 3494 sieut
651 3446 782 3513 aequum
799 3445 855 3494 est
861 3433 1012 3521 parere
980 3434 1107 3494 Graecis
1122 3434 1235 3494 Barb'a-
1238 3485 1242 3509 ,

60 3540 149 3577 rum:
167 3532 198 3579 et
215 3520 311 3579 multa
329 3521 541 3600 praeclaraque
558 3519 712 3599 trophaea
717 3524 806 3579 terra
813 3519 948 3599 murique
965 3505 1047 3613 ριιιι
1063 3532 1237 3595 erexerunt,

59 3624 136 3663 cum
151 3602 207 3687 ipss
198 3603 403 3664 militarent:
424 3616 454 3665 et
469 3606 537 3664 soli
543 3605 716 3664 mortalium
733 3626 798 3666 eam
812 3614 914 3663 rerum
928 3599 1082 3706 gesturum
1096 3604 1235 3688 gloriam,

58 3689 99 3747 ad
120 3710 211 3769 quam
228 3689 333 3749 nullus
351 3680 491 3750 invidiae
488 3702 624 3779 pateret
632 3690 754 3762 aditus,
776 3677 974 3769 reliquerunt.
1008 3688 1082 3749 Ac
1063 3712 1105 3769 ιιι
1121 3690 1236 3751 tuenda

59 3773 195 3834 Graecia
211 3774 299 3834 inere
316 3774 400 3834 tales.
418 3773 476 3834 ln·
467 3796 530 3855 ipsa
541 3784 615 3834 'vero
629 3774 717 3848 urbe,
734 3784 876 3856 spectate,
889 3773 998 3853 quales
1009 3788 1040 3834 et
1051 3760 1187 3856 publicis
1206 3785 1238 3834 et

58 3858 197 3940 puratis
215 3860 259 3919 in
273 3859 369 3920 rebus
391 3870 423 3919 se
442 3861 662 3958 praebuerint·
669 3859 831 3919 Publice
821 3860 916 3942 igitur
933 3858 1079 3919 aedilicia
1093 3873 1123 3920 et
1146 3878 1237 3919 orna

58 3956 170 4005 menta
193 3936 280 4004 talia
290 3955 330 4003 et
337 3956 426 4004 tauta
448 3945 617 4011 instruxere
635 3943 725 4005 nobis
738 3944 899 4016 sanorum,
917 3955 958 4017 et,
976 3962 1053 4024 quae
1071 3934 1119 4003 hia
1137 3943 1236 4005 cunti-

58 4042 191 4111 nentur‚
210 4029 429 4103 donariorum,
434 4042 469 4090 ut
480 4031 564 4091 nibil
572 4030 642 4090 addi
658 4030 765 4110 possit
773 4028 986 4110 apnaaerisad
1000 4029 1132 4090 illorum
1137 4029 1236 4090 excel-

19 4173 21 4176 .
60 4106 200 4175 lentiam.
226 4115 371 4174 Privatim
390 4124 490 4175 autem
508 4117 585 4176 adeo
601 4115 735 4176 modesti
751 4115 894 4216 luerunt,
907 4125 951 4173 et
957 4124 1060 4174 tanta
1057 4136 1130 4175 cura
1146 4114 1244 4175 insti

58 4210 168 4261 ιιιιιιιιι
190 4197 391 4281 reipublicae
405 4189 622 4273 observarunt,-
636 4212 691 4275 ut,
709 4201 736 4261 si
754 4200 823 4282 quis
819 4194 918 4258 sorte
938 4211 1075 4260 vestrum
1091 4193 1237 4273 Aristidis

62 4297 96 4346 et
114 4284 265 4345 Miltiadis
285 4295 319 4344 et'
326 4285 414 4385 'illius
432 4288 536 4348 aetatis
563 4285 727 4347 illustrium
745 4285 904 4347 hominum
922 4285 1012 4346 aedes
1030 4284 1117 4349 notit
1135 4284 1238 4349 euius
1249 4292 1252 4297 ⁴

60 4371 154 4432 modi
170 4368 514 4460 sint,·w1etni'1acdibus
536 4371 635 4454 nihilo
658 4389 724 4432 esse
747 4368 969 4453 splendidiores
986 4370 1095 4432 videat
1129 4367 1239 4446 Neque
1255 4431 1260 4437 ,

934 4542 937 4546 ⁴
989 4467 1016 4534 ι
