<?xml version="1.0" encoding="UTF-8"?>
<!DOCTYPE html PUBLIC "-//W3C//DTD XHTML 1.0 Transitional//EN"
    "http://www.w3.org/TR/xhtml1/DTD/xhtml1-transitional.dtd">
<html xmlns="http://www.w3.org/1999/xhtml" xml:lang="en" lang="en">
 <head>
  <title>
</title>
<meta http-equiv="Content-Type" content="text/html;charset=utf-8" />
  <meta name='ocr-system' content='tesseract 3.04.00' />
  <meta name='ocr-capabilities' content='ocr_page ocr_carea ocr_par ocr_line ocrx_word'/>
</head>
<body>
  <div class='ocr_page' id='page_1' title='image "./demosthenisquae04schgoog_0363.png"; bbox 0 0 2722 4754; ppageno 0'>
   <div class='ocr_carea' id='block_1_1' title="bbox 143 218 1192 360">
    <p class='ocr_par' dir='ltr' id='par_1_1' title="bbox 63 218 1192 360">
     <span class='ocr_line' id='line_1_1' title="bbox 143 218 1192 360; baseline -0.004 -30.283"><span class='ocrx_word' id='word_1_1' title='bbox 143 225 254 333; x_wconf 33' lang='lat'><strong>35⁸4,</strong></span> <span class='ocrx_word' id='word_1_2' title='bbox 427 218 1027 360; x_wconf 74' lang='lat' dir='ltr'><strong>nanosrnnstsdna&#39;rro</strong></span> <span class='ocrx_word' id='word_1_3' title='bbox 1085 337 1087 341; x_wconf 17' lang='lat'><strong><em>¹</em></strong></span> <span class='ocrx_word' id='word_1_4' title='bbox 1188 222 1192 228; x_wconf 59' lang='grc'>’</span> 
     </span>
    </p>
   </div>
   <div class='ocr_carea' id='block_1_2' title="bbox 20 415 1351 4523">
    <p class='ocr_par' dir='ltr' id='par_1_2' title="bbox 20 415 1351 4523">
     <span class='ocr_line' id='line_1_2' title="bbox 41 415 1318 505; baseline -0.002 -22"><span class='ocrx_word' id='word_1_5' title='bbox 41 429 70 483; x_wconf 63' lang='lat' dir='ltr'><em>f</em></span> <span class='ocrx_word' id='word_1_6' title='bbox 142 439 196 499; x_wconf 73' lang='lat' dir='ltr'><strong>est</strong></span> <span class='ocrx_word' id='word_1_7' title='bbox 231 423 332 501; x_wconf 85' lang='lat' dir='ltr'><strong>Quam</strong></span> <span class='ocrx_word' id='word_1_8' title='bbox 350 421 457 499; x_wconf 73' lang='lat' dir='ltr'><strong>callide</strong></span> <span class='ocrx_word' id='word_1_9' title='bbox 482 434 584 482; x_wconf 86' lang='lat' dir='ltr'><strong>antem</strong></span> <span class='ocrx_word' id='word_1_10' title='bbox 602 415 1022 505; x_wconf 36' lang='lat' dir='ltr'><strong>vobisnocere:decreverim</strong></span> <span class='ocrx_word' id='word_1_11' title='bbox 1048 422 1318 503; x_wconf 87' lang='lat' dir='ltr'><strong>operaepretium</strong></span> 
     </span>
     <span class='ocr_line' id='line_1_3' title="bbox 50 504 1317 589; baseline -0.005 -17"><span class='ocrx_word' id='word_1_12' title='bbox 50 507 58 520; x_wconf 51' lang='lat'><strong>⁸</strong></span> <span class='ocrx_word' id='word_1_13' title='bbox 142 522 190 572; x_wconf 84' lang='lat' dir='ltr'><strong>ast</strong></span> <span class='ocrx_word' id='word_1_14' title='bbox 206 509 319 573; x_wconf 84' lang='lat' dir='ltr'><strong>audire.</strong></span> <span class='ocrx_word' id='word_1_15' title='bbox 360 507 439 568; x_wconf 87' lang='lat' dir='ltr'><strong>Nam</strong></span> <span class='ocrx_word' id='word_1_16' title='bbox 465 520 535 567; x_wconf 85' lang='lat' dir='ltr'><strong>cum</strong></span> <span class='ocrx_word' id='word_1_17' title='bbox 558 504 692 582; x_wconf 88' lang='lat' dir='ltr'><strong>videret,</strong></span> <span class='ocrx_word' id='word_1_18' title='bbox 718 507 964 588; x_wconf 82' lang='lat' dir='ltr'><strong>omnitempore</strong></span> <span class='ocrx_word' id='word_1_19' title='bbox 987 520 1020 567; x_wconf 91' lang='lat' dir='ltr'><strong>et</strong></span> <span class='ocrx_word' id='word_1_20' title='bbox 1036 522 1178 588; x_wconf 81' lang='lat' dir='ltr'><strong>proceres</strong></span> <span class='ocrx_word' id='word_1_21' title='bbox 1199 522 1230 568; x_wconf 90' lang='lat' dir='ltr'><strong>et</strong></span> <span class='ocrx_word' id='word_1_22' title='bbox 1248 507 1317 589; x_wconf 89' lang='lat' dir='ltr'><strong>ple-</strong></span> 
     </span>
     <span class='ocr_line' id='line_1_4' title="bbox 71 591 1318 677; baseline -0.003 -22"><span class='ocrx_word' id='word_1_23' title='bbox 71 642 74 645; x_wconf 81' lang='lat'>.</span> <span class='ocrx_word' id='word_1_24' title='bbox 142 597 230 662; x_wconf 73' lang='lat' dir='ltr'><strong>beios</strong></span> <span class='ocrx_word' id='word_1_25' title='bbox 247 613 354 654; x_wconf 89' lang='lat' dir='ltr'><strong>omncs</strong></span> <span class='ocrx_word' id='word_1_26' title='bbox 373 591 504 667; x_wconf 89' lang='lat' dir='ltr'><strong>sentire,</strong></span> <span class='ocrx_word' id='word_1_27' title='bbox 530 593 613 677; x_wconf 82' lang='lat' dir='ltr'><strong>leges</strong></span> <span class='ocrx_word' id='word_1_28' title='bbox 640 614 742 653; x_wconf 81' lang='lat' dir='ltr'><strong>causas</strong></span> <span class='ocrx_word' id='word_1_29' title='bbox 761 612 827 652; x_wconf 90' lang='lat' dir='ltr'><strong>esse</strong></span> <span class='ocrx_word' id='word_1_30' title='bbox 845 592 984 673; x_wconf 89' lang='lat' dir='ltr'><strong>publicae</strong></span> <span class='ocrx_word' id='word_1_31' title='bbox 1002 592 1171 658; x_wconf 75' lang='lat' dir='ltr'><strong>felicitatis:</strong></span> <span class='ocrx_word' id='word_1_32' title='bbox 1209 615 1318 654; x_wconf 88' lang='lat' dir='ltr'><strong>secum</strong></span> 
     </span>
     <span class='ocr_line' id='line_1_5' title="bbox 143 677 1317 758; baseline -0.003 -17"><span class='ocrx_word' id='word_1_33' title='bbox 143 680 385 752; x_wconf 86' lang='lat' dir='ltr'><strong>meditatusest,</strong></span> <span class='ocrx_word' id='word_1_34' title='bbox 411 699 469 758; x_wconf 90' lang='lat' dir='ltr'><strong>qua</strong></span> <span class='ocrx_word' id='word_1_35' title='bbox 487 678 606 738; x_wconf 91' lang='lat' dir='ltr'><strong>ratione</strong></span> <span class='ocrx_word' id='word_1_36' title='bbox 623 678 707 752; x_wconf 90' lang='lat' dir='ltr'><strong>illas,</strong></span> <span class='ocrx_word' id='word_1_37' title='bbox 732 677 989 740; x_wconf 75' lang='lat' dir='ltr'><strong>animadvertente</strong></span> <span class='ocrx_word' id='word_1_38' title='bbox 1007 679 1147 752; x_wconf 84' lang='lat' dir='ltr'><strong>nemine,</strong></span> <span class='ocrx_word' id='word_1_39' title='bbox 1172 679 1317 741; x_wconf 85' lang='lat' dir='ltr'><strong>destrue-</strong></span> 
     </span>
     <span class='ocr_line' id='line_1_6' title="bbox 141 754 1317 847; baseline -0.002 -20"><span class='ocrx_word' id='word_1_40' title='bbox 141 778 204 827; x_wconf 84' lang='lat' dir='ltr'><strong>ret:</strong></span> <span class='ocrx_word' id='word_1_41' title='bbox 234 765 266 824; x_wconf 95' lang='lat' dir='ltr'><strong>in</strong></span> <span class='ocrx_word' id='word_1_42' title='bbox 284 784 346 844; x_wconf 89' lang='lat' dir='ltr'><strong>quo</strong></span> <span class='ocrx_word' id='word_1_43' title='bbox 364 763 500 825; x_wconf 80' lang='lat' dir='ltr'><strong>facinore</strong></span> <span class='ocrx_word' id='word_1_44' title='bbox 518 763 544 823; x_wconf 91' lang='lat' dir='ltr'><strong>si</strong></span> <span class='ocrx_word' id='word_1_45' title='bbox 561 759 856 847; x_wconf 79' lang='lat' dir='ltr'><strong>deprehenderetur,</strong></span> <span class='ocrx_word' id='word_1_46' title='bbox 884 782 922 822; x_wconf 87' lang='lat' dir='ltr'><strong>ne</strong></span> <span class='ocrx_word' id='word_1_47' title='bbox 940 754 1041 823; x_wconf 80' lang='lat' dir='ltr'><strong>tamen</strong></span> <span class='ocrx_word' id='word_1_48' title='bbox 1058 763 1165 846; x_wconf 87' lang='lat' dir='ltr'><strong>inique</strong></span> <span class='ocrx_word' id='word_1_49' title='bbox 1183 778 1237 825; x_wconf 90' lang='lat' dir='ltr'><strong>ant</strong></span> <span class='ocrx_word' id='word_1_50' title='bbox 1256 764 1317 824; x_wconf 88' lang='lat' dir='ltr'><strong>im-</strong></span> 
     </span>
     <span class='ocr_line' id='line_1_7' title="bbox 142 847 1349 933; baseline -0.002 -22"><span class='ocrx_word' id='word_1_51' title='bbox 142 850 311 933; x_wconf 80' lang='lat' dir='ltr'><strong>prudenter</strong></span> <span class='ocrx_word' id='word_1_52' title='bbox 333 848 490 911; x_wconf 81' lang='lat' dir='ltr'><strong>admisisse</strong></span> <span class='ocrx_word' id='word_1_53' title='bbox 514 848 677 929; x_wconf 87' lang='lat' dir='ltr'><strong>quicquam</strong></span> <span class='ocrx_word' id='word_1_54' title='bbox 700 848 861 909; x_wconf 85' lang='lat' dir='ltr'><strong>videretur.</strong></span> <span class='ocrx_word' id='word_1_55' title='bbox 889 848 941 908; x_wconf 90' lang='lat' dir='ltr'><strong>-ld</strong></span> <span class='ocrx_word' id='word_1_56' title='bbox 957 847 1057 930; x_wconf 81' lang='lat' dir='ltr'><strong>igitur</strong></span> <span class='ocrx_word' id='word_1_57' title='bbox 1072 849 1207 911; x_wconf 81' lang='lat' dir='ltr'><strong>facturus</strong></span> <span class='ocrx_word' id='word_1_58' title='bbox 1226 849 1316 930; x_wconf 90' lang='lat' dir='ltr'><strong>quod</strong></span> <span class='ocrx_word' id='word_1_59' title='bbox 1332 854 1349 869; x_wconf 74' lang='grc'><strong>“</strong></span> 
     </span>
     <span class='ocr_line' id='line_1_8' title="bbox 139 930 1317 1016; baseline -0.003 -18"><span class='ocrx_word' id='word_1_60' title='bbox 139 936 214 998; x_wconf 78' lang='lat' dir='ltr'><strong>iecit</strong></span> <span class='ocrx_word' id='word_1_61' title='bbox 252 930 403 997; x_wconf 85' lang='lat' dir='ltr'><strong>ration&#39;em</strong></span> <span class='ocrx_word' id='word_1_62' title='bbox 421 933 538 1001; x_wconf 81' lang='lat' dir='ltr'><strong>invenit</strong></span> <span class='ocrx_word' id='word_1_63' title='bbox 557 946 698 1010; x_wconf 80' lang='lat' dir='ltr'><strong>eam„ut</strong></span> <span class='ocrx_word' id='word_1_64' title='bbox 712 933 782 1016; x_wconf 84' lang='lat' dir='ltr'><strong>lege</strong></span> <span class='ocrx_word' id='word_1_65' title='bbox 800 933 889 1016; x_wconf 83' lang='lat' dir='ltr'><strong>leges</strong></span> <span class='ocrx_word' id='word_1_66' title='bbox 902 945 1067 997; x_wconf 82' lang='lat' dir='ltr'><strong>everteret:</strong></span> <span class='ocrx_word' id='word_1_67' title='bbox 1087 935 1211 997; x_wconf 84' lang='lat' dir='ltr'><strong>nteins</strong></span> <span class='ocrx_word' id='word_1_68' title='bbox 1230 933 1317 995; x_wconf 91' lang='lat' dir='ltr'><strong>iniu-</strong></span> 
     </span>
     <span class='ocr_line' id='line_1_9' title="bbox 140 980 1316 1101; baseline -0.003 -17"><span class='ocrx_word' id='word_1_69' title='bbox 140 980 380 1096; x_wconf 81' lang='lat' dir='ltr'><strong>ria&#39;ebeneficii,</strong></span> <span class='ocrx_word' id='word_1_70' title='bbox 396 1018 546 1101; x_wconf 81' lang='lat' dir='ltr'><strong>pernicies</strong></span> <span class='ocrx_word' id='word_1_71' title='bbox 564 1019 669 1099; x_wconf 86' lang='lat' dir='ltr'><strong>salutis</strong></span> <span class='ocrx_word' id='word_1_72' title='bbox 687 1039 801 1079; x_wconf 91' lang='lat' dir='ltr'><strong>nomen</strong></span> <span class='ocrx_word' id='word_1_73' title='bbox 818 1017 1064 1098; x_wconf 86' lang='lat' dir='ltr'><strong>adipiscerentur.</strong></span> <span class='ocrx_word' id='word_1_74' title='bbox 1087 1019 1164 1081; x_wconf 87' lang='lat' dir='ltr'><strong>Nam</strong></span> <span class='ocrx_word' id='word_1_75' title='bbox 1183 1034 1215 1082; x_wconf 90' lang='lat' dir='ltr'><strong>et</strong></span> <span class='ocrx_word' id='word_1_76' title='bbox 1233 1042 1316 1100; x_wconf 88' lang='lat' dir='ltr'><strong>quae</strong></span> 
     </span>
     <span class='ocr_line' id='line_1_10' title="bbox 140 1101 1323 1189; baseline -0.005 -17"><span class='ocrx_word' id='word_1_77' title='bbox 140 1101 573 1189; x_wconf 73' lang='lat' dir='ltr'><strong>rempnblicam&#39;conscrvant,</strong></span> <span class='ocrx_word' id='word_1_78' title='bbox 599 1117 671 1165; x_wconf 90' lang='lat' dir='ltr'><strong>sunt</strong></span> <span class='ocrx_word' id='word_1_79' title='bbox 687 1104 790 1187; x_wconf 80' lang='lat' dir='ltr'><strong>leges:</strong></span> <span class='ocrx_word' id='word_1_80' title='bbox 814 1117 856 1164; x_wconf 90' lang='lat' dir='ltr'><strong>-et</strong></span> <span class='ocrx_word' id='word_1_81' title='bbox 874 1125 963 1183; x_wconf 88' lang='lat' dir='ltr'><strong>quam</strong></span> <span class='ocrx_word' id='word_1_82' title='bbox 981 1104 1039 1165; x_wconf 89' lang='lat' dir='ltr'><strong>iste</strong></span> <span class='ocrx_word' id='word_1_83' title='bbox 1056 1105 1147 1178; x_wconf 90' lang='lat' dir='ltr'><strong>tulit,</strong></span> <span class='ocrx_word' id='word_1_84' title='bbox 1174 1104 1323 1177; x_wconf 79' lang='lat' dir='ltr'><strong>cumbis</strong></span> 
     </span>
     <span class='ocr_line' id='line_1_11' title="bbox 56 1187 1318 1274; baseline -0.004 -18"><span class='ocrx_word' id='word_1_85' title='bbox 56 1197 118 1257; x_wconf 81' lang='lat'><strong>476</strong></span> <span class='ocrx_word' id='word_1_86' title='bbox 142 1193 227 1257; x_wconf 85' lang='lat' dir='ltr'><strong>nulla</strong></span> <span class='ocrx_word' id='word_1_87' title='bbox 250 1213 287 1255; x_wconf 85' lang='lat' dir='ltr'><strong>ex</strong></span> <span class='ocrx_word' id='word_1_88' title='bbox 309 1203 394 1274; x_wconf 81' lang='lat' dir='ltr'><strong>parte</strong></span> <span class='ocrx_word' id='word_1_89' title='bbox 410 1189 679 1264; x_wconf 85' lang='lat' dir='ltr'><strong>consentientem,</strong></span> <span class='ocrx_word' id='word_1_90' title='bbox 695 1189 760 1250; x_wconf 80' lang='lat' dir='ltr'><strong>tex.</strong></span> <span class='ocrx_word' id='word_1_91' title='bbox 793 1187 934 1250; x_wconf 89' lang='lat' dir='ltr'><strong>Nominis</strong></span> <span class='ocrx_word' id='word_1_92' title='bbox 960 1189 1056 1272; x_wconf 82' lang='lat' dir='ltr'><strong>igitur</strong></span> <span class='ocrx_word' id='word_1_93' title='bbox 1080 1191 1318 1266; x_wconf 81' lang='lat' dir='ltr'><strong>humanitatem,</strong></span> 
     </span>
     <span class='ocr_line' id='line_1_12' title="bbox 140 1273 1316 1362; baseline -0.004 -21"><span class='ocrx_word' id='word_1_94' title='bbox 140 1300 232 1362; x_wconf 85' lang='lat' dir='ltr'><strong>quam</strong></span> <span class='ocrx_word' id='word_1_95' title='bbox 248 1299 304 1340; x_wconf 80' lang='lat' dir='ltr'><strong>vos</strong></span> <span class='ocrx_word' id='word_1_96' title='bbox 322 1277 450 1350; x_wconf 83' lang='lat' dir='ltr'><strong>maxime</strong></span> <span class='ocrx_word' id='word_1_97' title='bbox 469 1275 696 1358; x_wconf 81' lang='lat' dir='ltr'><strong>amplectimini,</strong></span> <span class='ocrx_word' id='word_1_98' title='bbox 711 1274 875 1357; x_wconf 82' lang='lat' dir='ltr'><strong>perspexit:</strong></span> <span class='ocrx_word' id='word_1_99' title='bbox 894 1273 1047 1356; x_wconf 81' lang='lat' dir='ltr'><strong>idemque,</strong></span> <span class='ocrx_word' id='word_1_100' title='bbox 1065 1275 1200 1356; x_wconf 73' lang='lat' dir='ltr'><strong>quod&#39;in</strong></span> <span class='ocrx_word' id='word_1_101' title='bbox 1219 1296 1316 1358; x_wconf 83' lang='lat' dir='ltr'><strong>expe-</strong></span> 
     </span>
     <span class='ocr_line' id='line_1_13' title="bbox 54 1354 1317 1444; baseline 0.001 -23"><span class='ocrx_word' id='word_1_102' title='bbox 54 1410 63 1421; x_wconf 66' lang='grc'>,</span> <span class='ocrx_word' id='word_1_103' title='bbox 96 1364 253 1429; x_wconf 57' lang='lat' dir='ltr'><strong>a-riundo</strong></span> <span class='ocrx_word' id='word_1_104' title='bbox 271 1362 451 1425; x_wconf 88' lang='lat' dir='ltr'><strong>contrariam</strong></span> <span class='ocrx_word' id='word_1_105' title='bbox 468 1362 530 1424; x_wconf 85' lang='lat' dir='ltr'><strong>vim</strong></span> <span class='ocrx_word' id='word_1_106' title='bbox 541 1374 628 1443; x_wconf 78' lang='lat' dir='ltr'><strong>¹esset</strong></span> <span class='ocrx_word' id='word_1_107' title='bbox 645 1354 794 1444; x_wconf 70' lang='lat' dir='ltr'><strong>habitura,</strong></span> <span class='ocrx_word' id='word_1_108' title='bbox 813 1358 958 1441; x_wconf 86' lang='lat' dir='ltr'><strong>despexit</strong></span> <span class='ocrx_word' id='word_1_109' title='bbox 975 1360 1042 1444; x_wconf 81' lang='lat' dir='ltr'><strong>Age</strong></span> <span class='ocrx_word' id='word_1_110' title='bbox 1059 1371 1133 1423; x_wconf 80' lang='lat' dir='ltr'><strong>vero</strong></span> <span class='ocrx_word' id='word_1_111' title='bbox 1151 1382 1208 1443; x_wconf 89' lang='lat' dir='ltr'><strong>per</strong></span> <span class='ocrx_word' id='word_1_112' title='bbox 1224 1362 1317 1435; x_wconf 81' lang='lat' dir='ltr'><strong>deos,</strong></span> 
     </span>
     <span class='ocr_line' id='line_1_14' title="bbox 20 1437 1318 1531; baseline -0.005 -18"><span class='ocrx_word' id='word_1_113' title='bbox 20 1520 28 1530; x_wconf 77' lang='lat'><em>.</em></span> <span class='ocrx_word' id='word_1_114' title='bbox 67 1448 69 1453; x_wconf 65' lang='grc'>’</span> <span class='ocrx_word' id='word_1_115' title='bbox 141 1437 233 1520; x_wconf 83' lang='lat' dir='ltr'><strong>estne</strong></span> <span class='ocrx_word' id='word_1_116' title='bbox 244 1449 293 1512; x_wconf 68' lang='lat' dir='ltr'><strong>sel</strong></span> <span class='ocrx_word' id='word_1_117' title='bbox 311 1467 431 1531; x_wconf 87' lang='lat' dir='ltr'><strong>praeses</strong></span> <span class='ocrx_word' id='word_1_118' title='bbox 449 1447 568 1528; x_wconf 83' lang='lat' dir='ltr'><strong>aliquis,</strong></span> <span class='ocrx_word' id='word_1_119' title='bbox 587 1447 637 1508; x_wconf 84' lang='lat' dir='ltr'><strong>vel</strong></span> <span class='ocrx_word' id='word_1_120' title='bbox 655 1459 788 1528; x_wconf 86' lang='lat' dir='ltr'><strong>senator,</strong></span> <span class='ocrx_word' id='word_1_121' title='bbox 805 1440 859 1527; x_wconf 90' lang='lat' dir='ltr'><strong>qui</strong></span> <span class='ocrx_word' id='word_1_122' title='bbox 876 1445 1029 1527; x_wconf 75' lang='lat' dir='ltr'><strong>talequid</strong></span> <span class='ocrx_word' id='word_1_123' title='bbox 1045 1467 1181 1527; x_wconf 85' lang='lat' dir='ltr'><strong>unquam</strong></span> <span class='ocrx_word' id='word_1_124' title='bbox 1197 1467 1318 1528; x_wconf 62' lang='lat' dir='ltr'><strong>appa-o:</strong></span> 
     </span>
     <span class='ocr_line' id='line_1_15' title="bbox 47 1530 1314 1616; baseline -0.005 -19"><span class='ocrx_word' id='word_1_125' title='bbox 47 1547 52 1551; x_wconf 84' lang='lat'>&#39;</span> <span class='ocrx_word' id='word_1_126' title='bbox 76 1572 81 1579; x_wconf 75' lang='lat'><em>,</em></span> <span class='ocrx_word' id='word_1_127' title='bbox 140 1535 233 1609; x_wconf 84' lang='lat' dir='ltr'><strong>barit&#39;,</strong></span> <span class='ocrx_word' id='word_1_128' title='bbox 252 1534 352 1615; x_wconf 87' lang='lat' dir='ltr'><strong>qualia</strong></span> <span class='ocrx_word' id='word_1_129' title='bbox 369 1533 402 1594; x_wconf 92' lang='lat' dir='ltr'><strong>in</strong></span> <span class='ocrx_word' id='word_1_130' title='bbox 419 1533 476 1594; x_wconf 85' lang='lat' dir='ltr'><strong>ista</strong></span> <span class='ocrx_word' id='word_1_131' title='bbox 493 1534 562 1616; x_wconf 83' lang='lat' dir='ltr'><strong>lege</strong></span> <span class='ocrx_word' id='word_1_132' title='bbox 581 1530 798 1593; x_wconf 81' lang='lat' dir='ltr'><strong>continentur?</strong></span> <span class='ocrx_word' id='word_1_133' title='bbox 822 1531 889 1614; x_wconf 81' lang='lat' dir='ltr'><strong>Ego</strong></span> <span class='ocrx_word' id='word_1_134' title='bbox 908 1531 1145 1592; x_wconf 87' lang='lat' dir='ltr'><strong>neminemesse</strong></span> <span class='ocrx_word' id='word_1_135' title='bbox 1163 1545 1250 1613; x_wconf 92' lang='lat' dir='ltr'><strong>puto.</strong></span> <span class='ocrx_word' id='word_1_136' title='bbox 1276 1532 1314 1592; x_wconf 91' lang='lat' dir='ltr'><strong>ld</strong></span> 
     </span>
     <span class='ocr_line' id='line_1_16' title="bbox 138 1615 1312 1704; baseline -0.003 -22"><span class='ocrx_word' id='word_1_137' title='bbox 138 1621 236 1704; x_wconf 75' lang='lat' dir='ltr'><strong>igitur</strong></span> <span class='ocrx_word' id='word_1_138' title='bbox 252 1619 410 1699; x_wconf 88' lang='lat' dir='ltr'><strong>quomodo</strong></span> <span class='ocrx_word' id='word_1_139' title='bbox 429 1630 477 1678; x_wconf 86' lang='lat' dir='ltr'><strong>est</strong></span> <span class='ocrx_word' id='word_1_140' title='bbox 492 1617 682 1679; x_wconf 78' lang='lat' dir='ltr'><strong>suffuratus?</strong></span> <span class='ocrx_word' id='word_1_141' title='bbox 712 1616 782 1677; x_wconf 80' lang='lat' dir='ltr'><strong>Suis</strong></span> <span class='ocrx_word' id='word_1_142' title='bbox 799 1616 969 1692; x_wconf 71' lang='lat' dir='ltr'><strong>sceleribus</strong></span> <span class='ocrx_word' id='word_1_143' title='bbox 982 1615 1058 1699; x_wconf 83' lang='lat' dir='ltr'><strong>legis</strong></span> <span class='ocrx_word' id='word_1_144' title='bbox 1076 1637 1190 1679; x_wconf 88' lang='lat' dir='ltr'><strong>nomen</strong></span> <span class='ocrx_word' id='word_1_145' title='bbox 1207 1618 1312 1698; x_wconf 91' lang='lat' dir='ltr'><strong>impo-</strong></span> 
     </span>
     <span class='ocr_line' id='line_1_17' title="bbox 137 1700 1309 1783; baseline -0.003 -16"><span class='ocrx_word' id='word_1_146' title='bbox 137 1705 209 1767; x_wconf 83' lang='lat' dir='ltr'><strong>suit</strong></span> <span class='ocrx_word' id='word_1_147' title='bbox 226 1704 297 1764; x_wconf 90' lang='lat' dir='ltr'><strong>·Nec</strong></span> <span class='ocrx_word' id='word_1_148' title='bbox 314 1701 397 1764; x_wconf 78' lang='lat' dir='ltr'><strong>enim</strong></span> <span class='ocrx_word' id='word_1_149' title='bbox 413 1702 525 1763; x_wconf 85' lang='lat' dir='ltr'><strong>stolide</strong></span> <span class='ocrx_word' id='word_1_150' title='bbox 543 1714 596 1765; x_wconf 89' lang='lat' dir='ltr'><strong>aut</strong></span> <span class='ocrx_word' id='word_1_151' title='bbox 611 1715 744 1777; x_wconf 87' lang='lat' dir='ltr'><strong>temere,</strong></span> <span class='ocrx_word' id='word_1_152' title='bbox 759 1702 814 1773; x_wconf 85' lang='lat' dir='ltr'><strong>sed</strong></span> <span class='ocrx_word' id='word_1_153' title='bbox 832 1700 928 1763; x_wconf 85' lang='lat' dir='ltr'><strong>sobrii</strong></span> <span class='ocrx_word' id='word_1_154' title='bbox 946 1712 978 1781; x_wconf 81' lang='lat' dir='ltr'><strong>&#39;et</strong></span> <span class='ocrx_word' id='word_1_155' title='bbox 994 1702 1205 1783; x_wconf 86' lang='lat' dir='ltr'><strong>praemeditati</strong></span> <span class='ocrx_word' id='word_1_156' title='bbox 1223 1700 1309 1765; x_wconf 84' lang='lat' dir='ltr'><strong>aece-</strong></span> 
     </span>
     <span class='ocr_line' id='line_1_18' title="bbox 140 1786 1310 1870; baseline -0.003 -18"><span class='ocrx_word' id='word_1_157' title='bbox 140 1791 218 1852; x_wconf 89' lang='lat' dir='ltr'><strong>dunt</strong></span> <span class='ocrx_word' id='word_1_158' title='bbox 235 1790 272 1849; x_wconf 90' lang='lat' dir='ltr'><strong>ad</strong></span> <span class='ocrx_word' id='word_1_159' title='bbox 289 1786 541 1853; x_wconf 84' lang='lat' dir='ltr'><strong>vos-laedendos:</strong></span> <span class='ocrx_word' id='word_1_160' title='bbox 558 1800 650 1868; x_wconf 86' lang='lat' dir='ltr'><strong>atque</strong></span> <span class='ocrx_word' id='word_1_161' title='bbox 668 1787 727 1848; x_wconf 89' lang='lat' dir='ltr'><strong>hoc</strong></span> <span class='ocrx_word' id='word_1_162' title='bbox 745 1787 845 1868; x_wconf 88' lang='lat' dir='ltr'><strong>ipsum</strong></span> <span class='ocrx_word' id='word_1_163' title='bbox 863 1799 958 1870; x_wconf 77' lang='lat' dir='ltr'><strong>agurnt</strong></span> <span class='ocrx_word' id='word_1_164' title='bbox 974 1807 1039 1847; x_wconf 91' lang='lat' dir='ltr'><strong>non</strong></span> <span class='ocrx_word' id='word_1_165' title='bbox 1049 1787 1108 1848; x_wconf 88' lang='lat' dir='ltr'><strong>isti</strong></span> <span class='ocrx_word' id='word_1_166' title='bbox 1123 1788 1239 1863; x_wconf 83' lang='lat' dir='ltr'><strong>solum,</strong></span> <span class='ocrx_word' id='word_1_167' title='bbox 1255 1788 1310 1850; x_wconf 86' lang='lat' dir='ltr'><strong>sed</strong></span> 
     </span>
     <span class='ocr_line' id='line_1_19' title="bbox 46 1871 1312 1962; baseline -0.002 -25"><span class='ocrx_word' id='word_1_168' title='bbox 46 1882 49 1887; x_wconf 88' lang='grc'><strong>’</strong></span> <span class='ocrx_word' id='word_1_169' title='bbox 127 1889 172 1947; x_wconf 60' lang='lat' dir='ltr'><strong>,et</strong></span> <span class='ocrx_word' id='word_1_170' title='bbox 187 1873 277 1936; x_wconf 87' lang='lat' dir='ltr'><strong>multi</strong></span> <span class='ocrx_word' id='word_1_171' title='bbox 298 1873 547 1962; x_wconf 57' lang='lat' dir='ltr'><strong>magistratruum,</strong></span> <span class='ocrx_word' id='word_1_172' title='bbox 571 1874 626 1954; x_wconf 88' lang='lat' dir='ltr'><strong>qui</strong></span> <span class='ocrx_word' id='word_1_173' title='bbox 648 1895 730 1948; x_wconf 84' lang='lat' dir='ltr'><strong>mox.</strong></span> <span class='ocrx_word' id='word_1_174' title='bbox 743 1872 806 1936; x_wconf 73' lang='lat' dir='ltr'><strong>buc¹</strong></span> <span class='ocrx_word' id='word_1_175' title='bbox 820 1871 981 1954; x_wconf 47' lang='lat' dir='ltr'><strong>&gt;progressi</strong></span> <span class='ocrx_word' id='word_1_176' title='bbox 1003 1871 1054 1933; x_wconf 92' lang='lat' dir='ltr'><strong>isti</strong></span> <span class='ocrx_word' id='word_1_177' title='bbox 1070 1873 1312 1955; x_wconf 81' lang='lat' dir='ltr'><strong>patrocinabun-</strong></span> 
     </span>
     <span class='ocr_line' id='line_1_20' title="bbox 72 1956 1312 2058; baseline -0.002 -36"><span class='ocrx_word' id='word_1_178' title='bbox 72 1960 75 1965; x_wconf 60' lang='grc'><strong>“</strong></span> <span class='ocrx_word' id='word_1_179' title='bbox 117 1973 207 2035; x_wconf 60' lang='lat' dir='ltr'><strong>..tum</strong></span> <span class='ocrx_word' id='word_1_180' title='bbox 230 1974 311 2033; x_wconf 85' lang='lat' dir='ltr'><strong>non,</strong></span> <span class='ocrx_word' id='word_1_181' title='bbox 335 1959 471 2023; x_wconf 86' lang='lat' dir='ltr'><strong>medius</strong></span> <span class='ocrx_word' id='word_1_182' title='bbox 489 1959 596 2032; x_wconf 84' lang='lat' dir='ltr'><strong>fidius,</strong></span> <span class='ocrx_word' id='word_1_183' title='bbox 614 1971 656 2020; x_wconf 84' lang='lat' dir='ltr'><strong>-ut</strong></span> <span class='ocrx_word' id='word_1_184' title='bbox 672 1957 838 2022; x_wconf 80' lang='lat' dir='ltr'><strong>Timocrati</strong></span> <span class='ocrx_word' id='word_1_185' title='bbox 855 1957 1064 2040; x_wconf 80' lang='lat' dir='ltr'><strong>gratificentur</strong></span> <span class='ocrx_word' id='word_1_186' title='bbox 1079 1957 1156 2058; x_wconf 73' lang='lat' dir='ltr'><strong>(cnr</strong></span> <span class='ocrx_word' id='word_1_187' title='bbox 1173 1956 1312 2040; x_wconf 74' lang='lat' dir='ltr'><strong>enimi),</strong></span> 
     </span>
     <span class='ocr_line' id='line_1_21' title="bbox 49 2042 1311 2126; baseline -0.006 -15"><span class='ocrx_word' id='word_1_188' title='bbox 49 2106 53 2111; x_wconf 91' lang='lat'>.</span> <span class='ocrx_word' id='word_1_189' title='bbox 78 2050 81 2057; x_wconf 72' lang='grc'><em>“</em></span> <span class='ocrx_word' id='word_1_190' title='bbox 139 2046 193 2108; x_wconf 79' lang='lat' dir='ltr'><strong>sed</strong></span> <span class='ocrx_word' id='word_1_191' title='bbox 211 2045 282 2125; x_wconf 86' lang='lat' dir='ltr'><strong>quia</strong></span> <span class='ocrx_word' id='word_1_192' title='bbox 299 2043 511 2125; x_wconf 88' lang='lat' dir='ltr'><strong>unusquisque</strong></span> <span class='ocrx_word' id='word_1_193' title='bbox 529 2045 629 2126; x_wconf 80' lang='lat' dir='ltr'><strong>legem</strong></span> <span class='ocrx_word' id='word_1_194' title='bbox 647 2043 724 2104; x_wconf 87' lang='lat' dir='ltr'><strong>hanc</strong></span> <span class='ocrx_word' id='word_1_195' title='bbox 749 2063 816 2103; x_wconf 89' lang='lat' dir='ltr'><strong>erc</strong></span> <span class='ocrx_word' id='word_1_196' title='bbox 832 2064 888 2104; x_wconf 82' lang='lat' dir='ltr'><strong>sua</strong></span> <span class='ocrx_word' id='word_1_197' title='bbox 907 2063 972 2103; x_wconf 89' lang='lat' dir='ltr'><strong>esse</strong></span> <span class='ocrx_word' id='word_1_198' title='bbox 989 2042 1116 2123; x_wconf 80' lang='lat' dir='ltr'><strong>putabat</strong></span> <span class='ocrx_word' id='word_1_199' title='bbox 1151 2044 1311 2121; x_wconf 83' lang='lat' dir='ltr'><strong>Quemad-</strong></span> 
     </span>
     <span class='ocr_line' id='line_1_22' title="bbox 43 2126 1316 2212; baseline -0.003 -19"><span class='ocrx_word' id='word_1_200' title='bbox 43 2181 46 2193; x_wconf 84' lang='lat'>.</span> <span class='ocrx_word' id='word_1_201' title='bbox 138 2129 266 2191; x_wconf 80' lang='lat' dir='ltr'><strong>modain</strong></span> <span class='ocrx_word' id='word_1_202' title='bbox 288 2127 384 2212; x_wconf 85' lang='lat' dir='ltr'><strong>igitur</strong></span> <span class='ocrx_word' id='word_1_203' title='bbox 405 2128 458 2189; x_wconf 91' lang='lat' dir='ltr'><strong>isti</strong></span> <span class='ocrx_word' id='word_1_204' title='bbox 479 2142 599 2194; x_wconf 87' lang='lat' dir='ltr'><strong>mutuas</strong></span> <span class='ocrx_word' id='word_1_205' title='bbox 618 2129 661 2199; x_wconf 82' lang='lat' dir='ltr'><strong>ad</strong></span> <span class='ocrx_word' id='word_1_206' title='bbox 684 2149 739 2190; x_wconf 87' lang='lat' dir='ltr'><strong>vos</strong></span> <span class='ocrx_word' id='word_1_207' title='bbox 758 2126 955 2208; x_wconf 86' lang='lat' dir='ltr'><strong>decipiendos</strong></span> <span class='ocrx_word' id='word_1_208' title='bbox 972 2129 1098 2192; x_wconf 87' lang='lat' dir='ltr'><strong>tradunt</strong></span> <span class='ocrx_word' id='word_1_209' title='bbox 1114 2150 1247 2210; x_wconf 34' lang='lat' dir='ltr'><strong>operase,</strong></span> <span class='ocrx_word' id='word_1_210' title='bbox 1260 2128 1316 2190; x_wconf 55' lang='lat' dir='ltr'><strong>sic&gt;</strong></span> 
     </span>
     <span class='ocr_line' id='line_1_23' title="bbox 138 2208 1325 2294; baseline -0.002 -19"><span class='ocrx_word' id='word_1_211' title='bbox 138 2227 171 2276; x_wconf 87' lang='lat' dir='ltr'><strong>et</strong></span> <span class='ocrx_word' id='word_1_212' title='bbox 184 2220 248 2276; x_wconf 60' lang='lat' dir='ltr'><strong>&gt;vos</strong></span> <span class='ocrx_word' id='word_1_213' title='bbox 273 2214 310 2279; x_wconf 87' lang='lat' dir='ltr'><strong>ad</strong></span> <span class='ocrx_word' id='word_1_214' title='bbox 329 2214 423 2276; x_wconf 85' lang='lat' dir='ltr'><strong>vestri</strong></span> <span class='ocrx_word' id='word_1_215' title='bbox 440 2213 650 2276; x_wconf 85' lang='lat' dir='ltr'><strong>defensionem</strong></span> <span class='ocrx_word' id='word_1_216' title='bbox 668 2208 841 2294; x_wconf 89' lang='lat' dir='ltr'><strong>conspirare</strong></span> <span class='ocrx_word' id='word_1_217' title='bbox 860 2212 985 2273; x_wconf 90' lang='lat' dir='ltr'><strong>debetis.</strong></span> <span class='ocrx_word' id='word_1_218' title='bbox 1027 2213 1164 2274; x_wconf 85' lang='lat' dir='ltr'><strong>Proinde</strong></span> <span class='ocrx_word' id='word_1_219' title='bbox 1185 2213 1325 2275; x_wconf 81' lang='lat' dir='ltr'><strong>cuidam-</strong></span> 
     </span>
     <span class='ocr_line' id='line_1_24' title="bbox 96 2290 1345 2380; baseline -0.001 -21"><span class='ocrx_word' id='word_1_220' title='bbox 96 2302 98 2309; x_wconf 79' lang='grc'>’</span> <span class='ocrx_word' id='word_1_221' title='bbox 138 2299 358 2380; x_wconf 82' lang='lat' dir='ltr'><strong>interroganti,</strong></span> <span class='ocrx_word' id='word_1_222' title='bbox 383 2298 581 2375; x_wconf 88' lang='lat' dir='ltr'><strong>quamobrem</strong></span> <span class='ocrx_word' id='word_1_223' title='bbox 596 2299 669 2361; x_wconf 90' lang='lat' dir='ltr'><strong>talia</strong></span> <span class='ocrx_word' id='word_1_224' title='bbox 686 2298 820 2363; x_wconf 90' lang='lat' dir='ltr'><strong>scribere</strong></span> <span class='ocrx_word' id='word_1_225' title='bbox 836 2298 1002 2374; x_wconf 83' lang='lat' dir='ltr'><strong>voluisset,</strong></span> <span class='ocrx_word' id='word_1_226' title='bbox 1030 2311 1077 2373; x_wconf 88' lang='lat' dir='ltr'><strong>et,</strong></span> <span class='ocrx_word' id='word_1_227' title='bbox 1104 2290 1312 2380; x_wconf 74' lang='lat' dir='ltr'><strong>periculosam</strong></span> <span class='ocrx_word' id='word_1_228' title='bbox 1341 2344 1345 2349; x_wconf 75' lang='lat'><strong>,</strong></span> 
     </span>
     <span class='ocr_line' id='line_1_25' title="bbox 33 2381 1312 2464; baseline 0.003 -25"><span class='ocrx_word' id='word_1_229' title='bbox 33 2403 68 2420; x_wconf 48' lang='grc' dir='ltr'><strong>ἰ·</strong></span> <span class='ocrx_word' id='word_1_230' title='bbox 134 2383 230 2444; x_wconf 69' lang='grc' dir='ltr'><strong>ΔΙιιιίιιε</strong></span> <span class='ocrx_word' id='word_1_231' title='bbox 247 2381 354 2442; x_wconf 90' lang='lat' dir='ltr'><strong>iudicii</strong></span> <span class='ocrx_word' id='word_1_232' title='bbox 370 2381 466 2442; x_wconf 88' lang='lat' dir='ltr'><strong>aleam</strong></span> <span class='ocrx_word' id='word_1_233' title='bbox 483 2381 543 2442; x_wconf 91' lang='lat' dir='ltr'><strong>sibi</strong></span> <span class='ocrx_word' id='word_1_234' title='bbox 560 2384 673 2455; x_wconf 87' lang='lat' dir='ltr'><strong>videri,</strong></span> <span class='ocrx_word' id='word_1_235' title='bbox 704 2383 954 2449; x_wconf 87' lang='lat' dir='ltr'><strong>commemoranti</strong></span> <span class='ocrx_word' id='word_1_236' title='bbox 970 2384 1157 2464; x_wconf 74' lang='lat' dir='ltr'><strong>respondit,</strong></span> <span class='ocrx_word' id='word_1_237' title='bbox 1177 2384 1312 2445; x_wconf 87' lang='lat' dir='ltr'><strong>delirare</strong></span> 
     </span>
     <span class='ocr_line' id='line_1_26' title="bbox 67 2462 1312 2551; baseline 0.001 -23"><span class='ocrx_word' id='word_1_238' title='bbox 67 2462 90 2485; x_wconf 89' lang='grc'><strong>’“</strong></span> <span class='ocrx_word' id='word_1_239' title='bbox 113 2484 119 2497; x_wconf 79' lang='grc'><strong>’·</strong></span> <span class='ocrx_word' id='word_1_240' title='bbox 139 2488 225 2541; x_wconf 89' lang='lat' dir='ltr'><strong>enm,</strong></span> <span class='ocrx_word' id='word_1_241' title='bbox 250 2465 304 2547; x_wconf 89' lang='lat' dir='ltr'><strong>qui</strong></span> <span class='ocrx_word' id='word_1_242' title='bbox 327 2465 382 2531; x_wconf 82' lang='lat' dir='ltr'><strong>illa</strong></span> <span class='ocrx_word' id='word_1_243' title='bbox 403 2466 532 2531; x_wconf 83' lang='lat' dir='ltr'><strong>diceret:</strong></span> <span class='ocrx_word' id='word_1_244' title='bbox 558 2488 591 2529; x_wconf 86' lang='lat' dir='ltr'><strong>se</strong></span> <span class='ocrx_word' id='word_1_245' title='bbox 615 2465 697 2527; x_wconf 89' lang='lat' dir='ltr'><strong>enim</strong></span> <span class='ocrx_word' id='word_1_246' title='bbox 714 2466 941 2529; x_wconf 84' lang='lat' dir='ltr'><strong>Androtionem</strong></span> <span class='ocrx_word' id='word_1_247' title='bbox 967 2469 1167 2551; x_wconf 77' lang='lat' dir='ltr'><strong>defensorem.</strong></span> <span class='ocrx_word' id='word_1_248' title='bbox 1183 2468 1312 2530; x_wconf 87' lang='lat' dir='ltr'><strong>babitu·</strong></span> 
     </span>
     <span class='ocr_line' id='line_1_27' title="bbox 138 2551 1325 2633; baseline 0 -20"><span class='ocrx_word' id='word_1_249' title='bbox 138 2564 224 2627; x_wconf 80' lang='lat' dir='ltr'><strong>rum&#39;,</strong></span> <span class='ocrx_word' id='word_1_250' title='bbox 249 2565 340 2632; x_wconf 85' lang='lat' dir='ltr'><strong>atque</strong></span> <span class='ocrx_word' id='word_1_251' title='bbox 363 2571 418 2633; x_wconf 90' lang='lat' dir='ltr'><strong>per</strong></span> <span class='ocrx_word' id='word_1_252' title='bbox 441 2551 539 2612; x_wconf 88' lang='lat' dir='ltr'><strong>otium</strong></span> <span class='ocrx_word' id='word_1_253' title='bbox 559 2552 636 2613; x_wconf 86' lang='lat' dir='ltr'><strong>tales</strong></span> <span class='ocrx_word' id='word_1_254' title='bbox 654 2553 808 2619; x_wconf 86' lang='lat' dir='ltr'><strong>orationes</strong></span> <span class='ocrx_word' id='word_1_255' title='bbox 827 2553 965 2621; x_wconf 79' lang='lat' dir='ltr'><strong>evenisse</strong></span> <span class='ocrx_word' id='word_1_256' title='bbox 984 2551 1131 2615; x_wconf 89' lang='lat' dir='ltr'><strong>derebus</strong></span> <span class='ocrx_word' id='word_1_257' title='bbox 1150 2553 1325 2628; x_wconf 82' lang='lat' dir='ltr'><strong>omnibus,-</strong></span> 
     </span>
     <span class='ocr_line' id='line_1_28' title="bbox 91 2635 1310 2726; baseline -0.004 -23"><span class='ocrx_word' id='word_1_258' title='bbox 91 2641 108 2703; x_wconf 71' lang='lat' dir='ltr'><em>f</em></span> <span class='ocrx_word' id='word_1_259' title='bbox 137 2651 174 2699; x_wconf 88' lang='lat' dir='ltr'><strong>ut</strong></span> <span class='ocrx_word' id='word_1_260' title='bbox 190 2635 262 2698; x_wconf 86' lang='lat' dir='ltr'><strong>satis</strong></span> <span class='ocrx_word' id='word_1_261' title='bbox 280 2636 386 2710; x_wconf 83' lang='lat' dir='ltr'><strong>sciret,</strong></span> <span class='ocrx_word' id='word_1_262' title='bbox 411 2635 564 2698; x_wconf 86' lang='lat' dir='ltr'><strong>actionem</strong></span> <span class='ocrx_word' id='word_1_263' title='bbox 582 2637 661 2717; x_wconf 86' lang='lat' dir='ltr'><strong>hanc</strong></span> <span class='ocrx_word' id='word_1_264' title='bbox 684 2637 743 2698; x_wconf 92' lang='lat' dir='ltr'><strong>sibi</strong></span> <span class='ocrx_word' id='word_1_265' title='bbox 763 2636 896 2703; x_wconf 83' lang='lat' dir='ltr'><strong>minime·</strong></span> <span class='ocrx_word' id='word_1_266' title='bbox 907 2637 1006 2698; x_wconf 75' lang='lat' dir='ltr'><strong>scandi</strong></span> <span class='ocrx_word' id='word_1_267' title='bbox 1022 2637 1178 2726; x_wconf 57' lang='lat' dir='ltr'><strong>superam..</strong></span> <span class='ocrx_word' id='word_1_268' title='bbox 1199 2641 1310 2720; x_wconf 88' lang='lat' dir='ltr'><strong>ltaque</strong></span> 
     </span>
     <span class='ocr_line' id='line_1_29' title="bbox 67 2721 1330 2803; baseline 0 -20"><span class='ocrx_word' id='word_1_269' title='bbox 67 2728 69 2735; x_wconf 89' lang='lat'>&#39;</span> <span class='ocrx_word' id='word_1_270' title='bbox 138 2721 269 2784; x_wconf 84' lang='lat' dir='ltr'><strong>mirabar</strong></span> <span class='ocrx_word' id='word_1_271' title='bbox 276 2721 503 2803; x_wconf 82' lang='lat' dir='ltr'><strong>impudentiam</strong></span> <span class='ocrx_word' id='word_1_272' title='bbox 515 2735 581 2784; x_wconf 88' lang='lat' dir='ltr'><strong>tum</strong></span> <span class='ocrx_word' id='word_1_273' title='bbox 594 2722 694 2797; x_wconf 86' lang='lat' dir='ltr'><strong>istius,</strong></span> <span class='ocrx_word' id='word_1_274' title='bbox 710 2736 776 2784; x_wconf 91' lang='lat' dir='ltr'><strong>tum</strong></span> <span class='ocrx_word' id='word_1_275' title='bbox 791 2722 888 2785; x_wconf 86' lang='lat' dir='ltr'><strong>illius:</strong></span> <span class='ocrx_word' id='word_1_276' title='bbox 906 2722 1004 2799; x_wconf 85' lang='lat' dir='ltr'><strong>istius,</strong></span> <span class='ocrx_word' id='word_1_277' title='bbox 1021 2723 1048 2785; x_wconf 88' lang='lat' dir='ltr'><strong>ai</strong></span> <span class='ocrx_word' id='word_1_278' title='bbox 1058 2723 1214 2798; x_wconf 84' lang='lat' dir='ltr'><strong>&#39;advocarit</strong></span> <span class='ocrx_word' id='word_1_279' title='bbox 1226 2745 1310 2800; x_wconf 89' lang='lat' dir='ltr'><strong>enm,</strong></span> <span class='ocrx_word' id='word_1_280' title='bbox 1326 2746 1330 2751; x_wconf 91' lang='lat'><strong>·</strong></span> 
     </span>
     <span class='ocr_line' id='line_1_30' title="bbox 31 2806 1310 2891; baseline 0.001 -23"><span class='ocrx_word' id='word_1_281' title='bbox 31 2862 34 2880; x_wconf 78' lang='grc'>,</span> <span class='ocrx_word' id='word_1_282' title='bbox 136 2807 230 2882; x_wconf 88' lang='lat' dir='ltr'><strong>illius,</strong></span> <span class='ocrx_word' id='word_1_283' title='bbox 246 2806 274 2866; x_wconf 93' lang='lat' dir='ltr'><strong>si</strong></span> <span class='ocrx_word' id='word_1_284' title='bbox 290 2818 415 2867; x_wconf 80' lang='lat' dir='ltr'><strong>vocatus</strong></span> <span class='ocrx_word' id='word_1_285' title='bbox 433 2808 594 2871; x_wconf 86' lang='lat' dir='ltr'><strong>accesserit</strong></span> <span class='ocrx_word' id='word_1_286' title='bbox 606 2807 806 2873; x_wconf 85' lang='lat' dir='ltr'><strong>etdefendet:</strong></span> <span class='ocrx_word' id='word_1_287' title='bbox 825 2830 893 2867; x_wconf 86' lang='lat' dir='ltr'><strong>nam</strong></span> <span class='ocrx_word' id='word_1_288' title='bbox 913 2825 949 2869; x_wconf 83' lang='lat' dir='ltr'><strong>ex·</strong></span> <span class='ocrx_word' id='word_1_289' title='bbox 966 2828 1003 2869; x_wconf 93' lang='lat' dir='ltr'><strong>eo</strong></span> <span class='ocrx_word' id='word_1_290' title='bbox 1022 2807 1121 2891; x_wconf 88' lang='lat' dir='ltr'><strong>palam</strong></span> <span class='ocrx_word' id='word_1_291' title='bbox 1139 2808 1310 2890; x_wconf 81' lang='lat' dir='ltr'><strong>apparebit,</strong></span> 
     </span>
     <span class='ocr_line' id='line_1_31' title="bbox 76 2891 1308 2976; baseline 0.001 -22"><span class='ocrx_word' id='word_1_292' title='bbox 76 2947 81 2976; x_wconf 82' lang='lat'>:</span> <span class='ocrx_word' id='word_1_293' title='bbox 135 2893 239 2976; x_wconf 80' lang='lat' dir='ltr'><strong>legem</strong></span> <span class='ocrx_word' id='word_1_294' title='bbox 260 2891 349 2951; x_wconf 90' lang='lat' dir='ltr'><strong>istam</strong></span> <span class='ocrx_word' id='word_1_295' title='bbox 372 2891 405 2951; x_wconf 90' lang='lat' dir='ltr'><strong>in</strong></span> <span class='ocrx_word' id='word_1_296' title='bbox 431 2891 496 2953; x_wconf 88' lang='lat' dir='ltr'><strong>eius</strong></span> <span class='ocrx_word' id='word_1_297' title='bbox 520 2893 715 2973; x_wconf 83' lang='lat' dir='ltr'><strong>commodum</strong></span> <span class='ocrx_word' id='word_1_298' title='bbox 741 2914 806 2954; x_wconf 89' lang='lat' dir='ltr'><strong>esse</strong></span> <span class='ocrx_word' id='word_1_299' title='bbox 823 2893 927 2967; x_wconf 88' lang='lat' dir='ltr'><strong>latam,</strong></span> <span class='ocrx_word' id='word_1_300' title='bbox 943 2914 1017 2966; x_wconf 79' lang='lat' dir='ltr'><strong>non</strong></span> <span class='ocrx_word' id='word_1_301' title='bbox 1041 2906 1170 2975; x_wconf 88' lang='lat' dir='ltr'><strong>propter</strong></span> <span class='ocrx_word' id='word_1_302' title='bbox 1193 2894 1308 2959; x_wconf 80' lang='lat' dir='ltr'><strong>civinnt</strong></span> 
     </span>
     <span class='ocr_line' id='line_1_32' title="bbox 135 2975 1305 3061; baseline 0.001 -22"><span class='ocrx_word' id='word_1_303' title='bbox 135 2975 393 3041; x_wconf 76' lang='lat' dir='ltr'><strong>communitatem</strong></span> <span class='ocrx_word' id='word_1_304' title='bbox 427 2976 620 3041; x_wconf 88' lang='lat' dir='ltr'><strong>Praestiterit</strong></span> <span class='ocrx_word' id='word_1_305' title='bbox 634 2992 752 3054; x_wconf 81' lang='lat' dir='ltr'><strong>tamen,</strong></span> <span class='ocrx_word' id='word_1_306' title='bbox 777 2998 832 3041; x_wconf 90' lang='lat' dir='ltr'><strong>vos</strong></span> <span class='ocrx_word' id='word_1_307' title='bbox 849 2979 887 3046; x_wconf 86' lang='lat' dir='ltr'><strong>de</strong></span> <span class='ocrx_word' id='word_1_308' title='bbox 906 2977 988 3061; x_wconf 83' lang='lat' dir='ltr'><strong>illins</strong></span> <span class='ocrx_word' id='word_1_309' title='bbox 1005 2978 1079 3049; x_wconf 82' lang='lat' dir='ltr'><strong>actis</strong></span> <span class='ocrx_word' id='word_1_310' title='bbox 1098 2979 1131 3039; x_wconf 94' lang='lat' dir='ltr'><strong>in</strong></span> <span class='ocrx_word' id='word_1_311' title='bbox 1148 2980 1305 3060; x_wconf 76' lang='lat' dir='ltr'><strong>republica</strong></span> 
     </span>
     <span class='ocr_line' id='line_1_33' title="bbox 24 3060 1306 3147; baseline 0.002 -25"><span class='ocrx_word' id='word_1_312' title='bbox 24 3065 27 3070; x_wconf 78' lang='lat'>&#39;</span> <span class='ocrx_word' id='word_1_313' title='bbox 136 3061 436 3144; x_wconf 81' lang='lat' dir='ltr'><strong>quaedam&#39;audisae:</strong></span> <span class='ocrx_word' id='word_1_314' title='bbox 464 3075 496 3124; x_wconf 88' lang='lat' dir='ltr'><strong>et</strong></span> <span class='ocrx_word' id='word_1_315' title='bbox 512 3085 550 3124; x_wconf 84' lang='lat' dir='ltr'><strong>ex</strong></span> <span class='ocrx_word' id='word_1_316' title='bbox 566 3062 625 3124; x_wconf 91' lang='lat' dir='ltr'><strong>illis</strong></span> <span class='ocrx_word' id='word_1_317' title='bbox 645 3085 695 3139; x_wconf 91' lang='lat' dir='ltr'><strong>ea,</strong></span> <span class='ocrx_word' id='word_1_318' title='bbox 721 3084 853 3144; x_wconf 88' lang='lat' dir='ltr'><strong>quorum</strong></span> <span class='ocrx_word' id='word_1_319' title='bbox 877 3064 979 3125; x_wconf 86' lang='lat' dir='ltr'><strong>socius</strong></span> <span class='ocrx_word' id='word_1_320' title='bbox 1003 3064 1061 3126; x_wconf 87' lang='lat' dir='ltr'><strong>iste</strong></span> <span class='ocrx_word' id='word_1_321' title='bbox 1078 3063 1155 3139; x_wconf 91' lang='lat' dir='ltr'><strong>suit,</strong></span> <span class='ocrx_word' id='word_1_322' title='bbox 1179 3060 1306 3147; x_wconf 85' lang='lat' dir='ltr'><strong>propter</strong></span> 
     </span>
     <span class='ocr_line' id='line_1_34' title="bbox 46 3146 1304 3233; baseline -0.001 -23"><span class='ocrx_word' id='word_1_323' title='bbox 46 3177 49 3184; x_wconf 89' lang='grc'><strong><em>·</em></strong></span> <span class='ocrx_word' id='word_1_324' title='bbox 135 3168 213 3230; x_wconf 79' lang='lat' dir='ltr'><strong>qnae</strong></span> <span class='ocrx_word' id='word_1_325' title='bbox 230 3146 289 3208; x_wconf 85' lang='lat' dir='ltr'><strong>iste</strong></span> <span class='ocrx_word' id='word_1_326' title='bbox 301 3168 370 3209; x_wconf 82' lang='lat' dir='ltr'><strong>uon</strong></span> <span class='ocrx_word' id='word_1_327' title='bbox 387 3147 516 3224; x_wconf 89' lang='lat' dir='ltr'><strong>minore,</strong></span> <span class='ocrx_word' id='word_1_328' title='bbox 533 3170 623 3230; x_wconf 88' lang='lat' dir='ltr'><strong>quam</strong></span> <span class='ocrx_word' id='word_1_329' title='bbox 640 3148 703 3223; x_wconf 87' lang='lat' dir='ltr'><strong>illc,</strong></span> <span class='ocrx_word' id='word_1_330' title='bbox 721 3149 794 3211; x_wconf 90' lang='lat' dir='ltr'><strong>odio</strong></span> <span class='ocrx_word' id='word_1_331' title='bbox 812 3150 921 3233; x_wconf 84' lang='lat' dir='ltr'><strong>dignus</strong></span> <span class='ocrx_word' id='word_1_332' title='bbox 941 3162 995 3210; x_wconf 87' lang='lat' dir='ltr'><strong>est</strong></span> <span class='ocrx_word' id='word_1_333' title='bbox 1011 3150 1117 3212; x_wconf 85' lang='lat' dir='ltr'><strong>Dicam</strong></span> <span class='ocrx_word' id='word_1_334' title='bbox 1134 3163 1236 3225; x_wconf 84' lang='lat' dir='ltr'><strong>autem</strong></span> <span class='ocrx_word' id='word_1_335' title='bbox 1254 3149 1304 3210; x_wconf 68' lang='lat' dir='ltr'><strong>ni,-</strong></span> 
     </span>
     <span class='ocr_line' id='line_1_35' title="bbox 132 3232 1303 3315; baseline 0.001 -22"><span class='ocrx_word' id='word_1_336' title='bbox 132 3233 199 3295; x_wconf 87' lang='lat' dir='ltr'><strong>bilo</strong></span> <span class='ocrx_word' id='word_1_337' title='bbox 217 3232 321 3313; x_wconf 88' lang='lat' dir='ltr'><strong>plura,</strong></span> <span class='ocrx_word' id='word_1_338' title='bbox 346 3255 437 3313; x_wconf 88' lang='lat' dir='ltr'><strong>quam</strong></span> <span class='ocrx_word' id='word_1_339' title='bbox 454 3254 509 3294; x_wconf 88' lang='lat' dir='ltr'><strong>vos</strong></span> <span class='ocrx_word' id='word_1_340' title='bbox 526 3233 697 3295; x_wconf 78' lang='lat' dir='ltr'><strong>audivistis:</strong></span> <span class='ocrx_word' id='word_1_341' title='bbox 732 3234 792 3296; x_wconf 91' lang='lat' dir='ltr'><strong>nisi</strong></span> <span class='ocrx_word' id='word_1_342' title='bbox 807 3235 893 3299; x_wconf 73' lang='lat' dir='ltr'><strong>tone</strong></span> <span class='ocrx_word' id='word_1_343' title='bbox 917 3248 1053 3297; x_wconf 87' lang='lat' dir='ltr'><strong>vestrum</strong></span> <span class='ocrx_word' id='word_1_344' title='bbox 1070 3234 1166 3315; x_wconf 88' lang='lat' dir='ltr'><strong>aliqui</strong></span> <span class='ocrx_word' id='word_1_345' title='bbox 1182 3235 1303 3297; x_wconf 88' lang='lat' dir='ltr'><strong>iudiciis</strong></span> 
     </span>
     <span class='ocr_line' id='line_1_36' title="bbox 105 3316 1299 3402; baseline 0.003 -24"><span class='ocrx_word' id='word_1_346' title='bbox 105 3340 109 3359; x_wconf 88' lang='lat'><em>·</em></span> <span class='ocrx_word' id='word_1_347' title='bbox 132 3316 317 3380; x_wconf 83' lang='lat' dir='ltr'><strong>Euctemoni</strong></span> <span class='ocrx_word' id='word_1_348' title='bbox 333 3317 453 3378; x_wconf 84' lang='lat' dir='ltr'><strong>dictatis</strong></span> <span class='ocrx_word' id='word_1_349' title='bbox 469 3338 534 3379; x_wconf 91' lang='lat' dir='ltr'><strong>non</strong></span> <span class='ocrx_word' id='word_1_350' title='bbox 551 3318 763 3383; x_wconf 81' lang='lat' dir='ltr'><strong>interfuerunt</strong></span> <span class='ocrx_word' id='word_1_351' title='bbox 780 3318 829 3379; x_wconf 78' lang='lat' dir='ltr'><strong>Ac</strong></span> <span class='ocrx_word' id='word_1_352' title='bbox 844 3319 993 3402; x_wconf 82' lang='lat' dir='ltr'><strong>primum,</strong></span> <span class='ocrx_word' id='word_1_353' title='bbox 1010 3321 1042 3381; x_wconf 91' lang='lat' dir='ltr'><strong>id</strong></span> <span class='ocrx_word' id='word_1_354' title='bbox 1061 3320 1144 3400; x_wconf 78' lang='lat' dir='ltr'><strong>quod</strong></span> <span class='ocrx_word' id='word_1_355' title='bbox 1162 3321 1189 3381; x_wconf 93' lang='lat' dir='ltr'><strong>ei</strong></span> <span class='ocrx_word' id='word_1_356' title='bbox 1206 3321 1299 3381; x_wconf 78' lang='lat' dir='ltr'><strong>maxi-</strong></span> 
     </span>
     <span class='ocr_line' id='line_1_37' title="bbox 49 3402 1299 3487; baseline 0.001 -23"><span class='ocrx_word' id='word_1_357' title='bbox 49 3478 65 3487; x_wconf 20' lang='lat'>*</span> <span class='ocrx_word' id='word_1_358' title='bbox 101 3432 104 3436; x_wconf 93' lang='lat'>·</span> <span class='ocrx_word' id='word_1_359' title='bbox 133 3418 201 3464; x_wconf 77' lang='lat' dir='ltr'><strong>mos</strong></span> <span class='ocrx_word' id='word_1_360' title='bbox 220 3402 336 3463; x_wconf 85' lang='lat' dir='ltr'><strong>animos</strong></span> <span class='ocrx_word' id='word_1_361' title='bbox 354 3402 443 3478; x_wconf 84' lang='lat' dir='ltr'><strong>facit,</strong></span> <span class='ocrx_word' id='word_1_362' title='bbox 477 3403 542 3465; x_wconf 88' lang='lat' dir='ltr'><strong>eius</strong></span> <span class='ocrx_word' id='word_1_363' title='bbox 559 3404 912 3485; x_wconf 82' lang='lat' dir='ltr'><strong>pecuniae-exactionem</strong></span> <span class='ocrx_word' id='word_1_364' title='bbox 931 3405 1133 3479; x_wconf 80' lang='lat' dir='ltr'><strong>excutiamus,</strong></span> <span class='ocrx_word' id='word_1_365' title='bbox 1166 3420 1299 3486; x_wconf 80' lang='lat' dir='ltr'><strong>qua-vos</strong></span> 
     </span>
     <span class='ocr_line' id='line_1_38' title="bbox 130 3487 1301 3564; baseline 0.001 -16"><span class='ocrx_word' id='word_1_366' title='bbox 130 3507 241 3561; x_wconf 85' lang='lat' dir='ltr'><strong>omnes</strong></span> <span class='ocrx_word' id='word_1_367' title='bbox 267 3508 336 3561; x_wconf 83' lang='lat' dir='ltr'><strong>cum</strong></span> <span class='ocrx_word' id='word_1_368' title='bbox 360 3487 430 3547; x_wconf 87' lang='lat' dir='ltr'><strong>isto·</strong></span> <span class='ocrx_word' id='word_1_369' title='bbox 446 3487 530 3550; x_wconf 92' lang='lat' dir='ltr'><strong>bono</strong></span> <span class='ocrx_word' id='word_1_370' title='bbox 554 3489 620 3550; x_wconf 84' lang='lat' dir='ltr'><strong>viro</strong></span> <span class='ocrx_word' id='word_1_371' title='bbox 645 3489 800 3550; x_wconf 81' lang='lat' dir='ltr'><strong>divexavit</strong></span> <span class='ocrx_word' id='word_1_372' title='bbox 835 3489 913 3553; x_wconf 91' lang='lat' dir='ltr'><strong>Nam</strong></span> <span class='ocrx_word' id='word_1_373' title='bbox 935 3503 1076 3551; x_wconf 88' lang='lat' dir='ltr'><strong>accusato</strong></span> <span class='ocrx_word' id='word_1_374' title='bbox 1099 3488 1301 3564; x_wconf 72' lang='lat' dir='ltr'><strong>Edctem&#39;one,</strong></span> 
     </span>
     <span class='ocr_line' id='line_1_39' title="bbox 55 3569 1301 3656; baseline 0.001 -22"><span class='ocrx_word' id='word_1_375' title='bbox 55 3607 59 3614; x_wconf 87' lang='lat'><strong>·</strong></span> <span class='ocrx_word' id='word_1_376' title='bbox 112 3573 221 3653; x_wconf 53' lang='lat' dir='ltr'><strong>&#39;oaesi</strong></span> <span class='ocrx_word' id='word_1_377' title='bbox 238 3571 263 3632; x_wconf 92' lang='lat' dir='ltr'><strong>is</strong></span> <span class='ocrx_word' id='word_1_378' title='bbox 279 3569 383 3633; x_wconf 77' lang='lat' dir='ltr'><strong>vestra</strong></span> <span class='ocrx_word' id='word_1_379' title='bbox 396 3571 511 3634; x_wconf 86' lang='lat' dir='ltr'><strong>tributa</strong></span> <span class='ocrx_word' id='word_1_380' title='bbox 529 3574 695 3656; x_wconf 87' lang='lat' dir='ltr'><strong>detineret,</strong></span> <span class='ocrx_word' id='word_1_381' title='bbox 713 3588 804 3656; x_wconf 88' lang='lat' dir='ltr'><strong>atque</strong></span> <span class='ocrx_word' id='word_1_382' title='bbox 822 3575 987 3656; x_wconf 83' lang='lat' dir='ltr'><strong>pollicitus,</strong></span> <span class='ocrx_word' id='word_1_383' title='bbox 1005 3597 1037 3641; x_wconf 86' lang='lat' dir='ltr'><strong>se</strong></span> <span class='ocrx_word' id='word_1_384' title='bbox 1055 3576 1087 3635; x_wconf 91' lang='lat' dir='ltr'><strong>id</strong></span> <span class='ocrx_word' id='word_1_385' title='bbox 1106 3588 1301 3636; x_wconf 88' lang='lat' dir='ltr'><strong>ostensurum</strong></span> 
     </span>
     <span class='ocr_line' id='line_1_40' title="bbox 83 3657 1301 3743; baseline 0 -24"><span class='ocrx_word' id='word_1_386' title='bbox 83 3670 107 3693; x_wconf 71' lang='lat'><strong>&#39;⁸‘</strong></span> <span class='ocrx_word' id='word_1_387' title='bbox 123 3657 181 3734; x_wconf 24' lang='lat' dir='ltr'><strong>,vel</strong></span> <span class='ocrx_word' id='word_1_388' title='bbox 200 3658 238 3718; x_wconf 89' lang='lat' dir='ltr'><strong>de</strong></span> <span class='ocrx_word' id='word_1_389' title='bbox 255 3677 312 3718; x_wconf 88' lang='lat' dir='ltr'><strong>suo</strong></span> <span class='ocrx_word' id='word_1_390' title='bbox 331 3657 550 3738; x_wconf 75' lang='lat' dir='ltr'><strong>deprensarum,</strong></span> <span class='ocrx_word' id='word_1_391' title='bbox 568 3659 692 3719; x_wconf 88' lang='lat' dir='ltr'><strong>decreto</strong></span> <span class='ocrx_word' id='word_1_392' title='bbox 710 3661 934 3743; x_wconf 84' lang='lat' dir='ltr'><strong>magistratum,</strong></span> <span class='ocrx_word' id='word_1_393' title='bbox 952 3661 1006 3741; x_wconf 88' lang='lat' dir='ltr'><strong>qui</strong></span> <span class='ocrx_word' id='word_1_394' title='bbox 1023 3672 1107 3729; x_wconf 87' lang='lat' dir='ltr'><strong>sorte</strong></span> <span class='ocrx_word' id='word_1_395' title='bbox 1123 3660 1301 3733; x_wconf 85' lang='lat' dir='ltr'><strong>bbvencrat,</strong></span> 
     </span>
     <span class='ocr_line' id='line_1_41' title="bbox 34 3740 1301 3827; baseline 0.002 -25"><span class='ocrx_word' id='word_1_396' title='bbox 34 3744 37 3749; x_wconf 84' lang='grc'><strong>’</strong></span> <span class='ocrx_word' id='word_1_397' title='bbox 68 3774 71 3779; x_wconf 93' lang='grc'><strong>-</strong></span> <span class='ocrx_word' id='word_1_398' title='bbox 131 3740 300 3825; x_wconf 77' lang='lat' dir='ltr'><strong>abrogavit,</strong></span> <span class='ocrx_word' id='word_1_399' title='bbox 313 3763 370 3823; x_wconf 85' lang='lat' dir='ltr'><strong>per</strong></span> <span class='ocrx_word' id='word_1_400' title='bbox 382 3763 509 3822; x_wconf 84' lang='lat' dir='ltr'><strong>eamque</strong></span> <span class='ocrx_word' id='word_1_401' title='bbox 522 3742 656 3824; x_wconf 88' lang='lat' dir='ltr'><strong>speciem</strong></span> <span class='ocrx_word' id='word_1_402' title='bbox 668 3745 706 3805; x_wconf 90' lang='lat' dir='ltr'><strong>ad</strong></span> <span class='ocrx_word' id='word_1_403' title='bbox 718 3746 907 3813; x_wconf 78' lang='lat' dir='ltr'><strong>exactionem</strong></span> <span class='ocrx_word' id='word_1_404' title='bbox 919 3745 1065 3827; x_wconf 88' lang='lat' dir='ltr'><strong>obrepsit,</strong></span> <span class='ocrx_word' id='word_1_405' title='bbox 1082 3745 1238 3825; x_wconf 86' lang='lat' dir='ltr'><strong>istumque</strong></span> <span class='ocrx_word' id='word_1_406' title='bbox 1248 3744 1301 3805; x_wconf 92' lang='lat' dir='ltr'><strong>de-</strong></span> 
     </span>
     <span class='ocr_line' id='line_1_42' title="bbox 31 3826 1304 3910; baseline 0.004 -24"><span class='ocrx_word' id='word_1_407' title='bbox 31 3862 34 3867; x_wconf 74' lang='lat'><strong>,</strong></span> <span class='ocrx_word' id='word_1_408' title='bbox 130 3826 272 3910; x_wconf 77' lang='lat' dir='ltr'><strong>signavit,</strong></span> <span class='ocrx_word' id='word_1_409' title='bbox 284 3827 422 3908; x_wconf 87' lang='lat' dir='ltr'><strong>corporis</strong></span> <span class='ocrx_word' id='word_1_410' title='bbox 433 3827 639 3891; x_wconf 81' lang='lat' dir='ltr'><strong>infirmitatem</strong></span> <span class='ocrx_word' id='word_1_411' title='bbox 654 3844 805 3897; x_wconf 88' lang='lat' dir='ltr'><strong>causatus:</strong></span> <span class='ocrx_word' id='word_1_412' title='bbox 824 3832 876 3905; x_wconf 83' lang='lat' dir='ltr'><strong>Ut,</strong></span> <span class='ocrx_word' id='word_1_413' title='bbox 892 3831 1003 3910; x_wconf 76' lang='lat' dir='ltr'><strong>inquit,</strong></span> <span class='ocrx_word' id='word_1_414' title='bbox 1017 3831 1050 3891; x_wconf 91' lang='lat' dir='ltr'><strong>in</strong></span> <span class='ocrx_word' id='word_1_415' title='bbox 1064 3830 1304 3897; x_wconf 68' lang='lat' dir='ltr'><strong>administratio,</strong></span> 
     </span>
     <span class='ocr_line' id='line_1_43' title="bbox 55 3911 1302 3995; baseline 0.001 -22"><span class='ocrx_word' id='word_1_416' title='bbox 55 3962 61 3973; x_wconf 76' lang='grc'><em>,</em></span> <span class='ocrx_word' id='word_1_417' title='bbox 95 3923 99 3929; x_wconf 83' lang='grc'><strong>’</strong></span> <span class='ocrx_word' id='word_1_418' title='bbox 132 3932 172 3971; x_wconf 92' lang='lat' dir='ltr'><strong>ne</strong></span> <span class='ocrx_word' id='word_1_419' title='bbox 189 3932 242 3975; x_wconf 74' lang='lat' dir='ltr'><strong>me,</strong></span> <span class='ocrx_word' id='word_1_420' title='bbox 256 3911 381 3987; x_wconf 81' lang='lat' dir='ltr'><strong>adiutct.</strong></span> <span class='ocrx_word' id='word_1_421' title='bbox 415 3911 536 3993; x_wconf 67' lang='lat' dir='ltr'><strong>Habitis</strong></span> <span class='ocrx_word' id='word_1_422' title='bbox 555 3913 664 3995; x_wconf 87' lang='lat' dir='ltr'><strong>deinde</strong></span> <span class='ocrx_word' id='word_1_423' title='bbox 683 3914 782 3976; x_wconf 85' lang='lat' dir='ltr'><strong>hisde</strong></span> <span class='ocrx_word' id='word_1_424' title='bbox 800 3915 891 3977; x_wconf 90' lang='lat' dir='ltr'><strong>rebus</strong></span> <span class='ocrx_word' id='word_1_425' title='bbox 911 3915 1123 3990; x_wconf 89' lang='lat' dir='ltr'><strong>concionibus,</strong></span> <span class='ocrx_word' id='word_1_426' title='bbox 1140 3914 1237 3977; x_wconf 86' lang='lat' dir='ltr'><strong>trium</strong></span> <span class='ocrx_word' id='word_1_427' title='bbox 1253 3935 1302 3974; x_wconf 88' lang='lat' dir='ltr'><strong>re-</strong></span> 
     </span>
     <span class='ocr_line' id='line_1_44' title="bbox 33 3994 1302 4079; baseline 0.002 -22"><span class='ocrx_word' id='word_1_428' title='bbox 33 3994 54 4033; x_wconf 85' lang='lat'><strong>&#39;·</strong></span> <span class='ocrx_word' id='word_1_429' title='bbox 68 4070 72 4075; x_wconf 85' lang='lat'>.</span> <span class='ocrx_word' id='word_1_430' title='bbox 131 4016 201 4073; x_wconf 67' lang='lat' dir='ltr'><strong>rum</strong></span> <span class='ocrx_word' id='word_1_431' title='bbox 210 3996 297 4058; x_wconf 84' lang='lat' dir='ltr'><strong>vobis</strong></span> <span class='ocrx_word' id='word_1_432' title='bbox 308 3996 466 4079; x_wconf 86' lang='lat' dir='ltr'><strong>optionem</strong></span> <span class='ocrx_word' id='word_1_433' title='bbox 476 3997 542 4059; x_wconf 88' lang='lat' dir='ltr'><strong>dari</strong></span> <span class='ocrx_word' id='word_1_434' title='bbox 551 3998 640 4059; x_wconf 82' lang='lat' dir='ltr'><strong>dixit:</strong></span> <span class='ocrx_word' id='word_1_435' title='bbox 658 4012 711 4061; x_wconf 88' lang='lat' dir='ltr'><strong>aut</strong></span> <span class='ocrx_word' id='word_1_436' title='bbox 724 4000 805 4060; x_wconf 90' lang='lat' dir='ltr'><strong>enim</strong></span> <span class='ocrx_word' id='word_1_437' title='bbox 816 4023 898 4062; x_wconf 88' lang='lat' dir='ltr'><strong>sacra</strong></span> <span class='ocrx_word' id='word_1_438' title='bbox 908 4002 976 4062; x_wconf 81' lang='lat' dir='ltr'><strong>vasa</strong></span> <span class='ocrx_word' id='word_1_439' title='bbox 987 4000 1147 4067; x_wconf 83' lang='lat' dir='ltr'><strong>conflanda</strong></span> <span class='ocrx_word' id='word_1_440' title='bbox 1159 4012 1302 4074; x_wconf 85' lang='lat' dir='ltr'><strong>esse,.aut</strong></span> 
     </span>
     <span class='ocr_line' id='line_1_45' title="bbox 93 4079 1300 4168; baseline 0.003 -28"><span class='ocrx_word' id='word_1_441' title='bbox 93 4141 97 4159; x_wconf 64' lang='grc'>,</span> <span class='ocrx_word' id='word_1_442' title='bbox 134 4079 235 4154; x_wconf 81' lang='lat' dir='ltr'><strong>denuo</strong></span> <span class='ocrx_word' id='word_1_443' title='bbox 247 4083 361 4145; x_wconf 84' lang='lat' dir='ltr'><strong>tributa</strong></span> <span class='ocrx_word' id='word_1_444' title='bbox 371 4083 544 4165; x_wconf 85' lang='lat' dir='ltr'><strong>pendenda,</strong></span> <span class='ocrx_word' id='word_1_445' title='bbox 554 4098 609 4145; x_wconf 88' lang='lat' dir='ltr'><strong>aut</strong></span> <span class='ocrx_word' id='word_1_446' title='bbox 619 4105 669 4147; x_wconf 86' lang='lat' dir='ltr'><strong>aes</strong></span> <span class='ocrx_word' id='word_1_447' title='bbox 682 4084 816 4153; x_wconf 86' lang='lat' dir='ltr'><strong>alienum</strong></span> <span class='ocrx_word' id='word_1_448' title='bbox 831 4086 1020 4168; x_wconf 81' lang='lat' dir='ltr'><strong>exigendum.</strong></span> <span class='ocrx_word' id='word_1_449' title='bbox 1040 4082 1119 4147; x_wconf 74' lang='lat' dir='ltr'><strong>Cum</strong></span> <span class='ocrx_word' id='word_1_450' title='bbox 1134 4099 1300 4154; x_wconf 61' lang='lat' dir='ltr'><strong>autemno-</strong></span> 
     </span>
     <span class='ocr_line' id='line_1_46' title="bbox 39 4162 1299 4253; baseline 0.004 -29"><span class='ocrx_word' id='word_1_451' title='bbox 39 4173 42 4182; x_wconf 82' lang='lat'><em>&#39;</em></span> <span class='ocrx_word' id='word_1_452' title='bbox 131 4162 183 4225; x_wconf 86' lang='lat' dir='ltr'><strong>bis</strong></span> <span class='ocrx_word' id='word_1_453' title='bbox 191 4165 362 4245; x_wconf 82' lang='lat' dir='ltr'><strong>placuisset,</strong></span> <span class='ocrx_word' id='word_1_454' title='bbox 378 4168 470 4229; x_wconf 88' lang='lat' dir='ltr'><strong>sicuti</strong></span> <span class='ocrx_word' id='word_1_455' title='bbox 482 4190 537 4250; x_wconf 87' lang='lat' dir='ltr'><strong>par</strong></span> <span class='ocrx_word' id='word_1_456' title='bbox 548 4182 623 4243; x_wconf 61' lang='lat' dir='ltr'><strong>erat</strong></span> <span class='ocrx_word' id='word_1_457' title='bbox 640 4190 690 4230; x_wconf 84' lang='lat' dir='ltr'><strong>aes</strong></span> <span class='ocrx_word' id='word_1_458' title='bbox 702 4169 835 4233; x_wconf 85' lang='lat' dir='ltr'><strong>alienum</strong></span> <span class='ocrx_word' id='word_1_459' title='bbox 852 4171 955 4253; x_wconf 85' lang='lat' dir='ltr'><strong>potius</strong></span> <span class='ocrx_word' id='word_1_460' title='bbox 974 4171 1065 4253; x_wconf 81' lang='lat' dir='ltr'><strong>exigi,</strong></span> <span class='ocrx_word' id='word_1_461' title='bbox 1082 4191 1136 4253; x_wconf 85' lang='lat' dir='ltr'><strong>spe</strong></span> <span class='ocrx_word' id='word_1_462' title='bbox 1155 4191 1210 4232; x_wconf 87' lang='lat' dir='ltr'><strong>vos</strong></span> <span class='ocrx_word' id='word_1_463' title='bbox 1226 4168 1299 4230; x_wconf 90' lang='lat' dir='ltr'><strong>sub-</strong></span> 
     </span>
     <span class='ocr_line' id='line_1_47' title="bbox 124 4248 1300 4338; baseline 0.003 -25"><span class='ocrx_word' id='word_1_464' title='bbox 124 4248 258 4325; x_wconf 65' lang='lat' dir='ltr'><strong>ducens</strong></span> <span class='ocrx_word' id='word_1_465' title='bbox 271 4263 302 4313; x_wconf 86' lang='lat' dir='ltr'><strong>et</strong></span> <span class='ocrx_word' id='word_1_466' title='bbox 325 4253 505 4328; x_wconf 76' lang='lat' dir='ltr'><strong>auctoritate</strong></span> <span class='ocrx_word' id='word_1_467' title='bbox 530 4254 642 4328; x_wconf 80' lang='lat' dir='ltr'><strong>fretus,</strong></span> <span class='ocrx_word' id='word_1_468' title='bbox 667 4274 757 4335; x_wconf 90' lang='lat' dir='ltr'><strong>quam</strong></span> <span class='ocrx_word' id='word_1_469' title='bbox 781 4277 837 4337; x_wconf 87' lang='lat' dir='ltr'><strong>per</strong></span> <span class='ocrx_word' id='word_1_470' title='bbox 859 4255 909 4316; x_wconf 84' lang='lat' dir='ltr'><strong>illa</strong></span> <span class='ocrx_word' id='word_1_471' title='bbox 933 4269 1071 4338; x_wconf 78' lang='lat' dir='ltr'><strong>tempora</strong></span> <span class='ocrx_word' id='word_1_472' title='bbox 1095 4269 1204 4318; x_wconf 85' lang='lat' dir='ltr'><strong>nactus</strong></span> <span class='ocrx_word' id='word_1_473' title='bbox 1227 4267 1300 4328; x_wconf 81' lang='lat' dir='ltr'><strong>erat,</strong></span> 
     </span>
     <span class='ocr_line' id='line_1_48' title="bbox 47 4335 1351 4433; baseline 0.003 -38"><span class='ocrx_word' id='word_1_474' title='bbox 47 4343 109 4405; x_wconf 77' lang='lat'><strong>477</strong></span> <span class='ocrx_word' id='word_1_475' title='bbox 130 4335 266 4415; x_wconf 83' lang='lat' dir='ltr'><strong>receptis</strong></span> <span class='ocrx_word' id='word_1_476' title='bbox 273 4336 398 4420; x_wconf 14' lang='lat' dir='ltr'><strong>*legibus</strong></span> <span class='ocrx_word' id='word_1_477' title='bbox 415 4338 565 4401; x_wconf 84' lang='lat' dir='ltr'><strong>utendum</strong></span> <span class='ocrx_word' id='word_1_478' title='bbox 582 4339 642 4409; x_wconf 83' lang='lat' dir='ltr'><strong>sibi</strong></span> <span class='ocrx_word' id='word_1_479' title='bbox 659 4359 726 4403; x_wconf 84' lang='lat' dir='ltr'><strong>ease</strong></span> <span class='ocrx_word' id='word_1_480' title='bbox 743 4361 808 4407; x_wconf 90' lang='lat' dir='ltr'><strong>non</strong></span> <span class='ocrx_word' id='word_1_481' title='bbox 826 4341 961 4417; x_wconf 85' lang='lat' dir='ltr'><strong>censuit,</strong></span> <span class='ocrx_word' id='word_1_482' title='bbox 978 4354 1045 4416; x_wconf 83' lang='lat' dir='ltr'><strong>aut,</strong></span> <span class='ocrx_word' id='word_1_483' title='bbox 1063 4339 1091 4403; x_wconf 88' lang='lat' dir='ltr'><strong>si</strong></span> <span class='ocrx_word' id='word_1_484' title='bbox 1109 4340 1243 4433; x_wconf 74' lang='lat' dir='ltr'><strong>‹puidin-</strong></span> <span class='ocrx_word' id='word_1_485' title='bbox 1254 4341 1300 4401; x_wconf 81' lang='lat' dir='ltr'><strong>lis</strong></span> <span class='ocrx_word' id='word_1_486' title='bbox 1345 4384 1351 4399; x_wconf 69' lang='grc'>,</span> 
     </span>
     <span class='ocr_line' id='line_1_49' title="bbox 20 4419 1301 4523; baseline -0.002 -34"><span class='ocrx_word' id='word_1_487' title='bbox 20 4474 26 4505; x_wconf 81' lang='lat'><strong>,</strong></span> <span class='ocrx_word' id='word_1_488' title='bbox 131 4419 372 4517; x_wconf 68' lang='lat' dir='ltr'><strong>desideraretur,</strong></span> <span class='ocrx_word' id='word_1_489' title='bbox 387 4423 461 4493; x_wconf 78' lang='lat' dir='ltr'><strong>altas</strong></span> <span class='ocrx_word' id='word_1_490' title='bbox 476 4425 644 4523; x_wconf 73' lang='lat' dir='ltr'><strong>rogandos:¹</strong></span> <span class='ocrx_word' id='word_1_491' title='bbox 670 4428 724 4490; x_wconf 80' lang='lat' dir='ltr'><strong>sed</strong></span> <span class='ocrx_word' id='word_1_492' title='bbox 741 4428 822 4510; x_wconf 84' lang='lat' dir='ltr'><strong>apud</strong></span> <span class='ocrx_word' id='word_1_493' title='bbox 839 4447 894 4492; x_wconf 85' lang='lat' dir='ltr'><strong>vos</strong></span> <span class='ocrx_word' id='word_1_494' title='bbox 912 4425 1254 4505; x_wconf 34' lang='lat' dir='ltr'><strong>decretafedttaeerba</strong></span> <span class='ocrx_word' id='word_1_495' title='bbox 1265 4438 1301 4491; x_wconf 80' lang='lat' dir='ltr'><strong>:at</strong></span> 
     </span>
    </p>
   </div>
   <div class='ocr_carea' id='block_1_3' title="bbox 0 0 1366 4754">
    <p class='ocr_par' dir='ltr' id='par_1_3' title="bbox 0 0 1366 4754">
     <span class='ocr_line' id='line_1_50' title="bbox 0 0 1366 4754; baseline 0 2"><span class='ocrx_word' id='word_1_496' title='bbox 0 0 1366 4754; x_wconf 95' lang='lat' dir='ltr'><strong> </strong></span> 
     </span>
    </p>
   </div>
  </div>
 </body>
</html>
