<?xml version="1.0" encoding="UTF-8"?>
<!DOCTYPE html PUBLIC "-//W3C//DTD XHTML 1.0 Transitional//EN"
    "http://www.w3.org/TR/xhtml1/DTD/xhtml1-transitional.dtd">
<html xmlns="http://www.w3.org/1999/xhtml" xml:lang="en" lang="en">
 <head>
  <title>
</title>
<meta http-equiv="Content-Type" content="text/html;charset=utf-8" />
  <meta name='ocr-system' content='tesseract 3.04.00' />
  <meta name='ocr-capabilities' content='ocr_page ocr_carea ocr_par ocr_line ocrx_word'/>
</head>
<body>
  <div class='ocr_page' id='page_1' title='image "./demosthenisquae04schgoog_0337.png"; bbox 0 0 2722 4754; ppageno 0'>
   <div class='ocr_carea' id='block_1_1' title="bbox 116 128 995 244">
    <p class='ocr_par' dir='ltr' id='par_1_1' title="bbox 116 128 995 244">
     <span class='ocr_line' id='line_1_1' title="bbox 116 128 995 244; baseline -0.001 -8"><span class='ocrx_word' id='word_1_1' title='bbox 116 181 185 244; x_wconf 75' lang='lat' dir='ltr'><strong>aas</strong></span> <span class='ocrx_word' id='word_1_2' title='bbox 406 128 763 239; x_wconf 80' lang='lat' dir='ltr'><strong>ornosrnnnrs</strong></span> <span class='ocrx_word' id='word_1_3' title='bbox 805 140 995 238; x_wconf 69' lang='lat' dir='ltr'><strong>on&#39;a‘rro</strong></span> 
     </span>
    </p>
   </div>
   <div class='ocr_carea' id='block_1_2' title="bbox 105 298 1293 415">
    <p class='ocr_par' dir='ltr' id='par_1_2' title="bbox 105 298 1293 415">
     <span class='ocr_line' id='line_1_2' title="bbox 105 298 1293 415; baseline -0.008 -25"><span class='ocrx_word' id='word_1_4' title='bbox 105 338 169 415; x_wconf 74' lang='lat' dir='ltr'><strong>¹aut</strong></span> <span class='ocrx_word' id='word_1_5' title='bbox 184 325 240 387; x_wconf 86' lang='lat' dir='ltr'><strong>uhr</strong></span> <span class='ocrx_word' id='word_1_6' title='bbox 257 340 430 410; x_wconf 75' lang='lat' dir='ltr'><strong>scripserit,</strong></span> <span class='ocrx_word' id='word_1_7' title='bbox 447 349 474 389; x_wconf 76' lang='grc' dir='ltr'><strong>ιι</strong></span> <span class='ocrx_word' id='word_1_8' title='bbox 491 350 559 409; x_wconf 75' lang='lat' dir='ltr'><strong>quis</strong></span> <span class='ocrx_word' id='word_1_9' title='bbox 577 329 677 392; x_wconf 89' lang='lat' dir='ltr'><strong>caedis</strong></span> <span class='ocrx_word' id='word_1_10' title='bbox 694 327 851 397; x_wconf 81' lang='lat' dir='ltr'><strong>convictus</strong></span> <span class='ocrx_word' id='word_1_11' title='bbox 869 326 982 403; x_wconf 79' lang='lat' dir='ltr'><strong>suerit,</strong></span> <span class='ocrx_word' id='word_1_12' title='bbox 999 298 1036 387; x_wconf 83' lang='lat' dir='ltr'><strong>ut</strong></span> <span class='ocrx_word' id='word_1_13' title='bbox 1052 325 1091 385; x_wconf 92' lang='lat' dir='ltr'><strong>de</strong></span> <span class='ocrx_word' id='word_1_14' title='bbox 1109 341 1149 384; x_wconf 88' lang='lat' dir='ltr'><strong>eo</strong></span> <span class='ocrx_word' id='word_1_15' title='bbox 1166 310 1293 405; x_wconf 70' lang='lat' dir='ltr'><strong>poene&#39;e</strong></span> 
     </span>
    </p>
   </div>
   <div class='ocr_carea' id='block_1_3' title="bbox 60 409 1293 489">
    <p class='ocr_par' dir='ltr' id='par_1_3' title="bbox 60 409 1293 489">
     <span class='ocr_line' id='line_1_3' title="bbox 60 409 1293 489; baseline -0.003 -15"><span class='ocrx_word' id='word_1_16' title='bbox 60 450 62 455; x_wconf 68' lang='lat'><strong>,</strong></span> <span class='ocrx_word' id='word_1_17' title='bbox 116 413 293 475; x_wconf 78' lang='lat' dir='ltr'><strong>sumantur?</strong></span> <span class='ocrx_word' id='word_1_18' title='bbox 326 413 402 474; x_wconf 88' lang='lat' dir='ltr'><strong>Nanr</strong></span> <span class='ocrx_word' id='word_1_19' title='bbox 427 413 454 473; x_wconf 89' lang='lat' dir='ltr'><strong>si</strong></span> <span class='ocrx_word' id='word_1_20' title='bbox 477 427 530 476; x_wconf 92' lang='lat' dir='ltr'><strong>aut</strong></span> <span class='ocrx_word' id='word_1_21' title='bbox 551 415 664 476; x_wconf 86' lang='lat' dir='ltr'><strong>alicubi</strong></span> <span class='ocrx_word' id='word_1_22' title='bbox 685 414 758 476; x_wconf 89' lang='lat' dir='ltr'><strong>alibi</strong></span> <span class='ocrx_word' id='word_1_23' title='bbox 781 414 955 475; x_wconf 88' lang='lat' dir='ltr'><strong>damnatum</strong></span> <span class='ocrx_word' id='word_1_24' title='bbox 980 425 1012 472; x_wconf 91' lang='lat' dir='ltr'><strong>et</strong></span> <span class='ocrx_word' id='word_1_25' title='bbox 1034 409 1216 485; x_wconf 77' lang='lat' dir='ltr'><strong>convictum</strong></span> <span class='ocrx_word' id='word_1_26' title='bbox 1231 428 1293 489; x_wconf 78' lang='lat' dir='ltr'><strong>prr-¹</strong></span> 
     </span>
    </p>
   </div>
   <div class='ocr_carea' id='block_1_4' title="bbox 34 1865 94 1927">
    <p class='ocr_par' dir='ltr' id='par_1_4' title="bbox 34 1865 94 1927">
     <span class='ocr_line' id='line_1_4' title="bbox 34 1865 94 1927; baseline 0.067 -4"><span class='ocrx_word' id='word_1_27' title='bbox 34 1865 94 1927; x_wconf 79' lang='lat'><strong>441</strong></span> 
     </span>
    </p>
   </div>
   <div class='ocr_carea' id='block_1_5' title="bbox 115 496 1317 915">
    <p class='ocr_par' dir='ltr' id='par_1_5' title="bbox 115 496 1317 915">
     <span class='ocr_line' id='line_1_5' title="bbox 115 496 1296 582; baseline -0.005 -23"><span class='ocrx_word' id='word_1_28' title='bbox 115 497 263 559; x_wconf 89' lang='lat' dir='ltr'><strong>niendum</strong></span> <span class='ocrx_word' id='word_1_29' title='bbox 289 517 354 558; x_wconf 87' lang='lat' dir='ltr'><strong>csse</strong></span> <span class='ocrx_word' id='word_1_30' title='bbox 378 498 516 580; x_wconf 74' lang='lat' dir='ltr'><strong>scripsit,</strong></span> <span class='ocrx_word' id='word_1_31' title='bbox 533 514 593 569; x_wconf 50' lang='lat' dir='ltr'><strong>¹aut</strong></span> <span class='ocrx_word' id='word_1_32' title='bbox 617 501 682 582; x_wconf 88' lang='lat' dir='ltr'><strong>ipse</strong></span> <span class='ocrx_word' id='word_1_33' title='bbox 707 499 902 561; x_wconf 90' lang='lat' dir='ltr'><strong>iudicandum</strong></span> <span class='ocrx_word' id='word_1_34' title='bbox 927 519 993 559; x_wconf 88' lang='lat' dir='ltr'><strong>esse</strong></span> <span class='ocrx_word' id='word_1_35' title='bbox 1018 496 1163 577; x_wconf 78' lang='lat' dir='ltr'><strong>scripsit,</strong></span> <span class='ocrx_word' id='word_1_36' title='bbox 1181 504 1296 555; x_wconf 72' lang='lat' dir='ltr'><strong>nmen</strong></span> 
     </span>
     <span class='ocr_line' id='line_1_6' title="bbox 116 576 1295 660; baseline -0.005 -16"><span class='ocrx_word' id='word_1_37' title='bbox 116 602 186 649; x_wconf 87' lang='lat' dir='ltr'><strong>rens</strong></span> <span class='ocrx_word' id='word_1_38' title='bbox 205 582 327 643; x_wconf 82' lang='lat' dir='ltr'><strong>caedem</strong></span> <span class='ocrx_word' id='word_1_39' title='bbox 345 583 468 660; x_wconf 76' lang='lat' dir='ltr'><strong>iecerit,</strong></span> <span class='ocrx_word' id='word_1_40' title='bbox 485 605 543 646; x_wconf 89' lang='lat' dir='ltr'><strong>nec</strong></span> <span class='ocrx_word' id='word_1_41' title='bbox 561 606 614 660; x_wconf 86' lang='lat' dir='ltr'><strong>ne,</strong></span> <span class='ocrx_word' id='word_1_42' title='bbox 632 586 723 659; x_wconf 83' lang='lat' dir='ltr'><strong>item,</strong></span> <span class='ocrx_word' id='word_1_43' title='bbox 740 584 847 646; x_wconf 88' lang='lat' dir='ltr'><strong>iurene</strong></span> <span class='ocrx_word' id='word_1_44' title='bbox 865 607 903 645; x_wconf 89' lang='lat' dir='ltr'><strong>an</strong></span> <span class='ocrx_word' id='word_1_45' title='bbox 920 582 1031 644; x_wconf 87' lang='lat' dir='ltr'><strong>iniuria</strong></span> <span class='ocrx_word' id='word_1_46' title='bbox 1050 580 1217 642; x_wconf 77' lang='lat' dir='ltr'><strong>occideritr</strong></span> <span class='ocrx_word' id='word_1_47' title='bbox 1240 576 1295 639; x_wconf 85' lang='lat' dir='ltr'><strong>ni-</strong></span> 
     </span>
     <span class='ocr_line' id='line_1_7' title="bbox 116 663 1296 747; baseline -0.004 -18"><span class='ocrx_word' id='word_1_48' title='bbox 116 668 161 729; x_wconf 86' lang='lat' dir='ltr'><strong>hil</strong></span> <span class='ocrx_word' id='word_1_49' title='bbox 179 667 315 747; x_wconf 76' lang='lat' dir='ltr'><strong>deliquit</strong></span> <span class='ocrx_word' id='word_1_50' title='bbox 350 669 483 744; x_wconf 76' lang='lat' dir='ltr'><strong>sivero,</strong></span> <span class='ocrx_word' id='word_1_51' title='bbox 500 670 634 731; x_wconf 86' lang='lat' dir='ltr'><strong>criminis</strong></span> <span class='ocrx_word' id='word_1_52' title='bbox 653 672 797 731; x_wconf 73' lang='lat' dir='ltr'><strong>duntaxat</strong></span> <span class='ocrx_word' id='word_1_53' title='bbox 813 669 970 743; x_wconf 85' lang='lat' dir='ltr'><strong>mentione</strong></span> <span class='ocrx_word' id='word_1_54' title='bbox 987 669 1074 741; x_wconf 84' lang='lat' dir='ltr'><strong>facta,</strong></span> <span class='ocrx_word' id='word_1_55' title='bbox 1092 663 1217 747; x_wconf 85' lang='lat' dir='ltr'><strong>Siquis</strong></span> <span class='ocrx_word' id='word_1_56' title='bbox 1230 680 1296 725; x_wconf 79' lang='lat' dir='ltr'><strong>&#39;oc-</strong></span> 
     </span>
     <span class='ocr_line' id='line_1_8' title="bbox 117 748 1297 836; baseline -0.005 -21"><span class='ocrx_word' id='word_1_57' title='bbox 117 753 236 827; x_wconf 84' lang='lat' dir='ltr'><strong>ciderit,</strong></span> <span class='ocrx_word' id='word_1_58' title='bbox 253 752 413 835; x_wconf 85' lang='lat' dir='ltr'><strong>inquiens,</strong></span> <span class='ocrx_word' id='word_1_59' title='bbox 431 756 596 836; x_wconf 87' lang='lat' dir='ltr'><strong>praeterito</strong></span> <span class='ocrx_word' id='word_1_60' title='bbox 613 756 674 817; x_wconf 87' lang='lat' dir='ltr'><strong>hoc</strong></span> <span class='ocrx_word' id='word_1_61' title='bbox 690 754 747 814; x_wconf 74' lang='lat' dir='ltr'><strong>«Si</strong></span> <span class='ocrx_word' id='word_1_62' title='bbox 766 754 864 815; x_wconf 85' lang='lat' dir='ltr'><strong>caedis</strong></span> <span class='ocrx_word' id='word_1_63' title='bbox 883 752 1039 816; x_wconf 79' lang='lat' dir='ltr'><strong>cohvictus</strong></span> <span class='ocrx_word' id='word_1_64' title='bbox 1056 751 1198 824; x_wconf 75' lang='lat' dir='ltr'><strong>suerit»,</strong></span> <span class='ocrx_word' id='word_1_65' title='bbox 1215 748 1297 810; x_wconf 85' lang='lat' dir='ltr'><strong>item</strong></span> 
     </span>
     <span class='ocr_line' id='line_1_9' title="bbox 117 832 1317 915; baseline -0.002 -18"><span class='ocrx_word' id='word_1_66' title='bbox 117 837 172 898; x_wconf 85' lang='lat' dir='ltr'><strong>iilo</strong></span> <span class='ocrx_word' id='word_1_67' title='bbox 187 850 213 892; x_wconf 76' lang='grc' dir='ltr'><strong>ἰι</strong></span> <span class='ocrx_word' id='word_1_68' title='bbox 220 838 254 897; x_wconf 86' lang='lat' dir='ltr'><strong>Si</strong></span> <span class='ocrx_word' id='word_1_69' title='bbox 272 839 419 901; x_wconf 89' lang='lat' dir='ltr'><strong>occidisse</strong></span> <span class='ocrx_word' id='word_1_70' title='bbox 436 841 627 915; x_wconf 81' lang='lat' dir='ltr'><strong>videbitur»,</strong></span> <span class='ocrx_word' id='word_1_71' title='bbox 652 862 710 901; x_wconf 89' lang='lat' dir='ltr'><strong>uec</strong></span> <span class='ocrx_word' id='word_1_72' title='bbox 726 838 827 900; x_wconf 87' lang='lat' dir='ltr'><strong>minus</strong></span> <span class='ocrx_word' id='word_1_73' title='bbox 844 840 900 899; x_wconf 90' lang='lat' dir='ltr'><strong>illo</strong></span> <span class='ocrx_word' id='word_1_74' title='bbox 926 841 1065 900; x_wconf 87' lang='lat' dir='ltr'><strong>«Poenas</strong></span> <span class='ocrx_word' id='word_1_75' title='bbox 1085 839 1138 898; x_wconf 88' lang='lat' dir='ltr'><strong>det</strong></span> <span class='ocrx_word' id='word_1_76' title='bbox 1155 832 1317 897; x_wconf 81' lang='lat' dir='ltr'><strong>heroici--</strong></span> 
     </span>
    </p>
   </div>
   <div class='ocr_carea' id='block_1_6' title="bbox 27 920 1298 1006">
    <p class='ocr_par' dir='ltr' id='par_1_6' title="bbox 27 920 1298 1006">
     <span class='ocr_line' id='line_1_10' title="bbox 27 920 1298 1006; baseline -0.006 -19"><span class='ocrx_word' id='word_1_77' title='bbox 27 982 30 987; x_wconf 86' lang='lat'><em>.</em></span> <span class='ocrx_word' id='word_1_78' title='bbox 117 923 203 1003; x_wconf 80' lang='lat' dir='ltr'><strong>dii»,</strong></span> <span class='ocrx_word' id='word_1_79' title='bbox 227 924 301 984; x_wconf 87' lang='lat' dir='ltr'><strong>item</strong></span> <span class='ocrx_word' id='word_1_80' title='bbox 324 926 430 985; x_wconf 87' lang='lat' dir='ltr'><strong>«ldem</strong></span> <span class='ocrx_word' id='word_1_81' title='bbox 456 927 493 985; x_wconf 90' lang='lat' dir='ltr'><strong>de</strong></span> <span class='ocrx_word' id='word_1_82' title='bbox 517 946 555 986; x_wconf 90' lang='lat' dir='ltr'><strong>eo</strong></span> <span class='ocrx_word' id='word_1_83' title='bbox 573 925 755 1006; x_wconf 89' lang='lat' dir='ltr'><strong>supplicium</strong></span> <span class='ocrx_word' id='word_1_84' title='bbox 781 938 933 1000; x_wconf 81' lang='lat' dir='ltr'><strong>sumatur,</strong></span> <span class='ocrx_word' id='word_1_85' title='bbox 956 946 990 986; x_wconf 89' lang='lat' dir='ltr'><strong>ac</strong></span> <span class='ocrx_word' id='word_1_86' title='bbox 1013 925 1039 984; x_wconf 89' lang='lat' dir='ltr'><strong>si</strong></span> <span class='ocrx_word' id='word_1_87' title='bbox 1063 920 1298 984; x_wconf 73' lang='lat' dir='ltr'><strong>Atheniensem</strong></span> 
     </span>
    </p>
   </div>
   <div class='ocr_carea' id='block_1_7' title="bbox 116 1005 1297 1183">
    <p class='ocr_par' dir='ltr' id='par_1_7' title="bbox 116 1005 1297 1183">
     <span class='ocr_line' id='line_1_11' title="bbox 117 1005 1297 1092; baseline -0.006 -19"><span class='ocrx_word' id='word_1_88' title='bbox 117 1008 320 1073; x_wconf 65' lang='lat' dir='ltr'><strong>occidissem:</strong></span> <span class='ocrx_word' id='word_1_89' title='bbox 348 1011 375 1071; x_wconf 91' lang='lat' dir='ltr'><strong>si</strong></span> <span class='ocrx_word' id='word_1_90' title='bbox 393 1011 544 1091; x_wconf 85' lang='lat' dir='ltr'><strong>denique,</strong></span> <span class='ocrx_word' id='word_1_91' title='bbox 571 1010 697 1072; x_wconf 87' lang='lat' dir='ltr'><strong>omnino</strong></span> <span class='ocrx_word' id='word_1_92' title='bbox 715 1005 782 1070; x_wconf 89' lang='lat' dir='ltr'><strong>iure</strong></span> <span class='ocrx_word' id='word_1_93' title='bbox 801 1011 885 1071; x_wconf 85' lang='lat' dir='ltr'><strong>otnni</strong></span> <span class='ocrx_word' id='word_1_94' title='bbox 902 1009 1066 1092; x_wconf 86' lang='lat' dir='ltr'><strong>praeterito</strong></span> <span class='ocrx_word' id='word_1_95' title='bbox 1086 1019 1118 1070; x_wconf 90' lang='lat' dir='ltr'><strong>et</strong></span> <span class='ocrx_word' id='word_1_96' title='bbox 1134 1005 1297 1090; x_wconf 73' lang='lat' dir='ltr'><strong>neglecto,</strong></span> 
     </span>
     <span class='ocr_line' id='line_1_12' title="bbox 116 1089 1296 1183; baseline -0.003 -28"><span class='ocrx_word' id='word_1_97' title='bbox 116 1093 227 1155; x_wconf 78' lang='lat' dir='ltr'><strong>abduci</strong></span> <span class='ocrx_word' id='word_1_98' title='bbox 242 1095 335 1156; x_wconf 86' lang='lat' dir='ltr'><strong>licere</strong></span> <span class='ocrx_word' id='word_1_99' title='bbox 352 1095 487 1178; x_wconf 82' lang='lat' dir='ltr'><strong>scripsit:</strong></span> <span class='ocrx_word' id='word_1_100' title='bbox 502 1116 541 1156; x_wconf 86' lang='lat' dir='ltr'><strong>ne</strong></span> <span class='ocrx_word' id='word_1_101' title='bbox 554 1095 758 1178; x_wconf 83' lang='lat' dir='ltr'><strong>decipiamini,</strong></span> <span class='ocrx_word' id='word_1_102' title='bbox 773 1097 826 1156; x_wconf 88' lang='lat' dir='ltr'><strong>sed</strong></span> <span class='ocrx_word' id='word_1_103' title='bbox 841 1096 922 1156; x_wconf 91' lang='lat' dir='ltr'><strong>haud</strong></span> <span class='ocrx_word' id='word_1_104' title='bbox 938 1095 1031 1157; x_wconf 90' lang='lat' dir='ltr'><strong>dubie</strong></span> <span class='ocrx_word' id='word_1_105' title='bbox 1041 1092 1189 1183; x_wconf 65' lang='lat' dir='ltr'><strong>teneatis,</strong></span> <span class='ocrx_word' id='word_1_106' title='bbox 1201 1089 1296 1155; x_wconf 79' lang='lat' dir='ltr'><strong>utto</strong></span> 
     </span>
    </p>
   </div>
   <div class='ocr_carea' id='block_1_8' title="bbox 97 1179 1043 1279">
    <p class='ocr_par' dir='ltr' id='par_1_8' title="bbox 97 1179 1043 1279">
     <span class='ocr_line' id='line_1_13' title="bbox 97 1179 1043 1279; baseline 0.003 -39"><span class='ocrx_word' id='word_1_107' title='bbox 97 1180 252 1262; x_wconf 74' lang='lat' dir='ltr'><strong>unquam</strong></span> <span class='ocrx_word' id='word_1_108' title='bbox 270 1180 394 1244; x_wconf 84' lang='lat' dir='ltr'><strong>decreto</strong></span> <span class='ocrx_word' id='word_1_109' title='bbox 411 1182 496 1267; x_wconf 85' lang='lat' dir='ltr'><strong>leges</strong></span> <span class='ocrx_word' id='word_1_110' title='bbox 512 1202 610 1265; x_wconf 78' lang='lat' dir='ltr'><strong>usque</strong></span> <span class='ocrx_word' id='word_1_111' title='bbox 629 1182 706 1242; x_wconf 90' lang='lat' dir='ltr'><strong>adeo</strong></span> <span class='ocrx_word' id='word_1_112' title='bbox 723 1179 818 1243; x_wconf 84' lang='lat' dir='ltr'><strong>fuisse</strong></span> <span class='ocrx_word' id='word_1_113' title='bbox 834 1181 968 1244; x_wconf 80' lang='lat' dir='ltr'><strong>violatas.</strong></span> <span class='ocrx_word' id='word_1_114' title='bbox 1040 1266 1043 1279; x_wconf 35' lang='grc' dir='ltr'>Ι</span> 
     </span>
    </p>
   </div>
   <div class='ocr_carea' id='block_1_9' title="bbox 116 1470 1247 1655">
    <p class='ocr_par' dir='ltr' id='par_1_9' title="bbox 116 1470 1247 1655">
     <span class='ocr_line' id='line_1_14' title="bbox 116 1470 1247 1655; baseline 0.002 -46"><span class='ocrx_word' id='word_1_115' title='bbox 116 1492 771 1653; x_wconf 20' lang='grc' dir='ltr'><strong>Ῐοιιιιιοιιιιιιιυε</strong></span> <span class='ocrx_word' id='word_1_116' title='bbox 815 1470 1247 1655; x_wconf 52' lang='grc' dir='ltr'><strong>ιιιιοοιιιιίιι</strong></span> 
     </span>
    </p>
   </div>
   <div class='ocr_carea' id='block_1_10' title="bbox 398 1860 1267 1944">
    <p class='ocr_par' dir='ltr' id='par_1_10' title="bbox 398 1860 1267 1944">
     <span class='ocr_line' id='line_1_15' title="bbox 398 1860 1267 1944; baseline 0.003 -23"><span class='ocrx_word' id='word_1_117' title='bbox 398 1860 596 1944; x_wconf 76' lang='lat' dir='ltr'><strong>urrann</strong></span> <span class='ocrx_word' id='word_1_118' title='bbox 630 1860 1005 1929; x_wconf 69' lang='lat' dir='ltr'><strong>arcontocoru.</strong></span> <span class='ocrx_word' id='word_1_119' title='bbox 1151 1865 1182 1897; x_wconf 69' lang='lat'><strong>·‘</strong></span> <span class='ocrx_word' id='word_1_120' title='bbox 1263 1880 1267 1887; x_wconf 94' lang='lat'>·</span> 
     </span>
    </p>
   </div>
   <div class='ocr_carea' id='block_1_11' title="bbox 117 1958 1293 2160">
    <p class='ocr_par' dir='ltr' id='par_1_11' title="bbox 117 1958 1295 2160">
     <span class='ocr_line' id='line_1_16' title="bbox 117 1958 1293 2075; baseline 0.001 -25"><span class='ocrx_word' id='word_1_121' title='bbox 117 1958 305 2067; x_wconf 78' lang='lat' dir='ltr'><strong>Diodorus,</strong></span> <span class='ocrx_word' id='word_1_122' title='bbox 330 1986 420 2050; x_wconf 86' lang='lat' dir='ltr'><strong>etiarn</strong></span> <span class='ocrx_word' id='word_1_123' title='bbox 438 1989 488 2051; x_wconf 93' lang='lat' dir='ltr'><strong>hic</strong></span> <span class='ocrx_word' id='word_1_124' title='bbox 506 2003 678 2067; x_wconf 85' lang='lat' dir='ltr'><strong>aecusator,</strong></span> <span class='ocrx_word' id='word_1_125' title='bbox 703 1991 879 2074; x_wconf 83' lang='lat' dir='ltr'><strong>criminatur</strong></span> <span class='ocrx_word' id='word_1_126' title='bbox 896 1991 996 2075; x_wconf 81' lang='lat' dir='ltr'><strong>legem</strong></span> <span class='ocrx_word' id='word_1_127' title='bbox 1013 1978 1101 2053; x_wconf 87' lang='lat' dir='ltr'><strong>valde</strong></span> <span class='ocrx_word' id='word_1_128' title='bbox 1119 1966 1293 2063; x_wconf 80' lang='lat' dir='ltr'><strong>humanam.</strong></span> 
     </span>
     <span class='ocr_line' id='line_1_17' title="bbox 119 2072 1289 2160; baseline -0.001 -25"><span class='ocrx_word' id='word_1_129' title='bbox 119 2075 315 2155; x_wconf 82' lang='lat' dir='ltr'><strong>Quapropter</strong></span> <span class='ocrx_word' id='word_1_130' title='bbox 331 2095 348 2135; x_wconf 88' lang='lat' dir='ltr'><strong>a</strong></span> <span class='ocrx_word' id='word_1_131' title='bbox 366 2095 455 2135; x_wconf 90' lang='lat' dir='ltr'><strong>causa</strong></span> <span class='ocrx_word' id='word_1_132' title='bbox 478 2087 509 2137; x_wconf 89' lang='lat' dir='ltr'><strong>ct</strong></span> <span class='ocrx_word' id='word_1_133' title='bbox 526 2072 654 2137; x_wconf 90' lang='lat' dir='ltr'><strong>consilio</strong></span> <span class='ocrx_word' id='word_1_134' title='bbox 680 2077 836 2160; x_wconf 88' lang='lat' dir='ltr'><strong>scriptoris</strong></span> <span class='ocrx_word' id='word_1_135' title='bbox 851 2098 928 2155; x_wconf 34' lang='lat' dir='ltr'><strong>,earn</strong></span> <span class='ocrx_word' id='word_1_136' title='bbox 955 2076 1129 2138; x_wconf 80' lang='lat' dir='ltr'><strong>convellere</strong></span> <span class='ocrx_word' id='word_1_137' title='bbox 1152 2086 1289 2137; x_wconf 69' lang='lat' dir='ltr'><strong>conatur:</strong></span> 
     </span>
    </p>
   </div>
   <div class='ocr_carea' id='block_1_12' title="bbox 19 2153 1291 2243">
    <p class='ocr_par' dir='ltr' id='par_1_12' title="bbox 19 2153 1291 2243">
     <span class='ocr_line' id='line_1_18' title="bbox 19 2153 1291 2243; baseline -0.002 -20"><span class='ocrx_word' id='word_1_138' title='bbox 19 2214 27 2223; x_wconf 92' lang='lat'>.</span> <span class='ocrx_word' id='word_1_139' title='bbox 117 2160 175 2221; x_wconf 83' lang='lat' dir='ltr'><strong>Est</strong></span> <span class='ocrx_word' id='word_1_140' title='bbox 191 2171 292 2219; x_wconf 88' lang='lat' dir='ltr'><strong>autern</strong></span> <span class='ocrx_word' id='word_1_141' title='bbox 310 2159 358 2219; x_wconf 83' lang='lat' dir='ltr'><strong>lex</strong></span> <span class='ocrx_word' id='word_1_142' title='bbox 375 2160 553 2221; x_wconf 87' lang='lat' dir='ltr'><strong>Timocratis</strong></span> <span class='ocrx_word' id='word_1_143' title='bbox 573 2161 763 2223; x_wconf 88' lang='lat' dir='ltr'><strong>huiusmodi:</strong></span> <span class='ocrx_word' id='word_1_144' title='bbox 781 2162 815 2223; x_wconf 90' lang='lat' dir='ltr'><strong>Si</strong></span> <span class='ocrx_word' id='word_1_145' title='bbox 833 2153 900 2243; x_wconf 66' lang='lat' dir='ltr'><strong>puis</strong></span> <span class='ocrx_word' id='word_1_146' title='bbox 917 2154 1160 2241; x_wconf 29' lang='lat' dir='ltr'><strong>Atheniensium·</strong></span> <span class='ocrx_word' id='word_1_147' title='bbox 1173 2158 1213 2220; x_wconf 86' lang='lat' dir='ltr'><strong>oh</strong></span> <span class='ocrx_word' id='word_1_148' title='bbox 1229 2158 1291 2221; x_wconf 77' lang='lat' dir='ltr'><strong>&#39;de-</strong></span> 
     </span>
    </p>
   </div>
   <div class='ocr_carea' id='block_1_13' title="bbox 117 2242 1294 2414">
    <p class='ocr_par' dir='ltr' id='par_1_13' title="bbox 117 2242 1294 2414">
     <span class='ocr_line' id='line_1_19' title="bbox 117 2242 1294 2329; baseline -0.001 -23"><span class='ocrx_word' id='word_1_149' title='bbox 117 2244 217 2306; x_wconf 88' lang='lat' dir='ltr'><strong>bitum</strong></span> <span class='ocrx_word' id='word_1_150' title='bbox 234 2243 390 2325; x_wconf 86' lang='lat' dir='ltr'><strong>publicum</strong></span> <span class='ocrx_word' id='word_1_151' title='bbox 408 2244 536 2325; x_wconf 65' lang='lat' dir='ltr'><strong>vinculis</strong></span> <span class='ocrx_word' id='word_1_152' title='bbox 555 2248 712 2308; x_wconf 88' lang='lat' dir='ltr'><strong>damnatus</strong></span> <span class='ocrx_word' id='word_1_153' title='bbox 731 2259 786 2322; x_wconf 85' lang='lat' dir='ltr'><strong>cst,</strong></span> <span class='ocrx_word' id='word_1_154' title='bbox 803 2260 857 2308; x_wconf 87' lang='lat' dir='ltr'><strong>aut</strong></span> <span class='ocrx_word' id='word_1_155' title='bbox 874 2247 1016 2329; x_wconf 86' lang='lat' dir='ltr'><strong>deinceps</strong></span> <span class='ocrx_word' id='word_1_156' title='bbox 1030 2242 1294 2328; x_wconf 80' lang='lat' dir='ltr'><strong>damnabitur,ei,</strong></span> 
     </span>
     <span class='ocr_line' id='line_1_20' title="bbox 119 2326 1294 2414; baseline -0.003 -22"><span class='ocrx_word' id='word_1_157' title='bbox 119 2328 183 2392; x_wconf 79' lang='lat' dir='ltr'><strong>siue</strong></span> <span class='ocrx_word' id='word_1_158' title='bbox 196 2329 265 2410; x_wconf 87' lang='lat' dir='ltr'><strong>ipsi,</strong></span> <span class='ocrx_word' id='word_1_159' title='bbox 281 2328 346 2390; x_wconf 85' lang='lat' dir='ltr'><strong>sive</strong></span> <span class='ocrx_word' id='word_1_160' title='bbox 357 2329 454 2406; x_wconf 90' lang='lat' dir='ltr'><strong>alteri,</strong></span> <span class='ocrx_word' id='word_1_161' title='bbox 468 2330 533 2391; x_wconf 88' lang='lat' dir='ltr'><strong>eius</strong></span> <span class='ocrx_word' id='word_1_162' title='bbox 548 2331 673 2392; x_wconf 88' lang='lat' dir='ltr'><strong>nomine</strong></span> <span class='ocrx_word' id='word_1_163' title='bbox 687 2333 763 2393; x_wconf 89' lang='lat' dir='ltr'><strong>datis</strong></span> <span class='ocrx_word' id='word_1_164' title='bbox 775 2331 900 2393; x_wconf 85' lang='lat' dir='ltr'><strong>vadibus</strong></span> <span class='ocrx_word' id='word_1_165' title='bbox 914 2353 930 2391; x_wconf 90' lang='lat' dir='ltr'><strong>a</strong></span> <span class='ocrx_word' id='word_1_166' title='bbox 944 2333 1060 2414; x_wconf 84' lang='lat' dir='ltr'><strong>populo</strong></span> <span class='ocrx_word' id='word_1_167' title='bbox 1073 2326 1294 2413; x_wconf 74' lang='lat' dir='ltr'><strong>comprobatis,</strong></span> 
     </span>
    </p>
   </div>
   <div class='ocr_carea' id='block_1_14' title="bbox 98 2402 1295 2498">
    <p class='ocr_par' dir='ltr' id='par_1_14' title="bbox 98 2402 1295 2498">
     <span class='ocr_line' id='line_1_21' title="bbox 98 2402 1295 2498; baseline -0.002 -21"><span class='ocrx_word' id='word_1_168' title='bbox 98 2422 103 2429; x_wconf 85' lang='lat'><em>&#39;</em></span> <span class='ocrx_word' id='word_1_169' title='bbox 119 2435 152 2477; x_wconf 87' lang='lat' dir='ltr'><strong>se</strong></span> <span class='ocrx_word' id='word_1_170' title='bbox 161 2416 198 2475; x_wconf 90' lang='lat' dir='ltr'><strong>ad</strong></span> <span class='ocrx_word' id='word_1_171' title='bbox 211 2426 327 2475; x_wconf 83' lang='lat' dir='ltr'><strong>certum</strong></span> <span class='ocrx_word' id='word_1_172' title='bbox 341 2427 460 2497; x_wconf 90' lang='lat' dir='ltr'><strong>tempus</strong></span> <span class='ocrx_word' id='word_1_173' title='bbox 473 2417 615 2478; x_wconf 86' lang='lat' dir='ltr'><strong>mulctam</strong></span> <span class='ocrx_word' id='word_1_174' title='bbox 626 2417 707 2479; x_wconf 89' lang='lat' dir='ltr'><strong>bona</strong></span> <span class='ocrx_word' id='word_1_175' title='bbox 720 2419 781 2478; x_wconf 84' lang='lat' dir='ltr'><strong>fide</strong></span> <span class='ocrx_word' id='word_1_176' title='bbox 795 2417 967 2478; x_wconf 88' lang='lat' dir='ltr'><strong>soluturum</strong></span> <span class='ocrx_word' id='word_1_177' title='bbox 981 2402 1185 2498; x_wconf 74' lang='lat' dir='ltr'><strong>promittenti,</strong></span> <span class='ocrx_word' id='word_1_178' title='bbox 1200 2414 1295 2475; x_wconf 86' lang='lat' dir='ltr'><strong>liceat</strong></span> 
     </span>
    </p>
   </div>
   <div class='ocr_carea' id='block_1_15' title="bbox 118 2492 1294 2575">
    <p class='ocr_par' dir='ltr' id='par_1_15' title="bbox 118 2492 1294 2575">
     <span class='ocr_line' id='line_1_22' title="bbox 118 2492 1294 2575; baseline -0.003 -13"><span class='ocrx_word' id='word_1_179' title='bbox 118 2496 249 2562; x_wconf 81' lang='lat' dir='ltr'><strong>vinculis</strong></span> <span class='ocrx_word' id='word_1_180' title='bbox 268 2498 407 2562; x_wconf 88' lang='lat' dir='ltr'><strong>libcrari:</strong></span> <span class='ocrx_word' id='word_1_181' title='bbox 432 2501 480 2561; x_wconf 90' lang='lat' dir='ltr'><strong>sin</strong></span> <span class='ocrx_word' id='word_1_182' title='bbox 496 2503 534 2562; x_wconf 91' lang='lat' dir='ltr'><strong>ad</strong></span> <span class='ocrx_word' id='word_1_183' title='bbox 553 2503 663 2563; x_wconf 86' lang='lat' dir='ltr'><strong>dictam</strong></span> <span class='ocrx_word' id='word_1_184' title='bbox 689 2503 769 2565; x_wconf 87' lang='lat' dir='ltr'><strong>diem</strong></span> <span class='ocrx_word' id='word_1_185' title='bbox 788 2496 925 2564; x_wconf 82' lang='lat' dir='ltr'><strong>debiturn</strong></span> <span class='ocrx_word' id='word_1_186' title='bbox 950 2502 1086 2564; x_wconf 91' lang='lat' dir='ltr'><strong>solutum</strong></span> <span class='ocrx_word' id='word_1_187' title='bbox 1102 2521 1168 2561; x_wconf 90' lang='lat' dir='ltr'><strong>non</strong></span> <span class='ocrx_word' id='word_1_188' title='bbox 1185 2492 1294 2575; x_wconf 82' lang='lat' dir='ltr'><strong>suerit,</strong></span> 
     </span>
    </p>
   </div>
   <div class='ocr_carea' id='block_1_16' title="bbox 14 2584 1292 2675">
    <p class='ocr_par' dir='ltr' id='par_1_16' title="bbox 14 2584 1292 2675">
     <span class='ocr_line' id='line_1_23' title="bbox 14 2584 1292 2675; baseline -0.001 -29"><span class='ocrx_word' id='word_1_189' title='bbox 14 2648 17 2653; x_wconf 82' lang='lat'><em>.</em></span> <span class='ocrx_word' id='word_1_190' title='bbox 56 2606 60 2615; x_wconf 85' lang='lat'><em>·</em></span> <span class='ocrx_word' id='word_1_191' title='bbox 120 2597 153 2646; x_wconf 90' lang='lat' dir='ltr'><strong>et</strong></span> <span class='ocrx_word' id='word_1_192' title='bbox 168 2586 212 2661; x_wconf 89' lang='lat' dir='ltr'><strong>is,</strong></span> <span class='ocrx_word' id='word_1_193' title='bbox 231 2584 287 2665; x_wconf 88' lang='lat' dir='ltr'><strong>qui</strong></span> <span class='ocrx_word' id='word_1_194' title='bbox 302 2606 358 2667; x_wconf 92' lang='lat' dir='ltr'><strong>per</strong></span> <span class='ocrx_word' id='word_1_195' title='bbox 374 2607 536 2666; x_wconf 88' lang='lat' dir='ltr'><strong>sponsores</strong></span> <span class='ocrx_word' id='word_1_196' title='bbox 555 2588 701 2649; x_wconf 88' lang='lat' dir='ltr'><strong>liberatus</strong></span> <span class='ocrx_word' id='word_1_197' title='bbox 718 2589 834 2662; x_wconf 84' lang='lat' dir='ltr'><strong>suerat,</strong></span> <span class='ocrx_word' id='word_1_198' title='bbox 851 2588 885 2647; x_wconf 89' lang='lat' dir='ltr'><strong>in</strong></span> <span class='ocrx_word' id='word_1_199' title='bbox 903 2587 1022 2649; x_wconf 88' lang='lat' dir='ltr'><strong>vincula</strong></span> <span class='ocrx_word' id='word_1_200' title='bbox 1036 2584 1245 2675; x_wconf 73' lang='lat' dir='ltr'><strong>conficiatur,</strong></span> <span class='ocrx_word' id='word_1_201' title='bbox 1258 2594 1292 2647; x_wconf 89' lang='lat' dir='ltr'><strong>et</strong></span> 
     </span>
    </p>
   </div>
   <div class='ocr_carea' id='block_1_17' title="bbox 118 2669 1309 2757">
    <p class='ocr_par' dir='ltr' id='par_1_17' title="bbox 118 2669 1309 2757">
     <span class='ocr_line' id='line_1_24' title="bbox 118 2669 1309 2757; baseline 0 -27"><span class='ocrx_word' id='word_1_202' title='bbox 118 2669 200 2735; x_wconf 88' lang='lat' dir='ltr'><strong>hona</strong></span> <span class='ocrx_word' id='word_1_203' title='bbox 217 2670 339 2731; x_wconf 86' lang='lat' dir='ltr'><strong>vadium</strong></span> <span class='ocrx_word' id='word_1_204' title='bbox 356 2669 558 2752; x_wconf 86' lang='lat' dir='ltr'><strong>publicentur.</strong></span> <span class='ocrx_word' id='word_1_205' title='bbox 598 2673 686 2734; x_wconf 90' lang='lat' dir='ltr'><strong>Hauc</strong></span> <span class='ocrx_word' id='word_1_206' title='bbox 703 2672 804 2757; x_wconf 78' lang='lat' dir='ltr'><strong>Iegem</strong></span> <span class='ocrx_word' id='word_1_207' title='bbox 830 2672 1008 2734; x_wconf 88' lang='lat' dir='ltr'><strong>criminator</strong></span> <span class='ocrx_word' id='word_1_208' title='bbox 1024 2684 1198 2750; x_wconf 77' lang='lat' dir='ltr'><strong>accusator,</strong></span> <span class='ocrx_word' id='word_1_209' title='bbox 1221 2690 1309 2747; x_wconf 37' lang='lat' dir='ltr'><strong>non,</strong></span> 
     </span>
    </p>
   </div>
   <div class='ocr_carea' id='block_1_18' title="bbox 32 2755 1291 2839">
    <p class='ocr_par' dir='ltr' id='par_1_18' title="bbox 32 2755 1291 2839">
     <span class='ocr_line' id='line_1_25' title="bbox 32 2755 1291 2839; baseline -0.001 -22"><span class='ocrx_word' id='word_1_210' title='bbox 32 2818 36 2823; x_wconf 83' lang='grc'><strong>,</strong></span> <span class='ocrx_word' id='word_1_211' title='bbox 120 2776 157 2827; x_wconf 85' lang='lat' dir='ltr'><strong>ex</strong></span> <span class='ocrx_word' id='word_1_212' title='bbox 174 2777 233 2817; x_wconf 90' lang='lat' dir='ltr'><strong>usu</strong></span> <span class='ocrx_word' id='word_1_213' title='bbox 257 2755 459 2836; x_wconf 84' lang='lat' dir='ltr'><strong>reipublicae,</strong></span> <span class='ocrx_word' id='word_1_214' title='bbox 484 2757 539 2818; x_wconf 92' lang='lat' dir='ltr'><strong>sed</strong></span> <span class='ocrx_word' id='word_1_215' title='bbox 564 2779 620 2839; x_wconf 88' lang='lat' dir='ltr'><strong>pro</strong></span> <span class='ocrx_word' id='word_1_216' title='bbox 638 2758 833 2823; x_wconf 88' lang='lat' dir='ltr'><strong>Androtione</strong></span> <span class='ocrx_word' id='word_1_217' title='bbox 860 2771 891 2819; x_wconf 87' lang='lat' dir='ltr'><strong>et</strong></span> <span class='ocrx_word' id='word_1_218' title='bbox 910 2759 1061 2837; x_wconf 80' lang='lat' dir='ltr'><strong>Glauceta</strong></span> <span class='ocrx_word' id='word_1_219' title='bbox 1075 2770 1107 2839; x_wconf 81' lang='lat' dir='ltr'><strong>et</strong></span> <span class='ocrx_word' id='word_1_220' title='bbox 1123 2755 1291 2839; x_wconf 83' lang='lat' dir='ltr'><strong>Melanopo</strong></span> 
     </span>
    </p>
   </div>
   <div class='ocr_carea' id='block_1_19' title="bbox 87 2840 1289 2926">
    <p class='ocr_par' dir='ltr' id='par_1_19' title="bbox 87 2840 1289 2926">
     <span class='ocr_line' id='line_1_26' title="bbox 87 2840 1289 2926; baseline -0.003 -21"><span class='ocrx_word' id='word_1_221' title='bbox 87 2886 91 2892; x_wconf 86' lang='lat'><em>.</em></span> <span class='ocrx_word' id='word_1_222' title='bbox 120 2860 187 2905; x_wconf 79' lang='lat' dir='ltr'><strong>esse</strong></span> <span class='ocrx_word' id='word_1_223' title='bbox 205 2840 354 2923; x_wconf 86' lang='lat' dir='ltr'><strong>scriptam.</strong></span> <span class='ocrx_word' id='word_1_224' title='bbox 389 2841 431 2902; x_wconf 90' lang='lat' dir='ltr'><strong>Hi</strong></span> <span class='ocrx_word' id='word_1_225' title='bbox 449 2842 530 2902; x_wconf 86' lang='lat' dir='ltr'><strong>enim</strong></span> <span class='ocrx_word' id='word_1_226' title='bbox 547 2842 640 2926; x_wconf 86' lang='lat' dir='ltr'><strong>legati</strong></span> <span class='ocrx_word' id='word_1_227' title='bbox 657 2844 690 2904; x_wconf 91' lang='lat' dir='ltr'><strong>in</strong></span> <span class='ocrx_word' id='word_1_228' title='bbox 710 2841 827 2904; x_wconf 88' lang='lat' dir='ltr'><strong>Cariam</strong></span> <span class='ocrx_word' id='word_1_229' title='bbox 844 2843 944 2917; x_wconf 85' lang='lat' dir='ltr'><strong>missi,</strong></span> <span class='ocrx_word' id='word_1_230' title='bbox 963 2866 1033 2904; x_wconf 88' lang='lat' dir='ltr'><strong>curn</strong></span> <span class='ocrx_word' id='word_1_231' title='bbox 1048 2842 1082 2903; x_wconf 91' lang='lat' dir='ltr'><strong>in</strong></span> <span class='ocrx_word' id='word_1_232' title='bbox 1099 2840 1216 2905; x_wconf 85' lang='lat' dir='ltr'><strong>triremi</strong></span> <span class='ocrx_word' id='word_1_233' title='bbox 1232 2861 1289 2903; x_wconf 87' lang='lat' dir='ltr'><strong>na-</strong></span> 
     </span>
    </p>
   </div>
   <div class='ocr_carea' id='block_1_20' title="bbox 119 2925 1341 3180">
    <p class='ocr_par' dir='ltr' id='par_1_20' title="bbox 119 2925 1341 3180">
     <span class='ocr_line' id='line_1_27' title="bbox 119 2925 1291 3011; baseline 0 -26"><span class='ocrx_word' id='word_1_234' title='bbox 119 2925 256 3011; x_wconf 77' lang='lat' dir='ltr'><strong>vigantes</strong></span> <span class='ocrx_word' id='word_1_235' title='bbox 273 2925 308 2986; x_wconf 89' lang='lat' dir='ltr'><strong>in</strong></span> <span class='ocrx_word' id='word_1_236' title='bbox 324 2926 513 2988; x_wconf 87' lang='lat' dir='ltr'><strong>Naucratitas</strong></span> <span class='ocrx_word' id='word_1_237' title='bbox 532 2929 696 3011; x_wconf 79' lang='lat' dir='ltr'><strong>quosdam,</strong></span> <span class='ocrx_word' id='word_1_238' title='bbox 720 2929 860 2990; x_wconf 91' lang='lat' dir='ltr'><strong>homines</strong></span> <span class='ocrx_word' id='word_1_239' title='bbox 878 2942 1076 3003; x_wconf 86' lang='lat' dir='ltr'><strong>mercatores,</strong></span> <span class='ocrx_word' id='word_1_240' title='bbox 1087 2926 1291 3009; x_wconf 80' lang='lat' dir='ltr'><strong>incidissent:</strong></span> 
     </span>
     <span class='ocr_line' id='line_1_28' title="bbox 119 3010 1295 3096; baseline -0.001 -24"><span class='ocrx_word' id='word_1_241' title='bbox 119 3010 264 3092; x_wconf 86' lang='lat' dir='ltr'><strong>pecunias</strong></span> <span class='ocrx_word' id='word_1_242' title='bbox 284 3011 327 3071; x_wconf 88' lang='lat' dir='ltr'><strong>eis</strong></span> <span class='ocrx_word' id='word_1_243' title='bbox 346 3012 531 3094; x_wconf 84' lang='lat' dir='ltr'><strong>eripuerunt</strong></span> <span class='ocrx_word' id='word_1_244' title='bbox 565 3012 757 3075; x_wconf 89' lang='lat' dir='ltr'><strong>Naucratitae</strong></span> <span class='ocrx_word' id='word_1_245' title='bbox 774 3014 911 3075; x_wconf 85' lang='lat' dir='ltr'><strong>Athenas</strong></span> <span class='ocrx_word' id='word_1_246' title='bbox 935 3013 1065 3096; x_wconf 85' lang='lat' dir='ltr'><strong>profecti</strong></span> <span class='ocrx_word' id='word_1_247' title='bbox 1081 3011 1199 3095; x_wconf 89' lang='lat' dir='ltr'><strong>populo</strong></span> <span class='ocrx_word' id='word_1_248' title='bbox 1215 3010 1295 3093; x_wconf 83' lang='lat' dir='ltr'><strong>s&#39;up-</strong></span> 
     </span>
     <span class='ocr_line' id='line_1_29' title="bbox 120 3094 1341 3180; baseline 0.002 -25"><span class='ocrx_word' id='word_1_249' title='bbox 120 3095 250 3179; x_wconf 70' lang='lat' dir='ltr'><strong>plicauti</strong></span> <span class='ocrx_word' id='word_1_250' title='bbox 277 3097 409 3179; x_wconf 87' lang='lat' dir='ltr'><strong>populus</strong></span> <span class='ocrx_word' id='word_1_251' title='bbox 429 3098 583 3173; x_wconf 87' lang='lat' dir='ltr'><strong>decernit,</strong></span> <span class='ocrx_word' id='word_1_252' title='bbox 602 3120 666 3160; x_wconf 90' lang='lat' dir='ltr'><strong>earn</strong></span> <span class='ocrx_word' id='word_1_253' title='bbox 685 3099 844 3180; x_wconf 83' lang='lat' dir='ltr'><strong>pecuniam</strong></span> <span class='ocrx_word' id='word_1_254' title='bbox 862 3098 1006 3161; x_wconf 86' lang='lat' dir='ltr'><strong>hostilem</strong></span> <span class='ocrx_word' id='word_1_255' title='bbox 1026 3120 1107 3172; x_wconf 90' lang='lat' dir='ltr'><strong>esse,</strong></span> <span class='ocrx_word' id='word_1_256' title='bbox 1125 3117 1183 3158; x_wconf 89' lang='lat' dir='ltr'><strong>nec</strong></span> <span class='ocrx_word' id='word_1_257' title='bbox 1199 3094 1304 3173; x_wconf 73' lang='lat' dir='ltr'><strong>reddi</strong></span> <span class='ocrx_word' id='word_1_258' title='bbox 1324 3134 1341 3177; x_wconf 48' lang='grc'><strong>,-</strong></span> 
     </span>
    </p>
   </div>
   <div class='ocr_carea' id='block_1_21' title="bbox 16 3180 1292 3268">
    <p class='ocr_par' dir='ltr' id='par_1_21' title="bbox 16 3180 1292 3268">
     <span class='ocr_line' id='line_1_30' title="bbox 16 3180 1292 3268; baseline 0 -27"><span class='ocrx_word' id='word_1_259' title='bbox 16 3222 19 3227; x_wconf 66' lang='grc'><strong><em>«</em></strong></span> <span class='ocrx_word' id='word_1_260' title='bbox 120 3180 339 3259; x_wconf 81' lang='lat' dir='ltr'><strong>mercatoribus</strong></span> <span class='ocrx_word' id='word_1_261' title='bbox 358 3195 508 3264; x_wconf 89' lang='lat' dir='ltr'><strong>oportere.</strong></span> <span class='ocrx_word' id='word_1_262' title='bbox 530 3184 585 3245; x_wconf 90' lang='lat' dir='ltr'><strong>His</strong></span> <span class='ocrx_word' id='word_1_263' title='bbox 601 3183 642 3245; x_wconf 84' lang='lat' dir='ltr'><strong>ita</strong></span> <span class='ocrx_word' id='word_1_264' title='bbox 656 3184 751 3260; x_wconf 85' lang='lat' dir='ltr'><strong>factis,</strong></span> <span class='ocrx_word' id='word_1_265' title='bbox 769 3183 941 3251; x_wconf 88' lang='lat' dir='ltr'><strong>Archebins</strong></span> <span class='ocrx_word' id='word_1_266' title='bbox 956 3196 987 3246; x_wconf 90' lang='lat' dir='ltr'><strong>et</strong></span> <span class='ocrx_word' id='word_1_267' title='bbox 998 3182 1181 3268; x_wconf 82' lang='lat' dir='ltr'><strong>Lysithides,</strong></span> <span class='ocrx_word' id='word_1_268' title='bbox 1198 3181 1292 3245; x_wconf 64' lang='lat' dir='ltr'><strong>trierss</strong></span> 
     </span>
    </p>
   </div>
   <div class='ocr_carea' id='block_1_22' title="bbox 114 3259 1360 3523">
    <p class='ocr_par' dir='ltr' id='par_1_22' title="bbox 114 3259 1360 3523">
     <span class='ocr_line' id='line_1_31' title="bbox 120 3259 1360 3351; baseline 0.001 -25"><span class='ocrx_word' id='word_1_269' title='bbox 120 3265 204 3327; x_wconf 90' lang='lat' dir='ltr'><strong>archi</strong></span> <span class='ocrx_word' id='word_1_270' title='bbox 218 3279 261 3327; x_wconf 80' lang='lat' dir='ltr'><strong>et</strong></span> <span class='ocrx_word' id='word_1_271' title='bbox 286 3267 403 3329; x_wconf 89' lang='lat' dir='ltr'><strong>domini</strong></span> <span class='ocrx_word' id='word_1_272' title='bbox 422 3259 492 3329; x_wconf 66' lang='lat' dir='ltr'><strong>eius&#39;</strong></span> <span class='ocrx_word' id='word_1_273' title='bbox 505 3270 608 3344; x_wconf 88' lang='lat' dir='ltr'><strong>navis,</strong></span> <span class='ocrx_word' id='word_1_274' title='bbox 634 3293 694 3350; x_wconf 87' lang='lat' dir='ltr'><strong>qua</strong></span> <span class='ocrx_word' id='word_1_275' title='bbox 710 3270 887 3332; x_wconf 83' lang='lat' dir='ltr'><strong>Androtion</strong></span> <span class='ocrx_word' id='word_1_276' title='bbox 913 3276 982 3330; x_wconf 86' lang='lat' dir='ltr'><strong>cum</strong></span> <span class='ocrx_word' id='word_1_277' title='bbox 1006 3269 1165 3351; x_wconf 86' lang='lat' dir='ltr'><strong>collegatis</strong></span> <span class='ocrx_word' id='word_1_278' title='bbox 1182 3278 1289 3347; x_wconf 79' lang='lat' dir='ltr'><strong>vectus</strong></span> <span class='ocrx_word' id='word_1_279' title='bbox 1323 3324 1328 3329; x_wconf 86' lang='lat'><em>.</em></span> <span class='ocrx_word' id='word_1_280' title='bbox 1357 3322 1360 3327; x_wconf 91' lang='lat'>.</span> 
     </span>
     <span class='ocr_line' id='line_1_32' title="bbox 114 3351 1355 3437; baseline 0.001 -26"><span class='ocrx_word' id='word_1_281' title='bbox 114 3351 236 3427; x_wconf 80' lang='lat' dir='ltr'><strong>¹fuerat,</strong></span> <span class='ocrx_word' id='word_1_282' title='bbox 262 3352 300 3413; x_wconf 92' lang='lat' dir='ltr'><strong>de</strong></span> <span class='ocrx_word' id='word_1_283' title='bbox 317 3354 445 3435; x_wconf 88' lang='lat' dir='ltr'><strong>pecunia</strong></span> <span class='ocrx_word' id='word_1_284' title='bbox 463 3355 664 3435; x_wconf 80' lang='lat' dir='ltr'><strong>postulantur,</strong></span> <span class='ocrx_word' id='word_1_285' title='bbox 708 3356 807 3431; x_wconf 86' lang='lat' dir='ltr'><strong>Quam</strong></span> <span class='ocrx_word' id='word_1_286' title='bbox 826 3378 895 3417; x_wconf 89' lang='lat' dir='ltr'><strong>cum</strong></span> <span class='ocrx_word' id='word_1_287' title='bbox 913 3354 983 3415; x_wconf 86' lang='lat' dir='ltr'><strong>illos</strong></span> <span class='ocrx_word' id='word_1_288' title='bbox 1000 3375 1065 3414; x_wconf 92' lang='lat' dir='ltr'><strong>non</strong></span> <span class='ocrx_word' id='word_1_289' title='bbox 1083 3354 1194 3437; x_wconf 81' lang='lat' dir='ltr'><strong>habere</strong></span> <span class='ocrx_word' id='word_1_290' title='bbox 1210 3372 1290 3412; x_wconf 90' lang='lat' dir='ltr'><strong>con·</strong></span> <span class='ocrx_word' id='word_1_291' title='bbox 1324 3396 1355 3425; x_wconf 89' lang='lat'><strong>.:</strong></span> 
     </span>
     <span class='ocr_line' id='line_1_33' title="bbox 119 3436 1291 3523; baseline -0.002 -24"><span class='ocrx_word' id='word_1_292' title='bbox 119 3448 223 3512; x_wconf 83' lang='lat' dir='ltr'><strong>staret,</strong></span> <span class='ocrx_word' id='word_1_293' title='bbox 239 3437 294 3497; x_wconf 88' lang='lat' dir='ltr'><strong>scd</strong></span> <span class='ocrx_word' id='word_1_294' title='bbox 312 3438 404 3523; x_wconf 80' lang='lat' dir='ltr'><strong>legati</strong></span> <span class='ocrx_word' id='word_1_295' title='bbox 422 3461 454 3501; x_wconf 91' lang='lat' dir='ltr'><strong>se</strong></span> <span class='ocrx_word' id='word_1_296' title='bbox 473 3439 584 3501; x_wconf 88' lang='lat' dir='ltr'><strong>hahere</strong></span> <span class='ocrx_word' id='word_1_297' title='bbox 603 3441 780 3515; x_wconf 84' lang='lat' dir='ltr'><strong>faterentur,</strong></span> <span class='ocrx_word' id='word_1_298' title='bbox 799 3454 829 3502; x_wconf 89' lang='lat' dir='ltr'><strong>et</strong></span> <span class='ocrx_word' id='word_1_299' title='bbox 847 3453 899 3502; x_wconf 86' lang='lat' dir='ltr'><strong>aut</strong></span> <span class='ocrx_word' id='word_1_300' title='bbox 917 3439 1015 3501; x_wconf 89' lang='lat' dir='ltr'><strong>omnis</strong></span> <span class='ocrx_word' id='word_1_301' title='bbox 1033 3436 1162 3521; x_wconf 90' lang='lat' dir='ltr'><strong>pecunia</strong></span> <span class='ocrx_word' id='word_1_302' title='bbox 1179 3456 1291 3497; x_wconf 87' lang='lat' dir='ltr'><strong>nume-</strong></span> 
     </span>
    </p>
   </div>
   <div class='ocr_carea' id='block_1_23' title="bbox 47 3516 1355 3608">
    <p class='ocr_par' dir='ltr' id='par_1_23' title="bbox 47 3516 1355 3608">
     <span class='ocr_line' id='line_1_34' title="bbox 47 3516 1355 3608; baseline 0.005 -27"><span class='ocrx_word' id='word_1_303' title='bbox 47 3576 49 3581; x_wconf 68' lang='lat'><strong>,</strong></span> <span class='ocrx_word' id='word_1_304' title='bbox 118 3523 223 3597; x_wconf 81' lang='lat' dir='ltr'><strong>rande,</strong></span> <span class='ocrx_word' id='word_1_305' title='bbox 239 3534 292 3584; x_wconf 89' lang='lat' dir='ltr'><strong>aut</strong></span> <span class='ocrx_word' id='word_1_306' title='bbox 309 3523 427 3608; x_wconf 86' lang='lat' dir='ltr'><strong>legibus</strong></span> <span class='ocrx_word' id='word_1_307' title='bbox 448 3525 547 3586; x_wconf 86' lang='lat' dir='ltr'><strong>teneri</strong></span> <span class='ocrx_word' id='word_1_308' title='bbox 565 3546 689 3588; x_wconf 89' lang='lat' dir='ltr'><strong>necesse</strong></span> <span class='ocrx_word' id='word_1_309' title='bbox 707 3538 796 3600; x_wconf 85' lang='lat' dir='ltr'><strong>esset,</strong></span> <span class='ocrx_word' id='word_1_310' title='bbox 815 3547 891 3608; x_wconf 88' lang='lat' dir='ltr'><strong>quae</strong></span> <span class='ocrx_word' id='word_1_311' title='bbox 907 3526 939 3585; x_wconf 91' lang='lat' dir='ltr'><strong>in</strong></span> <span class='ocrx_word' id='word_1_312' title='bbox 954 3523 1086 3585; x_wconf 88' lang='lat' dir='ltr'><strong>aerarios</strong></span> <span class='ocrx_word' id='word_1_313' title='bbox 1103 3523 1181 3584; x_wconf 86' lang='lat' dir='ltr'><strong>latae</strong></span> <span class='ocrx_word' id='word_1_314' title='bbox 1199 3532 1293 3583; x_wconf 82' lang='lat' dir='ltr'><strong>suut:</strong></span> <span class='ocrx_word' id='word_1_315' title='bbox 1330 3516 1355 3587; x_wconf 59' lang='lat' dir='ltr'><strong>F.</strong></span> 
     </span>
    </p>
   </div>
   <div class='ocr_carea' id='block_1_24' title="bbox 120 3608 1340 3694">
    <p class='ocr_par' dir='ltr' id='par_1_24' title="bbox 120 3608 1340 3694">
     <span class='ocr_line' id='line_1_35' title="bbox 120 3608 1340 3694; baseline 0 -26"><span class='ocrx_word' id='word_1_316' title='bbox 120 3621 293 3689; x_wconf 88' lang='lat' dir='ltr'><strong>propterea,</strong></span> <span class='ocrx_word' id='word_1_317' title='bbox 309 3609 420 3691; x_wconf 83' lang='lat' dir='ltr'><strong>inquit,</strong></span> <span class='ocrx_word' id='word_1_318' title='bbox 438 3610 626 3672; x_wconf 87' lang='lat' dir='ltr'><strong>Timocrates</strong></span> <span class='ocrx_word' id='word_1_319' title='bbox 651 3612 750 3694; x_wconf 81' lang='lat' dir='ltr'><strong>legem</strong></span> <span class='ocrx_word' id='word_1_320' title='bbox 768 3612 846 3672; x_wconf 88' lang='lat' dir='ltr'><strong>hanc</strong></span> <span class='ocrx_word' id='word_1_321' title='bbox 863 3611 900 3671; x_wconf 87' lang='lat' dir='ltr'><strong>ad</strong></span> <span class='ocrx_word' id='word_1_322' title='bbox 927 3608 997 3670; x_wconf 90' lang='lat' dir='ltr'><strong>illos</strong></span> <span class='ocrx_word' id='word_1_323' title='bbox 1016 3608 1220 3671; x_wconf 86' lang='lat' dir='ltr'><strong>sublevandos</strong></span> <span class='ocrx_word' id='word_1_324' title='bbox 1239 3619 1291 3668; x_wconf 84' lang='lat' dir='ltr'><strong>tu-</strong></span> <span class='ocrx_word' id='word_1_325' title='bbox 1332 3674 1340 3683; x_wconf 57' lang='grc'><strong>,</strong></span> 
     </span>
    </p>
   </div>
   <div class='ocr_carea' id='block_1_25' title="bbox 48 3688 1293 3779">
    <p class='ocr_par' dir='ltr' id='par_1_25' title="bbox 48 3688 1293 3779">
     <span class='ocr_line' id='line_1_36' title="bbox 48 3688 1293 3779; baseline 0.002 -27"><span class='ocrx_word' id='word_1_326' title='bbox 48 3767 50 3770; x_wconf 20' lang='lat'><em>⁴</em></span> <span class='ocrx_word' id='word_1_327' title='bbox 102 3692 164 3753; x_wconf 77' lang='lat' dir='ltr'><strong>tic</strong></span> <span class='ocrx_word' id='word_1_328' title='bbox 194 3694 374 3776; x_wconf 85' lang='lat' dir='ltr'><strong>Respondet</strong></span> <span class='ocrx_word' id='word_1_329' title='bbox 390 3697 588 3771; x_wconf 86' lang='lat' dir='ltr'><strong>Timocrates,</strong></span> <span class='ocrx_word' id='word_1_330' title='bbox 606 3697 832 3758; x_wconf 87' lang='lat' dir='ltr'><strong>Androtionem</strong></span> <span class='ocrx_word' id='word_1_331' title='bbox 851 3709 882 3758; x_wconf 89' lang='lat' dir='ltr'><strong>et</strong></span> <span class='ocrx_word' id='word_1_332' title='bbox 900 3695 1039 3779; x_wconf 81' lang='lat' dir='ltr'><strong>collegas</strong></span> <span class='ocrx_word' id='word_1_333' title='bbox 1050 3694 1178 3755; x_wconf 84' lang='lat' dir='ltr'><strong>solvisse</strong></span> <span class='ocrx_word' id='word_1_334' title='bbox 1195 3688 1293 3774; x_wconf 79' lang='lat' dir='ltr'><strong>pec&#39;u-</strong></span> 
     </span>
    </p>
   </div>
   <div class='ocr_carea' id='block_1_26' title="bbox 35 4181 210 4285">
    <p class='ocr_par' dir='ltr' id='par_1_26' title="bbox 35 4181 210 4285">
     <span class='ocr_line' id='line_1_37' title="bbox 35 4181 210 4285; baseline 0.017 -21"><span class='ocrx_word' id='word_1_335' title='bbox 35 4181 131 4285; x_wconf 43' lang='lat' dir='ltr'><strong>442ss</strong></span> <span class='ocrx_word' id='word_1_336' title='bbox 208 4275 210 4279; x_wconf 51' lang='grc'>,</span> 
     </span>
    </p>
   </div>
   <div class='ocr_carea' id='block_1_27' title="bbox 121 3777 1359 4037">
    <p class='ocr_par' dir='ltr' id='par_1_27' title="bbox 121 3777 1359 4037">
     <span class='ocr_line' id='line_1_38' title="bbox 121 3777 1294 3864; baseline 0 -26"><span class='ocrx_word' id='word_1_337' title='bbox 121 3777 212 3853; x_wconf 90' lang='lat' dir='ltr'><strong>niam,</strong></span> <span class='ocrx_word' id='word_1_338' title='bbox 229 3790 321 3858; x_wconf 89' lang='lat' dir='ltr'><strong>atque</strong></span> <span class='ocrx_word' id='word_1_339' title='bbox 338 3781 411 3842; x_wconf 88' lang='lat' dir='ltr'><strong>inde</strong></span> <span class='ocrx_word' id='word_1_340' title='bbox 429 3795 579 3856; x_wconf 90' lang='lat' dir='ltr'><strong>constare,</strong></span> <span class='ocrx_word' id='word_1_341' title='bbox 598 3803 661 3843; x_wconf 90' lang='lat' dir='ltr'><strong>non</strong></span> <span class='ocrx_word' id='word_1_342' title='bbox 679 3782 711 3842; x_wconf 90' lang='lat' dir='ltr'><strong>in</strong></span> <span class='ocrx_word' id='word_1_343' title='bbox 727 3782 852 3843; x_wconf 89' lang='lat' dir='ltr'><strong>illorum</strong></span> <span class='ocrx_word' id='word_1_344' title='bbox 871 3781 997 3864; x_wconf 85' lang='lat' dir='ltr'><strong>gratiam</strong></span> <span class='ocrx_word' id='word_1_345' title='bbox 1014 3781 1113 3863; x_wconf 85' lang='lat' dir='ltr'><strong>legem</strong></span> <span class='ocrx_word' id='word_1_346' title='bbox 1126 3779 1206 3840; x_wconf 89' lang='lat' dir='ltr'><strong>hanc</strong></span> <span class='ocrx_word' id='word_1_347' title='bbox 1224 3782 1294 3839; x_wconf 75' lang='lat' dir='ltr'><strong>essi</strong></span> 
     </span>
     <span class='ocr_line' id='line_1_39' title="bbox 121 3861 1359 3951; baseline 0 -28"><span class='ocrx_word' id='word_1_348' title='bbox 121 3861 306 3947; x_wconf 84' lang='lat' dir='ltr'><strong>obrogatam</strong></span> <span class='ocrx_word' id='word_1_349' title='bbox 324 3866 385 3927; x_wconf 88' lang='lat' dir='ltr'><strong>Sed</strong></span> <span class='ocrx_word' id='word_1_350' title='bbox 394 3868 550 3929; x_wconf 89' lang='lat' dir='ltr'><strong>Diodorus</strong></span> <span class='ocrx_word' id='word_1_351' title='bbox 570 3867 661 3927; x_wconf 89' lang='lat' dir='ltr'><strong>etiam</strong></span> <span class='ocrx_word' id='word_1_352' title='bbox 679 3866 761 3928; x_wconf 87' lang='lat' dir='ltr'><strong>aliud</strong></span> <span class='ocrx_word' id='word_1_353' title='bbox 774 3868 808 3927; x_wconf 91' lang='lat' dir='ltr'><strong>in</strong></span> <span class='ocrx_word' id='word_1_354' title='bbox 823 3867 891 3951; x_wconf 83' lang='lat' dir='ltr'><strong>lege</strong></span> <span class='ocrx_word' id='word_1_355' title='bbox 909 3879 1044 3927; x_wconf 87' lang='lat' dir='ltr'><strong>accusat:</strong></span> <span class='ocrx_word' id='word_1_356' title='bbox 1062 3885 1132 3945; x_wconf 86' lang='lat' dir='ltr'><strong>narn</strong></span> <span class='ocrx_word' id='word_1_357' title='bbox 1151 3875 1183 3923; x_wconf 89' lang='lat' dir='ltr'><strong>et</strong></span> <span class='ocrx_word' id='word_1_358' title='bbox 1200 3862 1294 3937; x_wconf 84' lang='lat' dir='ltr'><strong>latam</strong></span> <span class='ocrx_word' id='word_1_359' title='bbox 1339 3864 1359 3911; x_wconf 85' lang='lat'><strong>&#39;-</strong></span> 
     </span>
     <span class='ocr_line' id='line_1_40' title="bbox 121 3946 1294 4037; baseline 0.002 -30"><span class='ocrx_word' id='word_1_360' title='bbox 121 3967 186 4009; x_wconf 85' lang='lat' dir='ltr'><strong>esse</strong></span> <span class='ocrx_word' id='word_1_361' title='bbox 214 3961 318 4015; x_wconf 89' lang='lat' dir='ltr'><strong>contra</strong></span> <span class='ocrx_word' id='word_1_362' title='bbox 336 3951 419 4036; x_wconf 81' lang='lat' dir='ltr'><strong>leges</strong></span> <span class='ocrx_word' id='word_1_363' title='bbox 446 3967 477 4014; x_wconf 92' lang='lat' dir='ltr'><strong>et</strong></span> <span class='ocrx_word' id='word_1_364' title='bbox 493 3951 625 4034; x_wconf 84' lang='lat' dir='ltr'><strong>antiquis</strong></span> <span class='ocrx_word' id='word_1_365' title='bbox 650 3953 801 4015; x_wconf 89' lang='lat' dir='ltr'><strong>adversari</strong></span> <span class='ocrx_word' id='word_1_366' title='bbox 819 3950 937 4037; x_wconf 84' lang='lat' dir='ltr'><strong>legibus</strong></span> <span class='ocrx_word' id='word_1_367' title='bbox 954 3951 1014 4028; x_wconf 85' lang='lat' dir='ltr'><strong>ait,</strong></span> <span class='ocrx_word' id='word_1_368' title='bbox 1039 3963 1071 4011; x_wconf 89' lang='lat' dir='ltr'><strong>et</strong></span> <span class='ocrx_word' id='word_1_369' title='bbox 1087 3946 1294 4033; x_wconf 81' lang='lat' dir='ltr'><strong>perniciosam</strong></span> 
     </span>
    </p>
   </div>
   <div class='ocr_carea' id='block_1_28' title="bbox 21 4035 615 4116">
    <p class='ocr_par' dir='ltr' id='par_1_28' title="bbox 21 4035 615 4116">
     <span class='ocr_line' id='line_1_41' title="bbox 21 4035 615 4116; baseline 0.01 -24"><span class='ocrx_word' id='word_1_370' title='bbox 21 4074 31 4103; x_wconf 64' lang='grc'><strong>.,</strong></span> <span class='ocrx_word' id='word_1_371' title='bbox 120 4052 189 4094; x_wconf 87' lang='lat' dir='ltr'><strong>esse</strong></span> <span class='ocrx_word' id='word_1_372' title='bbox 204 4035 390 4116; x_wconf 85' lang='lat' dir='ltr'><strong>reipublicae</strong></span> <span class='ocrx_word' id='word_1_373' title='bbox 409 4037 552 4101; x_wconf 87' lang='lat' dir='ltr'><strong>ostendit</strong></span> <span class='ocrx_word' id='word_1_374' title='bbox 606 4042 615 4061; x_wconf 82' lang='lat'>&#39;</span> 
     </span>
    </p>
   </div>
   <div class='ocr_carea' id='block_1_29' title="bbox 365 4175 1106 4271">
    <p class='ocr_par' dir='ltr' id='par_1_29' title="bbox 365 4175 1106 4271">
     <span class='ocr_line' id='line_1_42' title="bbox 365 4175 1106 4271; baseline -0.005 -2"><span class='ocrx_word' id='word_1_375' title='bbox 365 4198 567 4271; x_wconf 19' lang='lat' dir='ltr'><strong>,aaron</strong></span> <span class='ocrx_word' id='word_1_376' title='bbox 602 4175 1030 4269; x_wconf 74' lang='lat' dir='ltr'><strong>anconnn&#39;ron.</strong></span> <span class='ocrx_word' id='word_1_377' title='bbox 1103 4216 1106 4222; x_wconf 89' lang='lat'>·</span> 
     </span>
    </p>
   </div>
   <div class='ocr_carea' id='block_1_30' title="bbox 120 4296 1300 4419">
    <p class='ocr_par' dir='ltr' id='par_1_30' title="bbox 120 4296 1300 4419">
     <span class='ocr_line' id='line_1_43' title="bbox 120 4296 1300 4419; baseline 0.003 -28"><span class='ocrx_word' id='word_1_378' title='bbox 120 4296 203 4414; x_wconf 75' lang='lat' dir='ltr'><strong>Quo</strong></span> <span class='ocrx_word' id='word_1_379' title='bbox 223 4326 359 4416; x_wconf 89' lang='lat' dir='ltr'><strong>tempore</strong></span> <span class='ocrx_word' id='word_1_380' title='bbox 386 4337 500 4399; x_wconf 87' lang='lat' dir='ltr'><strong>bellum</strong></span> <span class='ocrx_word' id='word_1_381' title='bbox 527 4350 599 4400; x_wconf 53' lang='lat' dir='ltr'><strong>erat⁴</strong></span> <span class='ocrx_word' id='word_1_382' title='bbox 615 4337 696 4400; x_wconf 87' lang='lat' dir='ltr'><strong>inter</strong></span> <span class='ocrx_word' id='word_1_383' title='bbox 711 4335 917 4411; x_wconf 83' lang='lat' dir='ltr'><strong>Athenienses</strong></span> <span class='ocrx_word' id='word_1_384' title='bbox 943 4347 976 4395; x_wconf 86' lang='lat' dir='ltr'><strong>et</strong></span> <span class='ocrx_word' id='word_1_385' title='bbox 997 4355 1103 4419; x_wconf 79' lang='lat' dir='ltr'><strong>regem</strong></span> <span class='ocrx_word' id='word_1_386' title='bbox 1119 4335 1300 4409; x_wconf 86' lang='lat' dir='ltr'><strong>Persarum,</strong></span> 
     </span>
    </p>
   </div>
   <div class='ocr_carea' id='block_1_31' title="bbox 0 0 1372 4754">
    <p class='ocr_par' dir='ltr' id='par_1_31' title="bbox 0 0 1372 4754">
     <span class='ocr_line' id='line_1_44' title="bbox 0 0 1372 4754; baseline 0 0"><span class='ocrx_word' id='word_1_387' title='bbox 0 0 1372 4754; x_wconf 95' lang='lat' dir='ltr'><strong> </strong></span> 
     </span>
    </p>
   </div>
  </div>
 </body>
</html>
