<?xml version="1.0" encoding="UTF-8"?>
<!DOCTYPE html PUBLIC "-//W3C//DTD XHTML 1.0 Transitional//EN"
    "http://www.w3.org/TR/xhtml1/DTD/xhtml1-transitional.dtd">
<html xmlns="http://www.w3.org/1999/xhtml" xml:lang="en" lang="en">
 <head>
  <title>
</title>
<meta http-equiv="Content-Type" content="text/html;charset=utf-8" />
  <meta name='ocr-system' content='tesseract 3.04.00' />
  <meta name='ocr-capabilities' content='ocr_page ocr_carea ocr_par ocr_line ocrx_word'/>
</head>
<body>
  <div class='ocr_page' id='page_1' title='image "./demosthenisquae04schgoog_0295.png"; bbox 0 0 2722 4754; ppageno 0'>
   <div class='ocr_carea' id='block_1_1' title="bbox 154 72 1287 213">
    <p class='ocr_par' dir='ltr' id='par_1_1' title="bbox 154 72 1287 213">
     <span class='ocr_line' id='line_1_1' title="bbox 154 72 1287 213; baseline -0.004 -24"><span class='ocrx_word' id='word_1_1' title='bbox 154 82 215 190; x_wconf 74' lang='lat' dir='ltr'><strong>ass</strong></span> <span class='ocrx_word' id='word_1_2' title='bbox 337 102 340 106; x_wconf 75' lang='grc'><strong>’</strong></span> <span class='ocrx_word' id='word_1_3' title='bbox 398 72 800 197; x_wconf 64' lang='grc' dir='ltr'>,ὐΕΜοεΤΗΕΝΙέ</span> <span class='ocrx_word' id='word_1_4' title='bbox 836 93 1032 213; x_wconf 75' lang='lat' dir='ltr'><strong>onnrto</strong></span> <span class='ocrx_word' id='word_1_5' title='bbox 1217 178 1248 203; x_wconf 20' lang='lat'><strong>¹.</strong></span> <span class='ocrx_word' id='word_1_6' title='bbox 1285 122 1287 131; x_wconf 77' lang='grc'>’</span> 
     </span>
    </p>
   </div>
   <div class='ocr_carea' id='block_1_2' title="bbox 9 269 1361 4365">
    <p class='ocr_par' dir='ltr' id='par_1_2' title="bbox 9 269 1361 4365">
     <span class='ocr_line' id='line_1_2' title="bbox 103 269 1361 365; baseline -0.007 -19.364"><span class='ocrx_word' id='word_1_7' title='bbox 103 335 119 350; x_wconf 30' lang='lat' dir='ltr'><strong>r</strong></span> <span class='ocrx_word' id='word_1_8' title='bbox 154 295 256 347; x_wconf 86' lang='lat' dir='ltr'><strong>autem</strong></span> <span class='ocrx_word' id='word_1_9' title='bbox 274 276 572 365; x_wconf 76' lang='lat' dir='ltr'><strong>ignominiosussis:</strong></span> <span class='ocrx_word' id='word_1_10' title='bbox 590 299 647 339; x_wconf 89' lang='lat' dir='ltr'><strong>nec</strong></span> <span class='ocrx_word' id='word_1_11' title='bbox 665 277 756 339; x_wconf 86' lang='lat' dir='ltr'><strong>verba</strong></span> <span class='ocrx_word' id='word_1_12' title='bbox 773 275 889 351; x_wconf 86' lang='lat' dir='ltr'><strong>facere,</strong></span> <span class='ocrx_word' id='word_1_13' title='bbox 908 296 965 338; x_wconf 89' lang='lat' dir='ltr'><strong>nec</strong></span> <span class='ocrx_word' id='word_1_14' title='bbox 984 269 1156 335; x_wconf 85' lang='lat' dir='ltr'><strong>decernere</strong></span> <span class='ocrx_word' id='word_1_15' title='bbox 1167 274 1296 362; x_wconf 65' lang='lat' dir='ltr'><strong>fiblllss‘</strong></span> <span class='ocrx_word' id='word_1_16' title='bbox 1331 319 1361 344; x_wconf 60' lang='grc'>,</span> 
     </span>
     <span class='ocr_line' id='line_1_3' title="bbox 70 354 1302 448; baseline -0.003 -20"><span class='ocrx_word' id='word_1_17' title='bbox 70 375 132 442; x_wconf 77' lang='grc'>’384</span> <span class='ocrx_word' id='word_1_18' title='bbox 153 354 201 433; x_wconf 70' lang='lat' dir='ltr'><strong>Ac</strong></span> <span class='ocrx_word' id='word_1_19' title='bbox 219 370 257 428; x_wconf 89' lang='lat' dir='ltr'><strong>de</strong></span> <span class='ocrx_word' id='word_1_20' title='bbox 275 357 405 448; x_wconf 77' lang='lat' dir='ltr'><strong>legibus,</strong></span> <span class='ocrx_word' id='word_1_21' title='bbox 424 356 552 443; x_wconf 81' lang='lat' dir='ltr'><strong>quasin</strong></span> <span class='ocrx_word' id='word_1_22' title='bbox 566 364 699 423; x_wconf 90' lang='lat' dir='ltr'><strong>medium</strong></span> <span class='ocrx_word' id='word_1_23' title='bbox 718 362 888 436; x_wconf 76' lang='lat' dir='ltr'><strong>attulimus,</strong></span> <span class='ocrx_word' id='word_1_24' title='bbox 907 362 932 421; x_wconf 92' lang='lat' dir='ltr'><strong>si</strong></span> <span class='ocrx_word' id='word_1_25' title='bbox 951 360 1025 446; x_wconf 80' lang='lat' dir='ltr'><strong>quid</strong></span> <span class='ocrx_word' id='word_1_26' title='bbox 1044 359 1153 438; x_wconf 83' lang='lat' dir='ltr'><strong>aflerre</strong></span> <span class='ocrx_word' id='word_1_27' title='bbox 1171 360 1235 421; x_wconf 87' lang='lat' dir='ltr'><strong>fuci</strong></span> <span class='ocrx_word' id='word_1_28' title='bbox 1252 385 1302 424; x_wconf 84' lang='lat' dir='ltr'><strong>vos</strong></span> 
     </span>
     <span class='ocr_line' id='line_1_4' title="bbox 42 446 1348 538; baseline -0.005 -23"><span class='ocrx_word' id='word_1_29' title='bbox 42 478 45 482; x_wconf 55' lang='lat'><em>⁴</em></span> <span class='ocrx_word' id='word_1_30' title='bbox 66 506 72 527; x_wconf 84' lang='lat'><strong>,</strong></span> <span class='ocrx_word' id='word_1_31' title='bbox 153 451 220 538; x_wconf 81' lang='lat' dir='ltr'><strong>qne¹</strong></span> <span class='ocrx_word' id='word_1_32' title='bbox 232 454 377 513; x_wconf 79' lang='lat' dir='ltr'><strong>seducere</strong></span> <span class='ocrx_word' id='word_1_33' title='bbox 395 447 550 510; x_wconf 85' lang='lat' dir='ltr'><strong>instituet:</strong></span> <span class='ocrx_word' id='word_1_34' title='bbox 568 449 642 508; x_wconf 92' lang='lat' dir='ltr'><strong>haec</strong></span> <span class='ocrx_word' id='word_1_35' title='bbox 660 448 746 508; x_wconf 85' lang='lat' dir='ltr'><strong>vobis</strong></span> <span class='ocrx_word' id='word_1_36' title='bbox 766 467 832 508; x_wconf 87' lang='lat' dir='ltr'><strong>esse</strong></span> <span class='ocrx_word' id='word_1_37' title='bbox 849 449 992 521; x_wconf 89' lang='lat' dir='ltr'><strong>tenenda,</strong></span> <span class='ocrx_word' id='word_1_38' title='bbox 1011 468 1087 526; x_wconf 89' lang='lat' dir='ltr'><strong>quae</strong></span> <span class='ocrx_word' id='word_1_39' title='bbox 1105 446 1258 520; x_wconf 89' lang='lat' dir='ltr'><strong>recensui,</strong></span> <span class='ocrx_word' id='word_1_40' title='bbox 1273 471 1348 509; x_wconf 48' lang='lat' dir='ltr'><strong>ar*</strong></span> 
     </span>
     <span class='ocr_line' id='line_1_5' title="bbox 82 527 1320 617; baseline -0.008 -16"><span class='ocrx_word' id='word_1_41' title='bbox 82 537 84 541; x_wconf 68' lang='grc'><strong>’</strong></span> <span class='ocrx_word' id='word_1_42' title='bbox 152 537 259 602; x_wconf 79' lang='lat' dir='ltr'><strong>bitror.</strong></span> <span class='ocrx_word' id='word_1_43' title='bbox 301 527 382 617; x_wconf 78' lang='lat' dir='ltr'><strong>Sunt</strong></span> <span class='ocrx_word' id='word_1_44' title='bbox 399 547 499 610; x_wconf 80' lang='lat' dir='ltr'><strong>autem</strong></span> <span class='ocrx_word' id='word_1_45' title='bbox 519 534 547 594; x_wconf 92' lang='lat' dir='ltr'><strong>ei</strong></span> <span class='ocrx_word' id='word_1_46' title='bbox 566 547 597 600; x_wconf 81' lang='lat' dir='ltr'><strong>et</strong></span> <span class='ocrx_word' id='word_1_47' title='bbox 615 535 652 594; x_wconf 93' lang='lat' dir='ltr'><strong>de</strong></span> <span class='ocrx_word' id='word_1_48' title='bbox 671 533 799 595; x_wconf 58' lang='lat' dir='ltr'><strong>caeteris.</strong></span> <span class='ocrx_word' id='word_1_49' title='bbox 822 533 975 592; x_wconf 85' lang='lat' dir='ltr'><strong>orationes</strong></span> <span class='ocrx_word' id='word_1_50' title='bbox 995 533 1032 591; x_wconf 84' lang='lat' dir='ltr'><strong>ad</strong></span> <span class='ocrx_word' id='word_1_51' title='bbox 1050 552 1104 591; x_wconf 84' lang='lat' dir='ltr'><strong>vos</strong></span> <span class='ocrx_word' id='word_1_52' title='bbox 1125 531 1320 613; x_wconf 62' lang='lat' dir='ltr'><strong>decipiendi&gt;</strong></span> 
     </span>
     <span class='ocr_line' id='line_1_6' title="bbox 128 613 1353 703; baseline -0.002 -22"><span class='ocrx_word' id='word_1_53' title='bbox 128 678 129 681; x_wconf 74' lang='grc'>,</span> <span class='ocrx_word' id='word_1_54' title='bbox 152 614 454 703; x_wconf 81' lang='lat' dir='ltr'><strong>belle&#39;comparatae:</strong></span> <span class='ocrx_word' id='word_1_55' title='bbox 473 620 510 678; x_wconf 91' lang='lat' dir='ltr'><strong>de</strong></span> <span class='ocrx_word' id='word_1_56' title='bbox 530 616 640 699; x_wconf 89' lang='lat' dir='ltr'><strong>quibus</strong></span> <span class='ocrx_word' id='word_1_57' title='bbox 653 640 707 678; x_wconf 80' lang='lat' dir='ltr'><strong>vos</strong></span> <span class='ocrx_word' id='word_1_58' title='bbox 721 618 813 699; x_wconf 84' lang='lat' dir='ltr'><strong>prius&#39;</strong></span> <span class='ocrx_word' id='word_1_59' title='bbox 825 617 929 695; x_wconf 78' lang='lat' dir='ltr'><strong>audire</strong></span> <span class='ocrx_word' id='word_1_60' title='bbox 947 613 1087 698; x_wconf 83' lang='lat' dir='ltr'><strong>praestat.</strong></span> <span class='ocrx_word' id='word_1_61' title='bbox 1106 619 1245 693; x_wconf 89' lang='lat' dir='ltr'><strong>Quarum</strong></span> <span class='ocrx_word' id='word_1_62' title='bbox 1262 640 1305 685; x_wconf 83' lang='lat' dir='ltr'><strong>un</strong></span> <span class='ocrx_word' id='word_1_63' title='bbox 1328 644 1353 652; x_wconf 76' lang='grc'>-</span> 
     </span>
     <span class='ocr_line' id='line_1_7' title="bbox 132 702 1331 786; baseline -0.004 -18"><span class='ocrx_word' id='word_1_64' title='bbox 132 709 220 778; x_wconf 74' lang='lat' dir='ltr'><strong>‘talis</strong></span> <span class='ocrx_word' id='word_1_65' title='bbox 240 719 301 767; x_wconf 84' lang='lat' dir='ltr'><strong>est:</strong></span> <span class='ocrx_word' id='word_1_66' title='bbox 336 707 383 765; x_wconf 91' lang='lat' dir='ltr'><strong>Ne</strong></span> <span class='ocrx_word' id='word_1_67' title='bbox 407 705 591 786; x_wconf 83' lang='lat' dir='ltr'><strong>quingentos</strong></span> <span class='ocrx_word' id='word_1_68' title='bbox 615 716 786 763; x_wconf 88' lang='lat' dir='ltr'><strong>vestrorum</strong></span> <span class='ocrx_word' id='word_1_69' title='bbox 803 703 920 763; x_wconf 85' lang='lat' dir='ltr'><strong>civium</strong></span> <span class='ocrx_word' id='word_1_70' title='bbox 946 702 1081 783; x_wconf 88' lang='lat' dir='ltr'><strong>praemio</strong></span> <span class='ocrx_word' id='word_1_71' title='bbox 1108 702 1247 784; x_wconf 89' lang='lat' dir='ltr'><strong>spolietis</strong></span> <span class='ocrx_word' id='word_1_72' title='bbox 1271 725 1331 768; x_wconf 72' lang='lat' dir='ltr'><strong>at·</strong></span> 
     </span>
     <span class='ocr_line' id='line_1_8' title="bbox 143 788 1354 878; baseline -0.007 -23"><span class='ocrx_word' id='word_1_73' title='bbox 143 790 321 878; x_wconf 60' lang='lat' dir='ltr'><strong>&#39;ignominia</strong></span> <span class='ocrx_word' id='word_1_74' title='bbox 339 790 490 850; x_wconf 82' lang='lat' dir='ltr'><strong>afficiatis:</strong></span> <span class='ocrx_word' id='word_1_75' title='bbox 508 788 631 847; x_wconf 91' lang='lat' dir='ltr'><strong>illorum</strong></span> <span class='ocrx_word' id='word_1_76' title='bbox 649 789 698 871; x_wconf 81' lang='lat' dir='ltr'><strong>agi</strong></span> <span class='ocrx_word' id='word_1_77' title='bbox 716 788 844 861; x_wconf 82' lang='lat' dir='ltr'><strong>caus‘am,</strong></span> <span class='ocrx_word' id='word_1_78' title='bbox 863 807 926 847; x_wconf 91' lang='lat' dir='ltr'><strong>non</strong></span> <span class='ocrx_word' id='word_1_79' title='bbox 945 810 1037 847; x_wconf 85' lang='lat' dir='ltr'><strong>suam.</strong></span> <span class='ocrx_word' id='word_1_80' title='bbox 1054 788 1122 869; x_wconf 81' lang='lat' dir='ltr'><strong>Ego</strong></span> <span class='ocrx_word' id='word_1_81' title='bbox 1141 809 1228 860; x_wconf 87' lang='lat' dir='ltr'><strong>vero,</strong></span> <span class='ocrx_word' id='word_1_82' title='bbox 1246 788 1272 847; x_wconf 94' lang='lat' dir='ltr'><strong>si</strong></span> <span class='ocrx_word' id='word_1_83' title='bbox 1285 789 1354 853; x_wconf 71' lang='lat' dir='ltr'><strong>il-</strong></span> 
     </span>
     <span class='ocr_line' id='line_1_9' title="bbox 68 870 1341 956; baseline -0.006 -16"><span class='ocrx_word' id='word_1_84' title='bbox 68 901 87 930; x_wconf 67' lang='lat' dir='ltr'><strong>a</strong></span> <span class='ocrx_word' id='word_1_85' title='bbox 114 882 116 888; x_wconf 75' lang='grc'><em>’</em></span> <span class='ocrx_word' id='word_1_86' title='bbox 135 871 362 941; x_wconf 45' lang='lat' dir='ltr'><strong>‘los1duntaxat</strong></span> <span class='ocrx_word' id='word_1_87' title='bbox 379 873 556 956; x_wconf 85' lang='lat' dir='ltr'><strong>spoliatori,</strong></span> <span class='ocrx_word' id='word_1_88' title='bbox 581 870 765 955; x_wconf 89' lang='lat' dir='ltr'><strong>reipublicae</strong></span> <span class='ocrx_word' id='word_1_89' title='bbox 784 887 890 951; x_wconf 86' lang='lat' dir='ltr'><strong>autem</strong></span> <span class='ocrx_word' id='word_1_90' title='bbox 903 871 979 934; x_wconf 88' lang='lat' dir='ltr'>nihil</span> <span class='ocrx_word' id='word_1_91' title='bbox 999 873 1223 935; x_wconf 82' lang='lat' dir='ltr'><strong>commodaturi</strong></span> <span class='ocrx_word' id='word_1_92' title='bbox 1241 894 1341 935; x_wconf 78' lang='lat' dir='ltr'><strong>esse.</strong></span> 
     </span>
     <span class='ocr_line' id='line_1_10' title="bbox 34 946 1333 1042; baseline -0.005 -16"><span class='ocrx_word' id='word_1_93' title='bbox 34 994 36 1002; x_wconf 59' lang='lat'><strong><em>¹</em></strong></span> <span class='ocrx_word' id='word_1_94' title='bbox 57 1005 62 1018; x_wconf 84' lang='lat'><strong>.</strong></span> <span class='ocrx_word' id='word_1_95' title='bbox 118 1034 122 1042; x_wconf 82' lang='lat'><strong>.</strong></span> <span class='ocrx_word' id='word_1_96' title='bbox 150 966 205 1028; x_wconf 89' lang='lat' dir='ltr'><strong>tis:</strong></span> <span class='ocrx_word' id='word_1_97' title='bbox 224 977 288 1024; x_wconf 87' lang='lat' dir='ltr'><strong>non</strong></span> <span class='ocrx_word' id='word_1_98' title='bbox 305 961 391 1030; x_wconf 72' lang='lat' dir='ltr'><strong>vohis</strong></span> <span class='ocrx_word' id='word_1_99' title='bbox 408 972 517 1039; x_wconf 79' lang='lat' dir='ltr'><strong>auctor·</strong></span> <span class='ocrx_word' id='word_1_100' title='bbox 534 976 640 1032; x_wconf 82' lang='lat' dir='ltr'><strong>essem,</strong></span> <span class='ocrx_word' id='word_1_101' title='bbox 657 972 693 1018; x_wconf 92' lang='lat' dir='ltr'><strong>ut</strong></span> <span class='ocrx_word' id='word_1_102' title='bbox 710 980 893 1040; x_wconf 83' lang='lat' dir='ltr'>magnopere</span> <span class='ocrx_word' id='word_1_103' title='bbox 912 958 1146 1019; x_wconf 78' lang='lat' dir='ltr'><strong>contenderetis.</strong></span> <span class='ocrx_word' id='word_1_104' title='bbox 1164 946 1232 1019; x_wconf 87' lang='lat' dir='ltr'><strong>Sed</strong></span> <span class='ocrx_word' id='word_1_105' title='bbox 1241 959 1268 1025; x_wconf 87' lang='lat' dir='ltr'><strong>si</strong></span> <span class='ocrx_word' id='word_1_106' title='bbox 1284 981 1333 1024; x_wconf 83' lang='lat' dir='ltr'><strong>eo</strong></span> 
     </span>
     <span class='ocr_line' id='line_1_11' title="bbox 9 1043 1325 1128; baseline -0.009 -17"><span class='ocrx_word' id='word_1_107' title='bbox 9 1049 11 1055; x_wconf 69' lang='grc'><em>’</em></span> <span class='ocrx_word' id='word_1_108' title='bbox 101 1058 102 1061; x_wconf 73' lang='grc'>’</span> <span class='ocrx_word' id='word_1_109' title='bbox 138 1052 232 1111; x_wconf 72' lang='lat' dir='ltr'><strong>lacto</strong></span> <span class='ocrx_word' id='word_1_110' title='bbox 251 1047 330 1113; x_wconf 80' lang='lat' dir='ltr'><strong>cives</strong></span> <span class='ocrx_word' id='word_1_111' title='bbox 349 1044 594 1128; x_wconf 51' lang='lat' dir='ltr'><strong>ampliusidecies</strong></span> <span class='ocrx_word' id='word_1_112' title='bbox 613 1043 696 1104; x_wconf 89' lang='lat' dir='ltr'><strong>mille</strong></span> <span class='ocrx_word' id='word_1_113' title='bbox 713 1044 854 1104; x_wconf 90' lang='lat' dir='ltr'><strong>meliores</strong></span> <span class='ocrx_word' id='word_1_114' title='bbox 874 1043 982 1103; x_wconf 87' lang='lat' dir='ltr'><strong>facturi</strong></span> <span class='ocrx_word' id='word_1_115' title='bbox 1002 1044 1089 1113; x_wconf 82' lang='lat' dir='ltr'><strong>estis:</strong></span> <span class='ocrx_word' id='word_1_116' title='bbox 1104 1045 1325 1124; x_wconf 40' lang='lat' dir='ltr'><strong>,quantopuh</strong></span> 
     </span>
     <span class='ocr_line' id='line_1_12' title="bbox 101 1128 1332 1211; baseline -0.005 -16"><span class='ocrx_word' id='word_1_117' title='bbox 101 1191 104 1209; x_wconf 66' lang='lat'><strong>,</strong></span> <span class='ocrx_word' id='word_1_118' title='bbox 152 1136 254 1196; x_wconf 90' lang='lat' dir='ltr'><strong>chrius</strong></span> <span class='ocrx_word' id='word_1_119' title='bbox 272 1145 319 1193; x_wconf 86' lang='lat' dir='ltr'><strong>est</strong></span> <span class='ocrx_word' id='word_1_120' title='bbox 337 1131 476 1202; x_wconf 84' lang='lat' dir='ltr'><strong>efficere,</strong></span> <span class='ocrx_word' id='word_1_121' title='bbox 492 1141 528 1188; x_wconf 90' lang='lat' dir='ltr'><strong>ut</strong></span> <span class='ocrx_word' id='word_1_122' title='bbox 544 1141 607 1188; x_wconf 88' lang='lat' dir='ltr'><strong>tam</strong></span> <span class='ocrx_word' id='word_1_123' title='bbox 625 1129 713 1189; x_wconf 90' lang='lat' dir='ltr'><strong>multi</strong></span> <span class='ocrx_word' id='word_1_124' title='bbox 732 1128 809 1191; x_wconf 89' lang='lat' dir='ltr'><strong>boni</strong></span> <span class='ocrx_word' id='word_1_125' title='bbox 824 1129 900 1201; x_wconf 86' lang='lat' dir='ltr'><strong>sint,</strong></span> <span class='ocrx_word' id='word_1_126' title='bbox 919 1150 1010 1207; x_wconf 87' lang='lat' dir='ltr'><strong>quam</strong></span> <span class='ocrx_word' id='word_1_127' title='bbox 1028 1129 1140 1189; x_wconf 90' lang='lat' dir='ltr'><strong>iniuste</strong></span> <span class='ocrx_word' id='word_1_128' title='bbox 1159 1129 1321 1211; x_wconf 82' lang='lat' dir='ltr'><strong>gratificari</strong></span> <span class='ocrx_word' id='word_1_129' title='bbox 1330 1157 1332 1163; x_wconf 94' lang='lat'>·</span> 
     </span>
     <span class='ocr_line' id='line_1_13' title="bbox 152 1210 1318 1302; baseline -0.003 -24"><span class='ocrx_word' id='word_1_130' title='bbox 152 1216 349 1302; x_wconf 76' lang='lat' dir='ltr'><strong>quingentis?</strong></span> <span class='ocrx_word' id='word_1_131' title='bbox 383 1216 492 1276; x_wconf 86' lang='lat' dir='ltr'><strong>Dicere</strong></span> <span class='ocrx_word' id='word_1_132' title='bbox 511 1227 611 1286; x_wconf 75' lang='lat' dir='ltr'><strong>autern</strong></span> <span class='ocrx_word' id='word_1_133' title='bbox 636 1235 776 1295; x_wconf 88' lang='lat' dir='ltr'><strong>possum,</strong></span> <span class='ocrx_word' id='word_1_134' title='bbox 799 1210 961 1295; x_wconf 52' lang='lat' dir='ltr'><strong>,negotium</strong></span> <span class='ocrx_word' id='word_1_135' title='bbox 981 1214 1040 1273; x_wconf 93' lang='lat' dir='ltr'><strong>hoc</strong></span> <span class='ocrx_word' id='word_1_136' title='bbox 1057 1235 1121 1274; x_wconf 94' lang='lat' dir='ltr'><strong>non</strong></span> <span class='ocrx_word' id='word_1_137' title='bbox 1140 1235 1208 1279; x_wconf 87' lang='lat' dir='ltr'><strong>esse</strong></span> <span class='ocrx_word' id='word_1_138' title='bbox 1224 1215 1318 1277; x_wconf 84' lang='lat' dir='ltr'><strong>totius</strong></span> 
     </span>
     <span class='ocr_line' id='line_1_14' title="bbox 152 1298 1317 1387; baseline -0.006 -20"><span class='ocrx_word' id='word_1_139' title='bbox 152 1318 286 1377; x_wconf 87' lang='lat' dir='ltr'><strong>senatus,</strong></span> <span class='ocrx_word' id='word_1_140' title='bbox 303 1303 357 1362; x_wconf 90' lang='lat' dir='ltr'><strong>sed</strong></span> <span class='ocrx_word' id='word_1_141' title='bbox 376 1300 582 1381; x_wconf 90' lang='lat' dir='ltr'><strong>quorundam,</strong></span> <span class='ocrx_word' id='word_1_142' title='bbox 600 1301 653 1379; x_wconf 92' lang='lat' dir='ltr'><strong>qni</strong></span> <span class='ocrx_word' id='word_1_143' title='bbox 670 1313 742 1360; x_wconf 85' lang='lat' dir='ltr'><strong>sunt</strong></span> <span class='ocrx_word' id='word_1_144' title='bbox 758 1312 897 1359; x_wconf 78' lang='lat' dir='ltr'><strong>auctores</strong></span> <span class='ocrx_word' id='word_1_145' title='bbox 916 1299 1081 1372; x_wconf 86' lang='lat' dir='ltr'><strong>malorum,</strong></span> <span class='ocrx_word' id='word_1_146' title='bbox 1101 1312 1132 1359; x_wconf 86' lang='lat' dir='ltr'><strong>et</strong></span> <span class='ocrx_word' id='word_1_147' title='bbox 1149 1298 1317 1387; x_wconf 74' lang='lat' dir='ltr'><strong>Androtio·</strong></span> 
     </span>
     <span class='ocr_line' id='line_1_15' title="bbox 113 1382 1318 1466; baseline -0.007 -13"><span class='ocrx_word' id='word_1_148' title='bbox 113 1455 114 1463; x_wconf 54' lang='grc'>,</span> <span class='ocrx_word' id='word_1_149' title='bbox 152 1391 208 1453; x_wconf 91' lang='lat' dir='ltr'><strong>nis.</strong></span> <span class='ocrx_word' id='word_1_150' title='bbox 244 1385 303 1451; x_wconf 89' lang='lat' dir='ltr'><strong>Cui</strong></span> <span class='ocrx_word' id='word_1_151' title='bbox 322 1388 402 1447; x_wconf 89' lang='lat' dir='ltr'><strong>enim</strong></span> <span class='ocrx_word' id='word_1_152' title='bbox 421 1384 588 1466; x_wconf 89' lang='lat' dir='ltr'><strong>opprobrio</strong></span> <span class='ocrx_word' id='word_1_153' title='bbox 607 1397 668 1460; x_wconf 93' lang='lat' dir='ltr'><strong>est,</strong></span> <span class='ocrx_word' id='word_1_154' title='bbox 687 1385 722 1458; x_wconf 87' lang='lat' dir='ltr'><strong>si,</strong></span> <span class='ocrx_word' id='word_1_155' title='bbox 734 1397 858 1445; x_wconf 85' lang='lat' dir='ltr'><strong>tacente</strong></span> <span class='ocrx_word' id='word_1_156' title='bbox 876 1384 943 1465; x_wconf 92' lang='lat' dir='ltr'><strong>ipso</strong></span> <span class='ocrx_word' id='word_1_157' title='bbox 963 1397 994 1443; x_wconf 94' lang='lat' dir='ltr'><strong>et</strong></span> <span class='ocrx_word' id='word_1_158' title='bbox 1010 1384 1088 1447; x_wconf 89' lang='lat' dir='ltr'><strong>nihil</strong></span> <span class='ocrx_word' id='word_1_159' title='bbox 1106 1382 1271 1458; x_wconf 80' lang='lat' dir='ltr'><strong>scribente,</strong></span> <span class='ocrx_word' id='word_1_160' title='bbox 1289 1406 1318 1446; x_wconf 85' lang='lat' dir='ltr'><strong>ac</strong></span> 
     </span>
     <span class='ocr_line' id='line_1_16' title="bbox 55 1469 1317 1551; baseline -0.005 -15"><span class='ocrx_word' id='word_1_161' title='bbox 55 1508 57 1512; x_wconf 83' lang='lat'><strong>.</strong></span> <span class='ocrx_word' id='word_1_162' title='bbox 113 1526 117 1533; x_wconf 88' lang='lat'><strong>.</strong></span> <span class='ocrx_word' id='word_1_163' title='bbox 141 1471 288 1551; x_wconf 51' lang='lat' dir='ltr'><strong>‘fortassis</strong></span> <span class='ocrx_word' id='word_1_164' title='bbox 307 1492 344 1531; x_wconf 93' lang='lat' dir='ltr'><strong>ne</strong></span> <span class='ocrx_word' id='word_1_165' title='bbox 364 1472 476 1536; x_wconf 89' lang='lat' dir='ltr'><strong>curiam</strong></span> <span class='ocrx_word' id='word_1_166' title='bbox 503 1470 880 1549; x_wconf 68' lang='lat' dir='ltr'><strong>frequentante,‚senatns</strong></span> <span class='ocrx_word' id='word_1_167' title='bbox 905 1489 1056 1529; x_wconf 89' lang='lat' dir='ltr'><strong>coronam·</strong></span> <span class='ocrx_word' id='word_1_168' title='bbox 1068 1491 1131 1545; x_wconf 88' lang='lat' dir='ltr'><strong>non</strong></span> <span class='ocrx_word' id='word_1_169' title='bbox 1149 1469 1317 1551; x_wconf 80' lang='lat' dir='ltr'><strong>acceperit?</strong></span> 
     </span>
     <span class='ocr_line' id='line_1_17' title="bbox 73 1554 1320 1636; baseline -0.004 -15"><span class='ocrx_word' id='word_1_170' title='bbox 73 1561 75 1564; x_wconf 67' lang='grc'>’</span> <span class='ocrx_word' id='word_1_171' title='bbox 152 1559 276 1621; x_wconf 86' lang='lat' dir='ltr'><strong>Nemini</strong></span> <span class='ocrx_word' id='word_1_172' title='bbox 293 1578 380 1617; x_wconf 89' lang='lat' dir='ltr'><strong>sane:</strong></span> <span class='ocrx_word' id='word_1_173' title='bbox 399 1557 454 1619; x_wconf 92' lang='lat' dir='ltr'><strong>sed</strong></span> <span class='ocrx_word' id='word_1_174' title='bbox 471 1555 548 1627; x_wconf 87' lang='lat' dir='ltr'><strong>eius,</strong></span> <span class='ocrx_word' id='word_1_175' title='bbox 567 1556 620 1635; x_wconf 89' lang='lat' dir='ltr'><strong>qui</strong></span> <span class='ocrx_word' id='word_1_176' title='bbox 638 1554 789 1628; x_wconf 88' lang='lat' dir='ltr'><strong>decernit,</strong></span> <span class='ocrx_word' id='word_1_177' title='bbox 808 1568 839 1614; x_wconf 89' lang='lat' dir='ltr'><strong>et</strong></span> <span class='ocrx_word' id='word_1_178' title='bbox 855 1575 903 1615; x_wconf 86' lang='lat' dir='ltr'><strong>res</strong></span> <span class='ocrx_word' id='word_1_179' title='bbox 923 1554 1128 1628; x_wconf 65' lang='lat' dir='ltr'><strong>administrat,</strong></span> <span class='ocrx_word' id='word_1_180' title='bbox 1147 1569 1179 1615; x_wconf 89' lang='lat' dir='ltr'><strong>et</strong></span> <span class='ocrx_word' id='word_1_181' title='bbox 1197 1555 1320 1636; x_wconf 78' lang='lat' dir='ltr'><strong>quaevis</strong></span> 
     </span>
     <span class='ocr_line' id='line_1_18' title="bbox 151 1638 1320 1740; baseline -0.003 -35"><span class='ocrx_word' id='word_1_182' title='bbox 151 1643 271 1715; x_wconf 86' lang='lat' dir='ltr'><strong>senatui</strong></span> <span class='ocrx_word' id='word_1_183' title='bbox 288 1642 464 1722; x_wconf 82' lang='lat' dir='ltr'><strong>persuadet:</strong></span> <span class='ocrx_word' id='word_1_184' title='bbox 487 1653 614 1720; x_wconf 89' lang='lat' dir='ltr'><strong>propter</strong></span> <span class='ocrx_word' id='word_1_185' title='bbox 631 1639 688 1699; x_wconf 94' lang='lat' dir='ltr'><strong>hos</strong></span> <span class='ocrx_word' id='word_1_186' title='bbox 707 1638 838 1699; x_wconf 89' lang='lat' dir='ltr'><strong>enimin</strong></span> <span class='ocrx_word' id='word_1_187' title='bbox 857 1639 1001 1700; x_wconf 91' lang='lat' dir='ltr'><strong>obeundo</strong></span> <span class='ocrx_word' id='word_1_188' title='bbox 1011 1661 1147 1740; x_wconf 47' lang='lat' dir='ltr'><strong>‘munere</strong></span> <span class='ocrx_word' id='word_1_189' title='bbox 1166 1640 1320 1703; x_wconf 85' lang='lat' dir='ltr'><strong>senatorio</strong></span> 
     </span>
     <span class='ocr_line' id='line_1_19' title="bbox 114 1721 1323 1808; baseline -0.003 -18"><span class='ocrx_word' id='word_1_190' title='bbox 114 1721 117 1724; x_wconf 38' lang='lat'><strong><em>¹</em></strong></span> <span class='ocrx_word' id='word_1_191' title='bbox 152 1749 185 1790; x_wconf 89' lang='lat' dir='ltr'><strong>se</strong></span> <span class='ocrx_word' id='word_1_192' title='bbox 204 1746 316 1790; x_wconf 88' lang='lat' dir='ltr'><strong>corona</strong></span> <span class='ocrx_word' id='word_1_193' title='bbox 334 1724 477 1808; x_wconf 86' lang='lat' dir='ltr'><strong>indignos</strong></span> <span class='ocrx_word' id='word_1_194' title='bbox 495 1725 709 1805; x_wconf 79' lang='lat' dir='ltr'><strong>praebuerunt.</strong></span> <span class='ocrx_word' id='word_1_195' title='bbox 751 1723 812 1784; x_wconf 88' lang='lat' dir='ltr'><strong>Sed</strong></span> <span class='ocrx_word' id='word_1_196' title='bbox 830 1738 942 1800; x_wconf 90' lang='lat' dir='ltr'><strong>tamen,</strong></span> <span class='ocrx_word' id='word_1_197' title='bbox 958 1739 993 1785; x_wconf 87' lang='lat' dir='ltr'><strong>ut</strong></span> <span class='ocrx_word' id='word_1_198' title='bbox 1011 1725 1141 1805; x_wconf 28' lang='lat' dir='ltr'><strong>maxime·</strong></span> <span class='ocrx_word' id='word_1_199' title='bbox 1156 1721 1254 1793; x_wconf 88' lang='lat' dir='ltr'><strong>totius</strong></span> <span class='ocrx_word' id='word_1_200' title='bbox 1273 1746 1323 1805; x_wconf 80' lang='lat' dir='ltr'><strong>se-</strong></span> 
     </span>
     <span class='ocr_line' id='line_1_20' title="bbox 56 1804 1323 1892; baseline -0.002 -18"><span class='ocrx_word' id='word_1_201' title='bbox 56 1852 57 1855; x_wconf 60' lang='lat'><em>=</em></span> <span class='ocrx_word' id='word_1_202' title='bbox 151 1812 240 1874; x_wconf 86' lang='lat' dir='ltr'><strong>natus</strong></span> <span class='ocrx_word' id='word_1_203' title='bbox 260 1832 348 1872; x_wconf 82' lang='lat' dir='ltr'><strong>causa</strong></span> <span class='ocrx_word' id='word_1_204' title='bbox 366 1804 481 1892; x_wconf 80' lang='lat' dir='ltr'><strong>agatur,</strong></span> <span class='ocrx_word' id='word_1_205' title='bbox 500 1804 616 1889; x_wconf 83' lang='lat' dir='ltr'><strong>quanto</strong></span> <span class='ocrx_word' id='word_1_206' title='bbox 631 1809 719 1869; x_wconf 80' lang='lat' dir='ltr'><strong>vobis</strong></span> <span class='ocrx_word' id='word_1_207' title='bbox 739 1831 808 1869; x_wconf 89' lang='lat' dir='ltr'><strong>eum</strong></span> <span class='ocrx_word' id='word_1_208' title='bbox 821 1810 1086 1870; x_wconf 55' lang='lat' dir='ltr'><strong>‘condemnaresit</strong></span> <span class='ocrx_word' id='word_1_209' title='bbox 1103 1811 1210 1872; x_wconf 86' lang='lat' dir='ltr'><strong>utilius</strong></span> <span class='ocrx_word' id='word_1_210' title='bbox 1232 1833 1323 1892; x_wconf 88' lang='lat' dir='ltr'><strong>quam</strong></span> 
     </span>
     <span class='ocr_line' id='line_1_21' title="bbox 74 1890 1360 1979; baseline -0.004 -19"><span class='ocrx_word' id='word_1_211' title='bbox 74 1897 100 1976; x_wconf 39' lang='grc' dir='ltr'><strong>Γ,</strong></span> <span class='ocrx_word' id='word_1_212' title='bbox 139 1894 226 1974; x_wconf 70' lang='lat' dir='ltr'><strong>non,</strong></span> <span class='ocrx_word' id='word_1_213' title='bbox 242 1908 383 1978; x_wconf 90' lang='lat' dir='ltr'><strong>spectate.</strong></span> <span class='ocrx_word' id='word_1_214' title='bbox 406 1895 537 1973; x_wconf 70' lang='lat' dir='ltr'><strong>Nam,=si</strong></span> <span class='ocrx_word' id='word_1_215' title='bbox 547 1894 754 1968; x_wconf 77' lang='lat' dir='ltr'><strong>absolveritis,</strong></span> <span class='ocrx_word' id='word_1_216' title='bbox 771 1895 803 1952; x_wconf 91' lang='lat' dir='ltr'><strong>in</strong></span> <span class='ocrx_word' id='word_1_217' title='bbox 822 1917 918 1979; x_wconf 87' lang='lat' dir='ltr'><strong>manu</strong></span> <span class='ocrx_word' id='word_1_218' title='bbox 932 1909 1086 1955; x_wconf 89' lang='lat' dir='ltr'><strong>oratorum</strong></span> <span class='ocrx_word' id='word_1_219' title='bbox 1105 1898 1165 1968; x_wconf 85' lang='lat' dir='ltr'><strong>erit</strong></span> <span class='ocrx_word' id='word_1_220' title='bbox 1181 1890 1325 1958; x_wconf 83' lang='lat' dir='ltr'><strong>senatus:</strong></span> <span class='ocrx_word' id='word_1_221' title='bbox 1351 1921 1360 1935; x_wconf 56' lang='lat'>⁸</span> 
     </span>
     <span class='ocr_line' id='line_1_22' title="bbox 151 1979 1327 2062; baseline -0.003 -19"><span class='ocrx_word' id='word_1_222' title='bbox 151 1985 198 2059; x_wconf 80' lang='lat' dir='ltr'><strong>sin</strong></span> <span class='ocrx_word' id='word_1_223' title='bbox 214 1980 434 2054; x_wconf 83' lang='lat' dir='ltr'><strong>damnaveritis,</strong></span> <span class='ocrx_word' id='word_1_224' title='bbox 449 1979 482 2038; x_wconf 91' lang='lat' dir='ltr'><strong>in</strong></span> <span class='ocrx_word' id='word_1_225' title='bbox 495 1982 602 2062; x_wconf 93' lang='lat' dir='ltr'><strong>populi</strong></span> <span class='ocrx_word' id='word_1_226' title='bbox 614 1993 772 2061; x_wconf 86' lang='lat' dir='ltr'><strong>potestate.</strong></span> <span class='ocrx_word' id='word_1_227' title='bbox 790 1979 867 2039; x_wconf 89' lang='lat' dir='ltr'><strong>Nam</strong></span> <span class='ocrx_word' id='word_1_228' title='bbox 882 1981 908 2040; x_wconf 92' lang='lat' dir='ltr'><strong>si</strong></span> <span class='ocrx_word' id='word_1_229' title='bbox 923 1981 1087 2041; x_wconf 89' lang='lat' dir='ltr'><strong>multitudo</strong></span> <span class='ocrx_word' id='word_1_230' title='bbox 1101 1982 1222 2057; x_wconf 86' lang='lat' dir='ltr'><strong>viderit,</strong></span> <span class='ocrx_word' id='word_1_231' title='bbox 1239 1982 1327 2041; x_wconf 89' lang='lat' dir='ltr'><strong>hunc</strong></span> 
     </span>
     <span class='ocr_line' id='line_1_23' title="bbox 150 2059 1327 2148; baseline -0.003 -18"><span class='ocrx_word' id='word_1_232' title='bbox 150 2081 289 2130; x_wconf 86' lang='lat' dir='ltr'><strong>senatum</strong></span> <span class='ocrx_word' id='word_1_233' title='bbox 307 2078 433 2147; x_wconf 90' lang='lat' dir='ltr'><strong>propter</strong></span> <span class='ocrx_word' id='word_1_234' title='bbox 445 2059 678 2146; x_wconf 77' lang='lat' dir='ltr'><strong>improbitatem·</strong></span> <span class='ocrx_word' id='word_1_235' title='bbox 689 2079 843 2126; x_wconf 88' lang='lat' dir='ltr'><strong>oratorum</strong></span> <span class='ocrx_word' id='word_1_236' title='bbox 862 2066 976 2136; x_wconf 81' lang='lat' dir='ltr'><strong>corona</strong></span> <span class='ocrx_word' id='word_1_237' title='bbox 992 2086 1057 2126; x_wconf 87' lang='lat' dir='ltr'><strong>esse</strong></span> <span class='ocrx_word' id='word_1_238' title='bbox 1071 2067 1235 2148; x_wconf 78' lang='lat' dir='ltr'><strong>privatum:</strong></span> <span class='ocrx_word' id='word_1_239' title='bbox 1254 2087 1327 2126; x_wconf 90' lang='lat' dir='ltr'><strong>non</strong></span> 
     </span>
     <span class='ocr_line' id='line_1_24' title="bbox 122 2138 1327 2253; baseline -0.001 -40"><span class='ocrx_word' id='word_1_240' title='bbox 122 2150 130 2178; x_wconf 74' lang='lat'><strong>&#39;&#39;</strong></span> <span class='ocrx_word' id='word_1_241' title='bbox 147 2148 273 2214; x_wconf 84' lang='lat' dir='ltr'><strong>illorum</strong></span> <span class='ocrx_word' id='word_1_242' title='bbox 290 2150 414 2234; x_wconf 84' lang='lat' dir='ltr'><strong>negotia</strong></span> <span class='ocrx_word' id='word_1_243' title='bbox 431 2150 551 2227; x_wconf 82' lang='lat' dir='ltr'><strong>hbrdrnr</strong></span> <span class='ocrx_word' id='word_1_244' title='bbox 569 2150 775 2253; x_wconf 58' lang='lat' dir='ltr'><strong>committent,</strong></span> <span class='ocrx_word' id='word_1_245' title='bbox 799 2153 856 2236; x_wconf 39' lang='lat' dir='ltr'><strong>sed,</strong></span> <span class='ocrx_word' id='word_1_246' title='bbox 871 2151 930 2231; x_wconf 92' lang='lat' dir='ltr'><strong>ipsi</strong></span> <span class='ocrx_word' id='word_1_247' title='bbox 949 2170 982 2211; x_wconf 90' lang='lat' dir='ltr'><strong>ea</strong></span> <span class='ocrx_word' id='word_1_248' title='bbox 1001 2152 1104 2235; x_wconf 73' lang='lat' dir='ltr'><strong>dicent</strong></span> <span class='ocrx_word' id='word_1_249' title='bbox 1113 2195 1128 2228; x_wconf 26' lang='grc' dir='ltr'><strong>,ι</strong></span> <span class='ocrx_word' id='word_1_250' title='bbox 1150 2138 1227 2233; x_wconf 78' lang='lat' dir='ltr'><strong>quae</strong></span> <span class='ocrx_word' id='word_1_251' title='bbox 1248 2163 1327 2214; x_wconf 85' lang='lat' dir='ltr'><strong>sunt</strong></span> 
     </span>
     <span class='ocr_line' id='line_1_25' title="bbox 19 2225 1347 2319; baseline -0.001 -22"><span class='ocrx_word' id='word_1_252' title='bbox 19 2244 23 2253; x_wconf 76' lang='lat'><strong><em>¹</em></strong></span> <span class='ocrx_word' id='word_1_253' title='bbox 83 2243 88 2249; x_wconf 87' lang='lat'><em>&#39;</em></span> <span class='ocrx_word' id='word_1_254' title='bbox 124 2254 127 2259; x_wconf 84' lang='lat'>·</span> <span class='ocrx_word' id='word_1_255' title='bbox 146 2225 317 2312; x_wconf 70' lang='lat' dir='ltr'><strong>ulilissima.</strong></span> <span class='ocrx_word' id='word_1_256' title='bbox 335 2236 429 2319; x_wconf 84' lang='lat' dir='ltr'><strong>Quod</strong></span> <span class='ocrx_word' id='word_1_257' title='bbox 443 2234 469 2292; x_wconf 92' lang='lat' dir='ltr'><strong>si</strong></span> <span class='ocrx_word' id='word_1_258' title='bbox 486 2235 549 2308; x_wconf 83' lang='lat' dir='ltr'><strong>fi&#39;et,</strong></span> <span class='ocrx_word' id='word_1_259' title='bbox 566 2242 683 2316; x_wconf 84' lang='lat' dir='ltr'><strong>vosque</strong></span> <span class='ocrx_word' id='word_1_260' title='bbox 700 2259 716 2296; x_wconf 86' lang='lat' dir='ltr'><strong>a</strong></span> <span class='ocrx_word' id='word_1_261' title='bbox 732 2250 834 2296; x_wconf 90' lang='lat' dir='ltr'><strong>vetere</strong></span> <span class='ocrx_word' id='word_1_262' title='bbox 852 2236 903 2307; x_wconf 88' lang='lat' dir='ltr'><strong>illa</strong></span> <span class='ocrx_word' id='word_1_263' title='bbox 921 2237 1100 2310; x_wconf 26' lang='lat' dir='ltr'><strong>factionexet</strong></span> <span class='ocrx_word' id='word_1_264' title='bbox 1116 2238 1326 2319; x_wconf 87' lang='lat' dir='ltr'><strong>conspiratio·</strong></span> <span class='ocrx_word' id='word_1_265' title='bbox 1344 2244 1347 2249; x_wconf 84' lang='lat'>&#39;</span> 
     </span>
     <span class='ocr_line' id='line_1_26' title="bbox 79 2321 1324 2402; baseline 0.004 -25"><span class='ocrx_word' id='word_1_266' title='bbox 79 2366 92 2377; x_wconf 77' lang='grc'><strong><em>,</em></strong></span> <span class='ocrx_word' id='word_1_267' title='bbox 149 2344 189 2387; x_wconf 89' lang='lat' dir='ltr'><strong>ne</strong></span> <span class='ocrx_word' id='word_1_268' title='bbox 208 2335 362 2382; x_wconf 89' lang='lat' dir='ltr'><strong>oratorum</strong></span> <span class='ocrx_word' id='word_1_269' title='bbox 379 2321 580 2391; x_wconf 77' lang='lat' dir='ltr'><strong>recesseritis:</strong></span> <span class='ocrx_word' id='word_1_270' title='bbox 598 2321 755 2394; x_wconf 88' lang='lat' dir='ltr'><strong>videbitis,</strong></span> <span class='ocrx_word' id='word_1_271' title='bbox 772 2321 997 2396; x_wconf 81' lang='lat' dir='ltr'><strong>Athenienses,</strong></span> <span class='ocrx_word' id='word_1_272' title='bbox 1016 2322 1117 2383; x_wconf 90' lang='lat' dir='ltr'><strong>omnia&#39;</strong></span> <span class='ocrx_word' id='word_1_273' title='bbox 1135 2324 1222 2396; x_wconf 84' lang='lat' dir='ltr'><strong>lieri,</strong></span> <span class='ocrx_word' id='word_1_274' title='bbox 1241 2341 1324 2402; x_wconf 82' lang='lat' dir='ltr'><strong>qnae</strong></span> 
     </span>
     <span class='ocr_line' id='line_1_27' title="bbox 149 2396 1324 2489; baseline -0.002 -21"><span class='ocrx_word' id='word_1_275' title='bbox 149 2419 279 2489; x_wconf 81' lang='lat' dir='ltr'><strong>oportet</strong></span> <span class='ocrx_word' id='word_1_276' title='bbox 322 2396 478 2481; x_wconf 80' lang='lat' dir='ltr'><strong>Qirareut</strong></span> <span class='ocrx_word' id='word_1_277' title='bbox 495 2406 608 2466; x_wconf 89' lang='lat' dir='ltr'><strong>nullam</strong></span> <span class='ocrx_word' id='word_1_278' title='bbox 621 2406 666 2475; x_wconf 76' lang='lat' dir='ltr'><strong>ob</strong></span> <span class='ocrx_word' id='word_1_279' title='bbox 685 2406 789 2480; x_wconf 85' lang='lat' dir='ltr'><strong>aliam,</strong></span> <span class='ocrx_word' id='word_1_280' title='bbox 815 2408 870 2476; x_wconf 85' lang='lat' dir='ltr'><strong>hac</strong></span> <span class='ocrx_word' id='word_1_281' title='bbox 889 2420 970 2467; x_wconf 86' lang='lat' dir='ltr'><strong>certe</strong></span> <span class='ocrx_word' id='word_1_282' title='bbox 990 2407 1027 2468; x_wconf 89' lang='lat' dir='ltr'><strong>de</strong></span> <span class='ocrx_word' id='word_1_283' title='bbox 1046 2429 1133 2468; x_wconf 88' lang='lat' dir='ltr'><strong>causa</strong></span> <span class='ocrx_word' id='word_1_284' title='bbox 1152 2421 1226 2468; x_wconf 88' lang='lat' dir='ltr'><strong>sunt</strong></span> <span class='ocrx_word' id='word_1_285' title='bbox 1244 2429 1324 2468; x_wconf 89' lang='lat' dir='ltr'><strong>con-</strong></span> 
     </span>
     <span class='ocr_line' id='line_1_28' title="bbox 133 2486 1325 2572; baseline 0 -20"><span class='ocrx_word' id='word_1_286' title='bbox 133 2486 320 2553; x_wconf 82' lang='lat' dir='ltr'><strong>demnandi</strong></span> <span class='ocrx_word' id='word_1_287' title='bbox 338 2493 399 2550; x_wconf 85' lang='lat' dir='ltr'><strong>lam</strong></span> <span class='ocrx_word' id='word_1_288' title='bbox 417 2489 508 2565; x_wconf 89' lang='lat' dir='ltr'><strong>aliud,</strong></span> <span class='ocrx_word' id='word_1_289' title='bbox 527 2493 611 2572; x_wconf 86' lang='lat' dir='ltr'><strong>quod</strong></span> <span class='ocrx_word' id='word_1_290' title='bbox 628 2512 682 2551; x_wconf 92' lang='lat' dir='ltr'><strong>vos</strong></span> <span class='ocrx_word' id='word_1_291' title='bbox 701 2489 802 2552; x_wconf 80' lang='lat' dir='ltr'><strong>latere</strong></span> <span class='ocrx_word' id='word_1_292' title='bbox 813 2505 1028 2572; x_wconf 78' lang='lat' dir='ltr'><strong>nonoportet,</strong></span> <span class='ocrx_word' id='word_1_293' title='bbox 1046 2493 1156 2554; x_wconf 90' lang='lat' dir='ltr'><strong>audite.</strong></span> <span class='ocrx_word' id='word_1_294' title='bbox 1175 2492 1325 2555; x_wconf 85' lang='lat' dir='ltr'><strong>Prodibit</strong></span> 
     </span>
     <span class='ocr_line' id='line_1_29' title="bbox 148 2576 1347 2660; baseline -0.001 -22"><span class='ocrx_word' id='word_1_295' title='bbox 148 2576 284 2638; x_wconf 84' lang='lat' dir='ltr'><strong>fortassis</strong></span> <span class='ocrx_word' id='word_1_296' title='bbox 303 2589 337 2637; x_wconf 73' lang='lat' dir='ltr'><strong>et¹</strong></span> <span class='ocrx_word' id='word_1_297' title='bbox 351 2587 489 2637; x_wconf 86' lang='lat' dir='ltr'><strong>senatum</strong></span> <span class='ocrx_word' id='word_1_298' title='bbox 514 2577 657 2637; x_wconf 88' lang='lat' dir='ltr'><strong>defendet</strong></span> <span class='ocrx_word' id='word_1_299' title='bbox 675 2577 832 2658; x_wconf 90' lang='lat' dir='ltr'><strong>Philippus</strong></span> <span class='ocrx_word' id='word_1_300' title='bbox 858 2590 889 2638; x_wconf 90' lang='lat' dir='ltr'><strong>et</strong></span> <span class='ocrx_word' id='word_1_301' title='bbox 906 2578 1076 2660; x_wconf 81' lang='lat' dir='ltr'><strong>Antigenes</strong></span> <span class='ocrx_word' id='word_1_302' title='bbox 1095 2590 1126 2638; x_wconf 88' lang='lat' dir='ltr'><strong>et</strong></span> <span class='ocrx_word' id='word_1_303' title='bbox 1150 2576 1347 2660; x_wconf 49' lang='lat' dir='ltr'><strong>rescriptor*</strong></span> 
     </span>
     <span class='ocr_line' id='line_1_30' title="bbox 148 2660 1323 2742; baseline 0.002 -20"><span class='ocrx_word' id='word_1_304' title='bbox 148 2675 180 2722; x_wconf 88' lang='lat' dir='ltr'><strong>et</strong></span> <span class='ocrx_word' id='word_1_305' title='bbox 198 2663 319 2742; x_wconf 88' lang='lat' dir='ltr'><strong>quidam</strong></span> <span class='ocrx_word' id='word_1_306' title='bbox 337 2661 406 2733; x_wconf 89' lang='lat' dir='ltr'><strong>alii,</strong></span> <span class='ocrx_word' id='word_1_307' title='bbox 435 2660 487 2740; x_wconf 91' lang='lat' dir='ltr'><strong>qui</strong></span> <span class='ocrx_word' id='word_1_308' title='bbox 505 2660 567 2721; x_wconf 87' lang='lat' dir='ltr'><strong>illic</strong></span> <span class='ocrx_word' id='word_1_309' title='bbox 585 2684 645 2721; x_wconf 90' lang='lat' dir='ltr'><strong>una</strong></span> <span class='ocrx_word' id='word_1_310' title='bbox 664 2663 809 2722; x_wconf 85' lang='lat' dir='ltr'><strong>comisto</strong></span> <span class='ocrx_word' id='word_1_311' title='bbox 829 2685 881 2722; x_wconf 90' lang='lat' dir='ltr'><strong>sua</strong></span> <span class='ocrx_word' id='word_1_312' title='bbox 905 2676 1047 2733; x_wconf 17' lang='lat' dir='ltr'><strong>senatum,</strong></span> <span class='ocrx_word' id='word_1_313' title='bbox 1067 2665 1249 2738; x_wconf 75' lang='lat' dir='ltr'><strong>auctoritate</strong></span> <span class='ocrx_word' id='word_1_314' title='bbox 1268 2683 1323 2724; x_wconf 88' lang='lat' dir='ltr'><strong>re-</strong></span> 
     </span>
     <span class='ocr_line' id='line_1_31' title="bbox 147 2745 1321 2831; baseline 0.003 -23"><span class='ocrx_word' id='word_1_315' title='bbox 147 2750 258 2808; x_wconf 84' lang='lat' dir='ltr'><strong>xerunt</strong></span> <span class='ocrx_word' id='word_1_316' title='bbox 276 2746 434 2805; x_wconf 83' lang='lat' dir='ltr'><strong>ethorum</strong></span> <span class='ocrx_word' id='word_1_317' title='bbox 452 2745 606 2810; x_wconf 57' lang='lat' dir='ltr'><strong>malorum.</strong></span> <span class='ocrx_word' id='word_1_318' title='bbox 619 2759 692 2806; x_wconf 90' lang='lat' dir='ltr'><strong>sunt</strong></span> <span class='ocrx_word' id='word_1_319' title='bbox 708 2761 855 2808; x_wconf 87' lang='lat' dir='ltr'><strong>auctores.</strong></span> <span class='ocrx_word' id='word_1_320' title='bbox 882 2747 996 2808; x_wconf 90' lang='lat' dir='ltr'><strong>Omnes</strong></span> <span class='ocrx_word' id='word_1_321' title='bbox 1014 2748 1110 2831; x_wconf 82' lang='lat' dir='ltr'><strong>igitur</strong></span> <span class='ocrx_word' id='word_1_322' title='bbox 1128 2771 1182 2810; x_wconf 85' lang='lat' dir='ltr'><strong>vos</strong></span> <span class='ocrx_word' id='word_1_323' title='bbox 1201 2749 1321 2828; x_wconf 54' lang='lat' dir='ltr'><strong>intelli.</strong></span> 
     </span>
     <span class='ocr_line' id='line_1_32' title="bbox 141 2820 1321 2915; baseline 0.002 -24"><span class='ocrx_word' id='word_1_324' title='bbox 141 2848 219 2915; x_wconf 76' lang='lat' dir='ltr'><strong>gere</strong></span> <span class='ocrx_word' id='word_1_325' title='bbox 238 2820 373 2902; x_wconf 87' lang='lat' dir='ltr'><strong>dehetis,</strong></span> <span class='ocrx_word' id='word_1_326' title='bbox 401 2830 443 2889; x_wconf 91' lang='lat' dir='ltr'><strong>eis</strong></span> <span class='ocrx_word' id='word_1_327' title='bbox 469 2845 658 2910; x_wconf 80' lang='lat' dir='ltr'><strong>praetextum</strong></span> <span class='ocrx_word' id='word_1_328' title='bbox 677 2827 752 2892; x_wconf 63' lang='lat' dir='ltr'><strong>essess</strong></span> <span class='ocrx_word' id='word_1_329' title='bbox 767 2833 971 2906; x_wconf 86' lang='lat' dir='ltr'><strong>defensionis,</strong></span> <span class='ocrx_word' id='word_1_330' title='bbox 994 2835 1135 2895; x_wconf 87' lang='lat' dir='ltr'><strong>adiuvare</strong></span> <span class='ocrx_word' id='word_1_331' title='bbox 1160 2848 1321 2896; x_wconf 89' lang='lat' dir='ltr'><strong>senatum:</strong></span> 
     </span>
     <span class='ocr_line' id='line_1_33' title="bbox 147 2901 1320 3002; baseline 0.002 -26"><span class='ocrx_word' id='word_1_332' title='bbox 147 2918 200 2976; x_wconf 91' lang='lat' dir='ltr'><strong>sed</strong></span> <span class='ocrx_word' id='word_1_333' title='bbox 219 2937 323 2991; x_wconf 82' lang='lat' dir='ltr'><strong>revera</strong></span> <span class='ocrx_word' id='word_1_334' title='bbox 341 2901 379 2974; x_wconf 89' lang='lat' dir='ltr'><strong>de</strong></span> <span class='ocrx_word' id='word_1_335' title='bbox 397 2935 429 2974; x_wconf 88' lang='lat' dir='ltr'><strong>se</strong></span> <span class='ocrx_word' id='word_1_336' title='bbox 447 2915 637 2981; x_wconf 85' lang='lat' dir='ltr'><strong>laboraturos</strong></span> <span class='ocrx_word' id='word_1_337' title='bbox 654 2931 684 2978; x_wconf 89' lang='lat' dir='ltr'><strong>et</strong></span> <span class='ocrx_word' id='word_1_338' title='bbox 697 2919 734 2978; x_wconf 92' lang='lat' dir='ltr'><strong>de</strong></span> <span class='ocrx_word' id='word_1_339' title='bbox 745 2919 918 2989; x_wconf 80' lang='lat' dir='ltr'><strong>rationibus</strong></span> <span class='ocrx_word' id='word_1_340' title='bbox 933 2939 1036 2979; x_wconf 87' lang='lat' dir='ltr'><strong>rerum</strong></span> <span class='ocrx_word' id='word_1_341' title='bbox 1053 2934 1219 3002; x_wconf 81' lang='lat' dir='ltr'><strong>gestarum,</strong></span> <span class='ocrx_word' id='word_1_342' title='bbox 1239 2938 1320 3000; x_wconf 86' lang='lat' dir='ltr'><strong>quae</strong></span> 
     </span>
     <span class='ocr_line' id='line_1_34' title="bbox 146 3001 1346 3077; baseline 0.003 -15"><span class='ocrx_word' id='word_1_343' title='bbox 146 3003 189 3062; x_wconf 79' lang='lat' dir='ltr'><strong>eis</strong></span> <span class='ocrx_word' id='word_1_344' title='bbox 207 3001 383 3063; x_wconf 85' lang='lat' dir='ltr'><strong>reddendae</strong></span> <span class='ocrx_word' id='word_1_345' title='bbox 399 3014 497 3061; x_wconf 83' lang='lat' dir='ltr'><strong>erunt.</strong></span> <span class='ocrx_word' id='word_1_346' title='bbox 518 3001 582 3062; x_wconf 75' lang='lat' dir='ltr'><strong>‘Sit</strong></span> <span class='ocrx_word' id='word_1_347' title='bbox 601 3003 681 3067; x_wconf 84' lang='lat' dir='ltr'><strong>enirn</strong></span> <span class='ocrx_word' id='word_1_348' title='bbox 700 3024 732 3063; x_wconf 94' lang='lat' dir='ltr'><strong>se</strong></span> <span class='ocrx_word' id='word_1_349' title='bbox 757 3027 806 3065; x_wconf 88' lang='lat' dir='ltr'><strong>res</strong></span> <span class='ocrx_word' id='word_1_350' title='bbox 824 3004 923 3065; x_wconf 83' lang='lat' dir='ltr'><strong>habet.</strong></span> <span class='ocrx_word' id='word_1_351' title='bbox 958 3005 991 3063; x_wconf 87' lang='lat' dir='ltr'><strong>Si</strong></span> <span class='ocrx_word' id='word_1_352' title='bbox 1008 3027 1094 3065; x_wconf 89' lang='lat' dir='ltr'><strong>reum</strong></span> <span class='ocrx_word' id='word_1_353' title='bbox 1113 3004 1320 3077; x_wconf 84' lang='lat' dir='ltr'><strong>absolveritis,</strong></span> <span class='ocrx_word' id='word_1_354' title='bbox 1343 3007 1346 3013; x_wconf 81' lang='grc'><strong><em>’</em></strong></span> 
     </span>
     <span class='ocr_line' id='line_1_35' title="bbox 67 3085 1319 3172; baseline 0.001 -24"><span class='ocrx_word' id='word_1_355' title='bbox 67 3145 77 3152; x_wconf 75' lang='grc'><strong><em>,</em></strong></span> <span class='ocrx_word' id='word_1_356' title='bbox 147 3109 253 3149; x_wconf 90' lang='lat' dir='ltr'><strong>omnes</strong></span> <span class='ocrx_word' id='word_1_357' title='bbox 270 3085 460 3148; x_wconf 60' lang='lat' dir='ltr'><strong>rem‘factam</strong></span> <span class='ocrx_word' id='word_1_358' title='bbox 472 3085 718 3163; x_wconf 61' lang='lat' dir='ltr'><strong>&#39;habebunt-nec</strong></span> <span class='ocrx_word' id='word_1_359' title='bbox 734 3110 841 3149; x_wconf 87' lang='lat' dir='ltr'><strong>eorum</strong></span> <span class='ocrx_word' id='word_1_360' title='bbox 857 3090 1015 3170; x_wconf 85' lang='lat' dir='ltr'><strong>quisquam</strong></span> <span class='ocrx_word' id='word_1_361' title='bbox 1033 3110 1148 3172; x_wconf 84' lang='lat' dir='ltr'><strong>poenas</strong></span> <span class='ocrx_word' id='word_1_362' title='bbox 1165 3090 1243 3151; x_wconf 86' lang='lat' dir='ltr'><strong>ullas</strong></span> <span class='ocrx_word' id='word_1_363' title='bbox 1264 3090 1319 3149; x_wconf 88' lang='lat' dir='ltr'><strong>da-</strong></span> 
     </span>
     <span class='ocr_line' id='line_1_36' title="bbox 29 3169 1320 3257; baseline -0.003 -21"><span class='ocrx_word' id='word_1_364' title='bbox 29 3230 30 3236; x_wconf 63' lang='lat'><strong>.</strong></span> <span class='ocrx_word' id='word_1_365' title='bbox 95 3203 98 3223; x_wconf 64' lang='grc' dir='ltr'>ι</span> <span class='ocrx_word' id='word_1_366' title='bbox 145 3172 192 3234; x_wconf 89' lang='lat' dir='ltr'><strong>bit</strong></span> <span class='ocrx_word' id='word_1_367' title='bbox 208 3169 291 3255; x_wconf 87' lang='lat' dir='ltr'><strong>(quis</strong></span> <span class='ocrx_word' id='word_1_368' title='bbox 311 3171 392 3230; x_wconf 91' lang='lat' dir='ltr'><strong>enim</strong></span> <span class='ocrx_word' id='word_1_369' title='bbox 409 3172 503 3252; x_wconf 78' lang='lat' dir='ltr'><strong>porro</strong></span> <span class='ocrx_word' id='word_1_370' title='bbox 522 3172 645 3234; x_wconf 86' lang='lat' dir='ltr'><strong>damnet</strong></span> <span class='ocrx_word' id='word_1_371' title='bbox 660 3175 746 3250; x_wconf 86' lang='lat' dir='ltr'><strong>illos,</strong></span> <span class='ocrx_word' id='word_1_372' title='bbox 760 3174 786 3235; x_wconf 92' lang='lat' dir='ltr'><strong>si</strong></span> <span class='ocrx_word' id='word_1_373' title='bbox 803 3195 857 3236; x_wconf 87' lang='lat' dir='ltr'><strong>vos</strong></span> <span class='ocrx_word' id='word_1_374' title='bbox 876 3188 1030 3251; x_wconf 85' lang='lat' dir='ltr'><strong>senatum,</strong></span> <span class='ocrx_word' id='word_1_375' title='bbox 1043 3175 1196 3252; x_wconf 69' lang='lat' dir='ltr'><strong>cuiusrilli</strong></span> <span class='ocrx_word' id='word_1_376' title='bbox 1211 3188 1320 3257; x_wconf 86' lang='lat' dir='ltr'><strong>patro-</strong></span> 
     </span>
     <span class='ocr_line' id='line_1_37' title="bbox 61 3256 1319 3343; baseline -0.001 -24"><span class='ocrx_word' id='word_1_377' title='bbox 61 3261 123 3322; x_wconf 78' lang='lat'><strong>³85</strong></span> <span class='ocrx_word' id='word_1_378' title='bbox 134 3258 180 3337; x_wconf 36' lang='lat' dir='ltr'><strong>&#39;ni</strong></span> <span class='ocrx_word' id='word_1_379' title='bbox 197 3256 332 3330; x_wconf 82' lang='lat' dir='ltr'><strong>luerunt,</strong></span> <span class='ocrx_word' id='word_1_380' title='bbox 351 3278 463 3316; x_wconf 90' lang='lat' dir='ltr'><strong>corona</strong></span> <span class='ocrx_word' id='word_1_381' title='bbox 482 3258 665 3337; x_wconf 90' lang='lat' dir='ltr'><strong>donaveritis</strong></span> <span class='ocrx_word' id='word_1_382' title='bbox 674 3258 716 3343; x_wconf 74' lang='lat'><strong>?):</strong></span> <span class='ocrx_word' id='word_1_383' title='bbox 733 3261 779 3321; x_wconf 90' lang='lat' dir='ltr'><strong>sin</strong></span> <span class='ocrx_word' id='word_1_384' title='bbox 798 3261 1020 3334; x_wconf 81' lang='lat' dir='ltr'><strong>damnaveritis,</strong></span> <span class='ocrx_word' id='word_1_385' title='bbox 1037 3263 1170 3342; x_wconf 89' lang='lat' dir='ltr'><strong>primum</strong></span> <span class='ocrx_word' id='word_1_386' title='bbox 1188 3280 1204 3319; x_wconf 89' lang='lat' dir='ltr'><strong>e</strong></span> <span class='ocrx_word' id='word_1_387' title='bbox 1221 3258 1319 3319; x_wconf 89' lang='lat' dir='ltr'><strong>iuris-</strong></span> 
     </span>
     <span class='ocr_line' id='line_1_38' title="bbox 118 3341 1317 3424; baseline 0 -20"><span class='ocrx_word' id='word_1_388' title='bbox 118 3348 124 3358; x_wconf 80' lang='lat'><strong><em>‘</em></strong></span> <span class='ocrx_word' id='word_1_389' title='bbox 144 3342 265 3404; x_wconf 89' lang='lat' dir='ltr'><strong>iurandi</strong></span> <span class='ocrx_word' id='word_1_390' title='bbox 290 3341 440 3424; x_wconf 81' lang='lat' dir='ltr'><strong>religione</strong></span> <span class='ocrx_word' id='word_1_391' title='bbox 466 3344 720 3422; x_wconf 85' lang='lat' dir='ltr'><strong>pronuntiabitis:</strong></span> <span class='ocrx_word' id='word_1_392' title='bbox 746 3345 871 3418; x_wconf 93' lang='lat' dir='ltr'><strong>deinde,</strong></span> <span class='ocrx_word' id='word_1_393' title='bbox 899 3347 936 3410; x_wconf 86' lang='lat' dir='ltr'><strong>in</strong></span> <span class='ocrx_word' id='word_1_394' title='bbox 948 3347 1116 3423; x_wconf 83' lang='lat' dir='ltr'><strong>referendis</strong></span> <span class='ocrx_word' id='word_1_395' title='bbox 1139 3345 1317 3406; x_wconf 88' lang='lat' dir='ltr'><strong>rationibus</strong></span> 
     </span>
     <span class='ocr_line' id='line_1_39' title="bbox 73 3427 1353 3510; baseline 0.002 -22"><span class='ocrx_word' id='word_1_396' title='bbox 73 3456 81 3469; x_wconf 56' lang='lat'>³</span> <span class='ocrx_word' id='word_1_397' title='bbox 144 3429 274 3488; x_wconf 86' lang='lat' dir='ltr'><strong>istorum</strong></span> <span class='ocrx_word' id='word_1_398' title='bbox 292 3427 420 3510; x_wconf 81' lang='lat' dir='ltr'><strong>singulis</strong></span> <span class='ocrx_word' id='word_1_399' title='bbox 437 3427 613 3508; x_wconf 87' lang='lat' dir='ltr'><strong>prehensis&#39;,</strong></span> <span class='ocrx_word' id='word_1_400' title='bbox 632 3430 658 3489; x_wconf 91' lang='lat' dir='ltr'><strong>si</strong></span> <span class='ocrx_word' id='word_1_401' title='bbox 674 3430 848 3510; x_wconf 84' lang='lat' dir='ltr'><strong>quis&#39;vobis</strong></span> <span class='ocrx_word' id='word_1_402' title='bbox 868 3432 1034 3510; x_wconf 89' lang='lat' dir='ltr'><strong>deliquisse</strong></span> <span class='ocrx_word' id='word_1_403' title='bbox 1052 3431 1224 3509; x_wconf 81' lang='lat' dir='ltr'><strong>videbitur,</strong></span> <span class='ocrx_word' id='word_1_404' title='bbox 1243 3451 1317 3490; x_wconf 87' lang='lat' dir='ltr'><strong>eum</strong></span> <span class='ocrx_word' id='word_1_405' title='bbox 1350 3442 1353 3447; x_wconf 84' lang='grc'><strong>’</strong></span> 
     </span>
     <span class='ocr_line' id='line_1_40' title="bbox 143 3512 1319 3600; baseline 0.001 -27"><span class='ocrx_word' id='word_1_406' title='bbox 143 3512 292 3600; x_wconf 72' lang='lat' dir='ltr'><strong>punietis,</strong></span> <span class='ocrx_word' id='word_1_407' title='bbox 306 3513 359 3592; x_wconf 87' lang='lat' dir='ltr'><strong>qui</strong></span> <span class='ocrx_word' id='word_1_408' title='bbox 376 3533 451 3587; x_wconf 90' lang='lat' dir='ltr'><strong>non,</strong></span> <span class='ocrx_word' id='word_1_409' title='bbox 470 3534 539 3572; x_wconf 90' lang='lat' dir='ltr'><strong>eum</strong></span> <span class='ocrx_word' id='word_1_410' title='bbox 557 3527 622 3573; x_wconf 87' lang='lat' dir='ltr'><strong>tum</strong></span> <span class='ocrx_word' id='word_1_411' title='bbox 640 3515 810 3576; x_wconf 89' lang='lat' dir='ltr'><strong>absolvetis.</strong></span> <span class='ocrx_word' id='word_1_412' title='bbox 835 3516 882 3575; x_wconf 93' lang='lat' dir='ltr'><strong>Ne</strong></span> <span class='ocrx_word' id='word_1_413' title='bbox 900 3516 994 3599; x_wconf 83' lang='lat' dir='ltr'><strong>igitur</strong></span> <span class='ocrx_word' id='word_1_414' title='bbox 1012 3517 1055 3578; x_wconf 93' lang='lat' dir='ltr'><strong>sic</strong></span> <span class='ocrx_word' id='word_1_415' title='bbox 1075 3538 1128 3577; x_wconf 89' lang='lat' dir='ltr'><strong>cos</strong></span> <span class='ocrx_word' id='word_1_416' title='bbox 1147 3516 1262 3589; x_wconf 89' lang='lat' dir='ltr'><strong>audite,</strong></span> <span class='ocrx_word' id='word_1_417' title='bbox 1280 3527 1319 3574; x_wconf 83' lang='lat' dir='ltr'><strong>ut</strong></span> 
     </span>
     <span class='ocr_line' id='line_1_41' title="bbox 13 3599 1323 3683; baseline 0.001 -25"><span class='ocrx_word' id='word_1_418' title='bbox 13 3600 17 3605; x_wconf 84' lang='grc'>’</span> <span class='ocrx_word' id='word_1_419' title='bbox 56 3623 59 3628; x_wconf 94' lang='grc'><em>·</em></span> <span class='ocrx_word' id='word_1_420' title='bbox 139 3599 198 3679; x_wconf 58' lang='grc' dir='ltr'><strong>7(11ιί</strong></span> <span class='ocrx_word' id='word_1_421' title='bbox 216 3611 337 3658; x_wconf 89' lang='lat' dir='ltr'><strong>senatus</strong></span> <span class='ocrx_word' id='word_1_422' title='bbox 356 3609 387 3657; x_wconf 88' lang='lat' dir='ltr'><strong>et</strong></span> <span class='ocrx_word' id='word_1_423' title='bbox 402 3599 510 3679; x_wconf 90' lang='lat' dir='ltr'><strong>populi</strong></span> <span class='ocrx_word' id='word_1_424' title='bbox 528 3619 647 3659; x_wconf 88' lang='lat' dir='ltr'><strong>causam</strong></span> <span class='ocrx_word' id='word_1_425' title='bbox 665 3602 842 3683; x_wconf 70' lang='lat' dir='ltr'><strong>agantrsed</strong></span> <span class='ocrx_word' id='word_1_426' title='bbox 860 3601 1023 3661; x_wconf 89' lang='lat' dir='ltr'><strong>irascimini</strong></span> <span class='ocrx_word' id='word_1_427' title='bbox 1042 3616 1077 3663; x_wconf 93' lang='lat' dir='ltr'><strong>ut</strong></span> <span class='ocrx_word' id='word_1_428' title='bbox 1094 3602 1150 3675; x_wconf 91' lang='lat' dir='ltr'><strong>iis,</strong></span> <span class='ocrx_word' id='word_1_429' title='bbox 1168 3601 1222 3682; x_wconf 87' lang='lat' dir='ltr'><strong>qui</strong></span> <span class='ocrx_word' id='word_1_430' title='bbox 1237 3614 1323 3661; x_wconf 84' lang='lat' dir='ltr'><strong>suae&#39;</strong></span> 
     </span>
     <span class='ocr_line' id='line_1_42' title="bbox 143 3680 1316 3770; baseline 0.001 -26"><span class='ocrx_word' id='word_1_431' title='bbox 143 3683 330 3764; x_wconf 80' lang='lat' dir='ltr'><strong>impunitatis</strong></span> <span class='ocrx_word' id='word_1_432' title='bbox 349 3684 444 3766; x_wconf 80' lang='lat' dir='ltr'><strong>gratia</strong></span> <span class='ocrx_word' id='word_1_433' title='bbox 462 3683 516 3743; x_wconf 88' lang='lat' dir='ltr'><strong>vos</strong></span> <span class='ocrx_word' id='word_1_434' title='bbox 534 3683 694 3765; x_wconf 82' lang='lat' dir='ltr'><strong>&#39;decipiant</strong></span> <span class='ocrx_word' id='word_1_435' title='bbox 728 3680 873 3746; x_wconf 83' lang='lat' dir='ltr'><strong>Archiam</strong></span> <span class='ocrx_word' id='word_1_436' title='bbox 896 3699 1052 3769; x_wconf 88' lang='lat' dir='ltr'><strong>praeterea</strong></span> <span class='ocrx_word' id='word_1_437' title='bbox 1071 3684 1316 3770; x_wconf 83' lang='lat' dir='ltr'><strong>Cholargensem</strong></span> 
     </span>
     <span class='ocr_line' id='line_1_43' title="bbox 91 3765 1317 3855; baseline 0 -26"><span class='ocrx_word' id='word_1_438' title='bbox 91 3845 93 3848; x_wconf 22' lang='grc' dir='ltr'>Ι</span> <span class='ocrx_word' id='word_1_439' title='bbox 141 3768 281 3829; x_wconf 82' lang='lat' dir='ltr'><strong>existimo</strong></span> <span class='ocrx_word' id='word_1_440' title='bbox 300 3765 383 3851; x_wconf 88' lang='lat' dir='ltr'><strong>(nam</strong></span> <span class='ocrx_word' id='word_1_441' title='bbox 402 3781 433 3828; x_wconf 94' lang='lat' dir='ltr'><strong>et</strong></span> <span class='ocrx_word' id='word_1_442' title='bbox 450 3768 574 3837; x_wconf 79' lang='lat' dir='ltr'><strong>isan‘no</strong></span> <span class='ocrx_word' id='word_1_443' title='bbox 594 3771 751 3851; x_wconf 86' lang='lat' dir='ltr'><strong>superiore</strong></span> <span class='ocrx_word' id='word_1_444' title='bbox 775 3784 946 3833; x_wconf 86' lang='lat' dir='ltr'><strong>senatorem</strong></span> <span class='ocrx_word' id='word_1_445' title='bbox 965 3769 1060 3855; x_wconf 81' lang='lat' dir='ltr'><strong>egit),</strong></span> <span class='ocrx_word' id='word_1_446' title='bbox 1084 3787 1121 3833; x_wconf 90' lang='lat' dir='ltr'><strong>ut</strong></span> <span class='ocrx_word' id='word_1_447' title='bbox 1138 3772 1237 3848; x_wconf 80' lang='lat' dir='ltr'><strong>virum</strong></span> <span class='ocrx_word' id='word_1_448' title='bbox 1256 3770 1317 3830; x_wconf 87' lang='lat' dir='ltr'><strong>bo-</strong></span> 
     </span>
     <span class='ocr_line' id='line_1_44' title="bbox 66 3855 1318 3941; baseline 0.003 -31"><span class='ocrx_word' id='word_1_449' title='bbox 66 3888 78 3910; x_wconf 48' lang='lat' dir='ltr'><strong>s</strong></span> <span class='ocrx_word' id='word_1_450' title='bbox 141 3862 227 3926; x_wconf 85' lang='lat' dir='ltr'><strong>num,</strong></span> <span class='ocrx_word' id='word_1_451' title='bbox 245 3855 477 3934; x_wconf 88' lang='lat' dir='ltr'><strong>deprecaturum</strong></span> <span class='ocrx_word' id='word_1_452' title='bbox 496 3867 526 3914; x_wconf 91' lang='lat' dir='ltr'><strong>et</strong></span> <span class='ocrx_word' id='word_1_453' title='bbox 545 3855 872 3936; x_wconf 84' lang='lat' dir='ltr'><strong>eispatrocinatururn.</strong></span> <span class='ocrx_word' id='word_1_454' title='bbox 907 3857 974 3941; x_wconf 81' lang='lat' dir='ltr'><strong>E&#39;gh</strong></span> <span class='ocrx_word' id='word_1_455' title='bbox 993 3878 1065 3918; x_wconf 85' lang='lat' dir='ltr'><strong>vero</strong></span> <span class='ocrx_word' id='word_1_456' title='bbox 1085 3860 1122 3918; x_wconf 86' lang='lat' dir='ltr'><strong>ad</strong></span> <span class='ocrx_word' id='word_1_457' title='bbox 1148 3858 1230 3921; x_wconf 86' lang='lat' dir='ltr'><strong>hunc</strong></span> <span class='ocrx_word' id='word_1_458' title='bbox 1248 3857 1318 3916; x_wconf 87' lang='lat' dir='ltr'><strong>fere</strong></span> 
     </span>
     <span class='ocr_line' id='line_1_45' title="bbox 113 3938 1327 4025; baseline 0.002 -26"><span class='ocrx_word' id='word_1_459' title='bbox 113 3994 118 4005; x_wconf 92' lang='lat'><strong>.</strong></span> <span class='ocrx_word' id='word_1_460' title='bbox 141 3939 267 3999; x_wconf 63' lang='lat' dir='ltr'><strong>modum</strong></span> <span class='ocrx_word' id='word_1_461' title='bbox 279 3938 427 4004; x_wconf 68' lang='lat' dir='ltr'><strong>Archiam,</strong></span> <span class='ocrx_word' id='word_1_462' title='bbox 440 3939 625 4001; x_wconf 90' lang='lat' dir='ltr'><strong>audiendum</strong></span> <span class='ocrx_word' id='word_1_463' title='bbox 644 3946 709 4002; x_wconf 88' lang='lat' dir='ltr'><strong>&#39;esse</strong></span> <span class='ocrx_word' id='word_1_464' title='bbox 728 3963 848 4004; x_wconf 90' lang='lat' dir='ltr'><strong>censeo.</strong></span> <span class='ocrx_word' id='word_1_465' title='bbox 865 3947 1084 4025; x_wconf 73' lang='lat' dir='ltr'><strong>interrogetur,</strong></span> <span class='ocrx_word' id='word_1_466' title='bbox 1102 3965 1152 4020; x_wconf 88' lang='lat' dir='ltr'><strong>an,</strong></span> <span class='ocrx_word' id='word_1_467' title='bbox 1172 3961 1249 4024; x_wconf 88' lang='lat' dir='ltr'><strong>quae</strong></span> <span class='ocrx_word' id='word_1_468' title='bbox 1266 3962 1327 4001; x_wconf 61' lang='lat' dir='ltr'><strong>se-</strong></span> 
     </span>
     <span class='ocr_line' id='line_1_46' title="bbox 139 4022 1317 4129; baseline 0.002 -46"><span class='ocrx_word' id='word_1_469' title='bbox 139 4022 365 4084; x_wconf 77' lang='lat' dir='ltr'><strong>natui‘crimini</strong></span> <span class='ocrx_word' id='word_1_470' title='bbox 382 4025 510 4096; x_wconf 90' lang='lat' dir='ltr'><strong>dantur,</strong></span> <span class='ocrx_word' id='word_1_471' title='bbox 527 4039 610 4087; x_wconf 87' lang='lat' dir='ltr'><strong>recte</strong></span> <span class='ocrx_word' id='word_1_472' title='bbox 629 4048 695 4089; x_wconf 88' lang='lat' dir='ltr'><strong>esse</strong></span> <span class='ocrx_word' id='word_1_473' title='bbox 712 4028 790 4088; x_wconf 83' lang='lat' dir='ltr'><strong>facta</strong></span> <span class='ocrx_word' id='word_1_474' title='bbox 808 4042 912 4110; x_wconf 90' lang='lat' dir='ltr'><strong>putet,</strong></span> <span class='ocrx_word' id='word_1_475' title='bbox 932 4051 969 4089; x_wconf 85' lang='lat' dir='ltr'><strong>an</strong></span> <span class='ocrx_word' id='word_1_476' title='bbox 983 4029 1168 4129; x_wconf 86' lang='lat' dir='ltr'><strong>perperam?</strong></span> <span class='ocrx_word' id='word_1_477' title='bbox 1212 4027 1246 4089; x_wconf 89' lang='lat' dir='ltr'><strong>Si</strong></span> <span class='ocrx_word' id='word_1_478' title='bbox 1263 4048 1317 4086; x_wconf 89' lang='lat' dir='ltr'><strong>re-</strong></span> 
     </span>
     <span class='ocr_line' id='line_1_47' title="bbox 10 4104 1317 4194; baseline 0.002 -26"><span class='ocrx_word' id='word_1_479' title='bbox 10 4104 30 4127; x_wconf 69' lang='lat'><em>⁹</em></span> <span class='ocrx_word' id='word_1_480' title='bbox 64 4171 67 4177; x_wconf 88' lang='lat'><strong>.</strong></span> <span class='ocrx_word' id='word_1_481' title='bbox 141 4109 313 4191; x_wconf 79' lang='lat' dir='ltr'><strong>sponderit,</strong></span> <span class='ocrx_word' id='word_1_482' title='bbox 331 4122 433 4186; x_wconf 87' lang='lat' dir='ltr'><strong>recte,</strong></span> <span class='ocrx_word' id='word_1_483' title='bbox 451 4128 516 4171; x_wconf 88' lang='lat' dir='ltr'><strong>non</strong></span> <span class='ocrx_word' id='word_1_484' title='bbox 533 4111 596 4171; x_wconf 87' lang='lat' dir='ltr'><strong>iam</strong></span> <span class='ocrx_word' id='word_1_485' title='bbox 610 4126 647 4172; x_wconf 85' lang='lat' dir='ltr'><strong>ut</strong></span> <span class='ocrx_word' id='word_1_486' title='bbox 663 4113 709 4174; x_wconf 87' lang='lat' dir='ltr'><strong>vir</strong></span> <span class='ocrx_word' id='word_1_487' title='bbox 726 4113 826 4174; x_wconf 87' lang='lat' dir='ltr'><strong>honus</strong></span> <span class='ocrx_word' id='word_1_488' title='bbox 846 4115 904 4174; x_wconf 89' lang='lat' dir='ltr'><strong>erit</strong></span> <span class='ocrx_word' id='word_1_489' title='bbox 921 4115 1108 4177; x_wconf 78' lang='lat' dir='ltr'><strong>andiendus:</strong></span> <span class='ocrx_word' id='word_1_490' title='bbox 1135 4115 1184 4175; x_wconf 88' lang='lat' dir='ltr'><strong>sin</strong></span> <span class='ocrx_word' id='word_1_491' title='bbox 1193 4133 1317 4194; x_wconf 88' lang='lat' dir='ltr'><strong>perpe-</strong></span> 
     </span>
     <span class='ocr_line' id='line_1_48' title="bbox 83 4192 1318 4279; baseline 0.002 -26"><span class='ocrx_word' id='word_1_492' title='bbox 83 4197 85 4202; x_wconf 78' lang='grc'>’</span> <span class='ocrx_word' id='word_1_493' title='bbox 125 4207 215 4269; x_wconf 75' lang='lat' dir='ltr'><strong>ram,</strong></span> <span class='ocrx_word' id='word_1_494' title='bbox 227 4212 288 4254; x_wconf 62' lang='lat' dir='ltr'><strong>‘cur</strong></span> <span class='ocrx_word' id='word_1_495' title='bbox 300 4195 338 4255; x_wconf 90' lang='lat' dir='ltr'><strong>ad</strong></span> <span class='ocrx_word' id='word_1_496' title='bbox 352 4215 387 4255; x_wconf 89' lang='lat' dir='ltr'><strong>ea</strong></span> <span class='ocrx_word' id='word_1_497' title='bbox 401 4192 565 4259; x_wconf 85' lang='lat' dir='ltr'><strong>connivere</strong></span> <span class='ocrx_word' id='word_1_498' title='bbox 582 4199 725 4273; x_wconf 76' lang='lat' dir='ltr'><strong>voluerit,</strong></span> <span class='ocrx_word' id='word_1_499' title='bbox 743 4221 837 4279; x_wconf 91' lang='lat' dir='ltr'><strong>quum</strong></span> <span class='ocrx_word' id='word_1_500' title='bbox 855 4221 887 4260; x_wconf 88' lang='lat' dir='ltr'><strong>se</strong></span> <span class='ocrx_word' id='word_1_501' title='bbox 902 4200 1018 4261; x_wconf 85' lang='lat' dir='ltr'><strong>bonum</strong></span> <span class='ocrx_word' id='word_1_502' title='bbox 1037 4221 1102 4265; x_wconf 88' lang='lat' dir='ltr'><strong>esse</strong></span> <span class='ocrx_word' id='word_1_503' title='bbox 1121 4200 1222 4260; x_wconf 88' lang='lat' dir='ltr'><strong>virum</strong></span> <span class='ocrx_word' id='word_1_504' title='bbox 1240 4218 1318 4279; x_wconf 91' lang='lat' dir='ltr'><strong>pro-</strong></span> 
     </span>
     <span class='ocr_line' id='line_1_49' title="bbox 82 4277 1342 4365; baseline 0.001 -26"><span class='ocrx_word' id='word_1_505' title='bbox 82 4319 83 4326; x_wconf 63' lang='lat'><strong>.</strong></span> <span class='ocrx_word' id='word_1_506' title='bbox 140 4277 283 4355; x_wconf 77' lang='lat' dir='ltr'><strong>hteatur,</strong></span> <span class='ocrx_word' id='word_1_507' title='bbox 295 4301 400 4340; x_wconf 88' lang='lat' dir='ltr'><strong>rursus</strong></span> <span class='ocrx_word' id='word_1_508' title='bbox 418 4282 612 4365; x_wconf 82' lang='lat' dir='ltr'><strong>interrogate.</strong></span> <span class='ocrx_word' id='word_1_509' title='bbox 656 4285 776 4359; x_wconf 87' lang='lat' dir='ltr'><strong>Quodsi</strong></span> <span class='ocrx_word' id='word_1_510' title='bbox 794 4306 827 4345; x_wconf 85' lang='lat' dir='ltr'><strong>se</strong></span> <span class='ocrx_word' id='word_1_511' title='bbox 845 4287 1033 4350; x_wconf 83' lang='lat' dir='ltr'><strong>adversatum</strong></span> <span class='ocrx_word' id='word_1_512' title='bbox 1052 4305 1140 4359; x_wconf 89' lang='lat' dir='ltr'><strong>esse,</strong></span> <span class='ocrx_word' id='word_1_513' title='bbox 1157 4284 1321 4346; x_wconf 71' lang='lat' dir='ltr'><strong>neminem·</strong></span> <span class='ocrx_word' id='word_1_514' title='bbox 1332 4332 1342 4340; x_wconf 91' lang='grc'><strong>..</strong></span> 
     </span>
    </p>
   </div>
   <div class='ocr_carea' id='block_1_3' title="bbox 1330 3776 1358 3787">
    <p class='ocr_par' dir='ltr' id='par_1_3' title="bbox 1330 3776 1358 3787">
     <span class='ocr_line' id='line_1_50' title="bbox 1330 3776 1358 3787; baseline 0 0"><span class='ocrx_word' id='word_1_515' title='bbox 1330 3776 1358 3787; x_wconf 53' lang='grc' dir='ltr'><strong>Ν</strong></span> 
     </span>
    </p>
   </div>
   <div class='ocr_carea' id='block_1_4' title="bbox 0 0 1366 4754">
    <p class='ocr_par' dir='ltr' id='par_1_4' title="bbox 0 0 1366 4754">
     <span class='ocr_line' id='line_1_51' title="bbox 0 0 1366 4754; baseline 0 1"><span class='ocrx_word' id='word_1_516' title='bbox 0 0 1366 4754; x_wconf 95' lang='lat' dir='ltr'><strong> </strong></span> 
     </span>
    </p>
   </div>
  </div>
 </body>
</html>
