2722 4754
401 228 405 233 ’
479 218 811 331 uncorum
855 212 885 331 &k
1009 193 1223 337 {aas

35 407 38 411 ·
75 386 161 448 timum
176 393 205 439 et
221 399 312 462 grave
331 380 365 440 iu
378 376 750 461 Atticam'perThebanos
767 368 982 447 esseillat'um:
1000 402 1081 441 mare
1095 393 1223 464 propter
1281 380 1288 391 ’

75 477 219 556 grassantes
238 484 275 522 ex
290 462 419 524 Euboea
436 466 544 545 piratas
563 462 776 545 navigarinou
795 484 899 543 posse:
918 459 1021 526 norinc
1037 467 1111 526 haec
1128 466 1220 527 dixis-

77 566 142 624 sent,
159 563 187 609 et
203 561 324 629 praeter
341 548 417 609 haec
435 550 523 608 etiam
541 550 634 623 multa
653 546 730 607 alia?
762 548 903 627 Improba
920 555 987 624 res',
1004 550 1220 623 Athenienses,
1238 544 1242 548 ’

78 635 189 720 inproba
212 655 261 713 res
287 645 334 692 est
352 634 563 707 calumniator,
593 654 713 713 semper
731 645 762 692 et
778 634 984 713 undecunque
1000 636 1166 697 invidendi
1191 648 1221 696 et
1255 708 1259 716 ί

79 712 243 787 obtrectandi
262 740 365 778 causas
386 708 571 799 quaerit'ans:
589 719 645 778 iste
664 731 764 783 autem
781 717 947 777 homuncio
966 733 1072 781 natura
1091 735 1137 782 est
1153 722 1220 782 vul-

79 807 175 894 pecula,
191 823 292 882 neque
311 804 370 862 iam
388 804 459 863 inde
477 804 513 862 ab
533 803 621 862 initio
641 803 802 882 qnisquam
819 803 895 877 sani,
914 803 1075 884 quicquam
1094 806 1221 889 ingenui
1258 802 1264 813 '¹

35 886 38 893 ⁵
79 894 147 964 lecit,
172 889 302 970 tragIcus
326 889 448 962 simius,
474 886 643 947 rusticanus
671 888 864 960 Oenomaus,
896 889 1083 949 adulterinus
1107 892 1258 952 'orator.·‘
1281 909 1284 918 ·

79 977 144 1057 Quid
160 973 236 1034 enim
255 973 430 1052 eloquentia
447 986 499 1032 tua
516 974 629 1057 patriae
645 973 794 1054 prodest?
822 994 903 1032 nunc
921 973 1010 1033 uobis
1028 964 1162 1056 disputas
1182 977 1224 1047 dex

78 1065 149 1141 rebus
172 1058 360 1140 praeteritis?
393 1058 520 1139 perinde
539 1080 572 1118 ac
590 1059 615 1118 si
635 1058 701 1138 quis
727 1058 861 1117 medicus
893 1058 1143 1138 decumbentibus
1171 1081 1220 1120 ae-

79 1147 155 1235 grotis
176 1145 328 1226 ingressus
353 1166 417 1203 non
436 1145 530 1216 dicat,
554 1165 610 1203 nec
629 1145 785 1216 ostendat,
810 1136 966 1221 quomodo
992 1144 1133 1206 morbum
1153 1145 1221 1206 era·
1246 1168 1255 1188 ¹

50 1274 56 1283 ·
80 1234 131 1298 suri
145 1231 212 1290 sint:
248 1228 320 1302 sed,
347 1229 402 1288 ubi
416 1230 499 1308 quis‘
514 1250 621 1288 eorum
646 1228 772 1310 perierit
800 1228 888 1307 eique
907 1229 984 1288 iusta
1001 1232 1236 1310 persolvantur„
1255 1274 1258 1281 .
1285 1284 1288 1288 Δ

55 1324 108 1395 giu
120 1320 195 1378 lanus
211 1314 355 1399 prodiens
374 1320 606 1375 commemoret:
624 1314 658 1373 si
673 1313 732 1373 hoc
747 1325 837 1392 atquc
856 1313 931 1373 illud
946 1313 1039 1375 homo
1057 1316 1113 1376 istc
1132 1317 1222 1401 secis-

84 1418 194 1479 settron
210 1399 344 1479 obiisset.
379 1398 530 1474 Attonite,
548 1401 629 1460 itane
648 1422 729 1459 nunc
748 1401 869 1458 demum
886 1399 1221 1481 refersi'Nequedvero
1238 1406 1253 1474 s

84 1485 249 1558 veliladem,
283 1485 362 1563 sica
379 1485 437 1544 tibi
453 1486 526 1545 lacit
543 1486 676 1558 animos,
711 1484 750 1543 ob
769 1506 859 1563 quam
877 1506 999 1567 gemere
1017 1485 1120 1562 testa·
1136 1490 1221 1546 exse-

82 1572 186 1644 crande,
209 1570 426 1643 conveniebat,
452 1571 513 1652 ulla
531 1586 581 1644 re‘,
610 1574 686 1650 q'uae
704 1570 737 1628 in
754 1589 820 1630 mea
838 1582 988 1650 potestate
1006 1567 1117 1646 fuerit,
1143 1571 1233 1632 acci..

72 1661 147 1722 ,disse
160 1647 339 1736 reipublicae
358 1656 537 1716 invenietis:
554 1648 649 1735 idque
665 1657 709 1716 sie
727 1657 924 1733 considerate
966 1655 1145 1737 Nusquam,
1159 1680 1220 1737 quo

83 1746 129 1828 igo
144 1736 249 1824 legatus
267 1741 375 1800 missus
394 1763 460 1801 sum
485 1763 501 1801 a
518 1742 622 1814 vobis,
651 1763 786 1821 unquam
804 1741 900 1802 victus
918 1742 1030 1811 recessi
1054 1765 1070 1805 a
1086 1742 1223 1823 Philippi

82 1827 179 1913 legatis:
202 1820 264 1885 nou
289 1846 305 1884 e
330 1824 500 1907 Thessalia,
528 1848 591 1886 nou
615 1825 790 1900 Ambracia,
815 1847 879 1886 non
904 1847 940 1886 er
965 1827 1091 1911 Illyriis,
1115 1849 1181 1887 non
1204 1848 1222 1887 a

80 1911 277 1974 'lbraeensibus
303 1911 444 1994 regibus,
471 1932 535 1970 non
557 1908 721 1995 By'zantio,
748 1933 813 1970 non
838 1911 1128 1992 aliunde'usquam,
1157 1933 1221 1973 uon
1287 1958 1295 1969 ,

83 2000 193 2080 denique
206 2017 310 2076 nuper
332 1996 464 2055 Thebis:
487 1997 540 2055 sed
565 1996 675 2076 quibus
700 1996 732 2059 in
755 1996 847 2073 rebus
873 1996 937 2056 eius
963 1997 1056 2079 legati
1071 1997 1220 2075 'oratione
1245 2006 1295 2064 19:

47 2078 271 2161 ,·rincebantpr,
299 2102 348 2140 eas
372 2081 423 2139 ille
457 2081 545 2160 arnjis
572 2103 730 2163 aggressus
756 2081 916 2141 evertebat.
960 2082 1002 2140 Ea
1027 2083 1121 2165 igitur
1138 2105 1154 2144 a
1173 2104 1222 2144 me
1286 2132 1293 2139 .

73 2162 208 2253 postulas,
224 2186 324 2246 neque
343 2166 506 2241 erubescis,
525 2168 655 2227 eundem
674 2180 704 2227 et
721 2181 756 2227 ut
772 2167 897 2227 mollem
915 2167 1081 2245 incessere,
1100 2182 1132 2229 et
1148 2167 1222 2230 Phi-
1251 2166 1254 2171 ’
1292 2236 1295 2243 ¹

85 2255 146 2355 lippi
157 2252 328 2315 exercitibus
346 2253 499 2332 postulare
517 2246 553 2311 ut
568 2274 648 2311 unus
668 2272 725 2335 ego
743 2251 800 2312 sim
818 2252 974 2333 superior,
992 2253 1085 2334 idque
1102 2255 1223 2327 verbis?

86 2337 162 2400 Carus
181 2338 260 2398 ‘enirn
284 2357 342 2419 ego
366 2337 412 2396 rei
430 2337 553 2396 alterius
571 2337 664 2409 habui
681 2339 882 2419 potestatem?
905 2338 1012 2418 Neque
1038 2340 1119 2400 enim
1142 2340 1223 2401 vitae
1258 2364 1262 2369 ·

84 2425 261 2508 singulorum,
295 2441 396 2504 neque
414 2423 559 2503 fortunae¹
572 2424 807 2506 pugnantium„
820 2445 920 2504 neque
938 2425 1075 2485 militaris
1094 2422 1223 2505 imperii,

77 2511 157 2572 euius
171 2532 185 2569 a
200 2530 245 2589 ure
261 2507 412 2568 rationem
430 2509 573 2589 postulas.
607 2509 696 2570 Adeo
713 2532 746 2578 es
766 2512 897 2570 demens.
919 2508 994 2569 *Sed
1012 2531 1089 2590 quae
1109 2509 1223 2570 oratori

40 2670 50 2679 .
85 2595 235 2678 praestanda
260 2595 490 2668 sunt,'‘'eorum
509 2617 524 2655 a
542 2614 591 2661 me
619 2597 752 2676 quamvis
778 2583 929 2657 ratioirem
958 2595 1059 2677 exige:
1093 2617 1156 2655 non
1173 2616 1222 2657 re-

85 2703 155 2742 cuso.
174 2678 251 2755 Quae
269 2680 365 2763 igitur
383 2681 433 2740 illa
451 2682 542 2742 sunt?
565 2682 744 2763 Prospieere
763 2682 849 2753 initia
867 2686 974 2739 rernm·
989 2694 1019 2740 et
1036 2681 1223 2765 praesentire

88 2765 279 2848 etpraetlic'ere
297 2766 371 2825 aliis.
396 2766 479 2847 Haec
497 2789 513 2826 a
531 2787 579 2826 me
596 2768 674 2841 saeta
692 2778 778 2826 sunt:
797 2779 888 2846 atque
907 2765 1006 2839 etiarn,
1025 2760 1101 2845 quae
1120 2765 1224 2846 singu-

84 2852 120 2910 lis
139 2844 175 2911 ἰιί
186 2852 309 2934 negotiis
328 2852 483 2925 incidunt,
507 2847 981 2934 tarditates,tergiversationes,
1007 2849 1225 2933 ignorationes,

84 2936 283 3012 contentiones,
302 2959 379 3018 quae
398 2937 496 2997 civilia
512 2936 646 2998 urbibus
659 2938 764 2998 insunt
782 2936 925 3008 omnibus
943 2949 973 2996 et
990 2935 1158 2996 necessaria
1177 2956 1225 2996 er-

74 3034 155 3099 ·rata,
174 3042 205 3082 ea
228 3023 259 3081 in
286 3023 464 3103 paucissima
491 3023 689 3083 contrahere:
719 3019 893 3103 contraque·
911 3023 949 3080 ad
973 3021 1168 3103 concordiam
1196 3033 1227 3079 et
1263 3042 1280 3081 ’,

83 3107 221 3167 amcitiam
247 3121 278 3167 et
303 3108 397 3167 officii
422 3107 552 3169 faciendi
569 3109 760 3168 «alacritatem
786 3107 948 3168 cohortari.
990 3106 1089 3166 Etiam
1111 3105 1186 3187 haec
1209 3125 1225 3164 a

84 3214 126 3251 mc
140 3193 227 3259 orinia
242 3193 321 3252 lacta
338 3200 425 3252 sunt:
453 3214 553 3273 neque
564 3194 651 3261 ullus
669 3192 841 3256 mortalium
858 3197 992 3272 unquam
1009 3190 1158 3272 reperiet,
1177 3209 1226 3250 me

82 3274 134 3337 ulla
152 3276 230 3338 in're
242 3278 352 3338 osfi'cio
371 3299 441 3338 meo
460 3279 599 3360 defuisse.
640 3279 763 3354 Quodsi
782 3270 848 3358 quis
867 3275 1092 3358 quemcunque.
1100 3274 1226 3358 rogitet,
1267 3315 1273 3327 ι

83 3362 175 3451 quibus
195 3365 286 3424 rebus
311 3362 469 3445 Philippus
495 3365 652 3424 maximam
676 3364 800 3437 eorum,
824 3384 902 3444 qnae
927 3362 1075 3436 confecit,
1110 3372 1226 3442 partem

85 3449 237 3528 expedierit,
257 3452 363 3510 omn'es
380 3449 627 3531 respondebunt:
653 3449 796 3509 Exercitu
815 3461 846 3509 et
856 3449 1021 3531 'largiendo
1041 3459 1072 3507 et
1090 3452 1239 3527 cerrum-l

77 3533 171 3614 pendis
186 3535 232 3608 iis,
252 3536 355 3615 quiin
373 3535 515 3617 gerendis
532 3536 623 3595 rebus
641 3547 807 3607 versantur.
834 3532 877 3593 At
895 3552 953 3614 ego
970 3551 1072 3612 neque
1090 3532 1127 3590 in.
1143 3532 1241 3590 exer--

77 3618 144 3683 citus
159 3619 321 3701 imperium·
335 3619 447 3693 habui,
465 3640 565 3699 neque
584 3622 644 3680 dux
660 3620 713 3680 fui.
758 3622 877 3695 Quare,
897 3640 974 3698 quae
992 3617 1035 3677 ibi
1053 3617 1229 3687 factasunt,

73 3703 106 3763 ad
125 3725 169 3765 me
194 3705 281 3781 nihil2
296 3705 440 3766 attinent:
483 3707 538 3765 sed
558 3706 729 3766 resistendo
747 3702 959 3788 largitionibus
977 3702 1159 3784 Philippum
1177 3723 1228 3760 su¹⁸

57 3791 170 3870 peravi
220 3792 268 3869 Ut
293 3790 374 3851 enim
399 3801 498 3867 emtor
520 3790 615 3851 vincit
640 3812 726 3866 eum,
753 3791 806 3870 qui
832 3789 1101 3870 pretiumaccipit
1133 3803 1227 3867 seque

53 3875 125 3953 ,emi
141 3877 268 3958 patitur:
287 3876 346 3950 ita,
365 3876 418 3956 qui
436 3875 512 3935 nihil
531 3876 640 3956 accipit
658 3897 758 3956 neque
777 3875 1000 3954 corrumpitur,
1017 3871 1112 3934 vincit
1130 3883 1248 3930 emto-e

67 3974 139 4022 rem.¹
175 3962 297 4037 Quare,
316 3963 400 4041 quod
418 3962 454 4021 ad
472 3982 523 4020 me
539 3958 663 4034 attinet,
681 3961 792 4020 invicta
811 3972 857 4020 est
875 3959 986 4019 civitas.
1029 3958 1116 4032 Quae
1133 3955 1230 4038 igitur

64 4066 101 4107 eo
120 4046 254 4123 contuli,
281 4060 318 4106 ut
336 4047 409 4107 haec
426 4047 493 4106 iure
513 4045 756 4123 decerneret-hie
774 4046 812 4106 de
830 4066 894 4120 mo,
924 4055 1044 4125 praeter
1060 4042 1117 4102 alia
1134 4040 1230 4101 multa

64 4132 136 4193 haee
160 4144 192 4192 et
215 4132 263 4192 bis
286 4132 395 4192 similia
420 4146 497 4192 sunt.
542 4133 629 4208 Quae
654 4144 755 4191 autem
772 4153 826 4193 vos
845 4149 951 4190 omnes
969 4127 1085 4211 nostis,
1110 4125 1228 4187 caiam

55 4218 168 4299 dicant.
211 4218 318 4279 Statim
329 4231 407 4299 post
424 4217 574 4298 proelium
592 4218 746 4298 populus,
758 4217 818 4298 qui
836 4214 927 4276 sciret
945 4226 977 4274 et
993 4213 1133 4289 vidisset,
1152 4216 1229 4293 q'uae

57 4302 120 4387 'ego
139 4302 296 4378 feceram,
306 4300 424 4377 omnia,
443 4325 510 4362 eum
529 4303 587 4383 iarn
606 4303 679 4383 ipsis
696 4301 839 4384 periculis
858 4306 889 4358 e't
904 4299 1074 4358 terroribus
1093 4298 1231 4380 cingere·
1271 4320 1286 4327 ·'

57 4401 129 4464 tur,
152 4384 234 4459 'scum
249 4396 308 4471 ‘per
324 4388 510 4455 iracundiam
527 4379 644 4469 aliquid
661 4388 693 4447 in
711 4384 760 4448 sne
777 4384 904 4470 gravius-
915 4382 1075 4467 consulere
1091 4381 1231 4443 multitu·
1257 4446 1261 4463 Ι

896 4481 1033 4547 .lb
