2722 4754
137 110 197 241 ssi
418 132 787 256 nunosrhnn'ts
818 150 1062 250 0111110.

45 373 49 379 -
70 320 89 391 s
138 290 276 404 dixisset:
294 351 358 391 non
377 327 450 388 haec
468 325 509 386 ita
527 324 605 399 dixi,
622 336 658 386 ut
675 346 739 386 non
756 325 939 397 scriberem,=
952 341 1053 400 neque
1071 319 1112 382 ita
1130 314 1259 397 scripsi,
1277 325 1315 372 ut

138 407 322 501 legationem
347 433 410 478 non
435 409 570 485 obirem,
596 431 695 489 neque
720 410 905 495 legationem
930 407 971 469 ita
997 405 1076 480 obii,
1102 418 1137 465 ut
1152 398 1314 463 Thebanis

52 521 91 542 ·
130 502 205 563 ‘non
222 498 465 583 persuaderema
482 495 536 556 sed
553 495 591 555 ab
602 490 703 564 ⁴ihitih
717 496 754 556 ad
771 496 864 556 finem
881 513 979 574 usque
998 501 1065 553 snm
1084 489 1186 550 omnia
1205 503 1315 568 perse-

111 591 131 608 ''
143 583 251 659 cutus,
276 584 372 643 et'me
390 593 488 642 vestra
507 602 594 640 eausa
616 579 648 640 in
673 581 815 664 urgentia
837 577 1055 660 rempublicam
1072 575 1210 654 undique
1229 569 1316 652 peri-

144 667 369 744 cula‘conieci.·
396 664 480 749 Age,
505 665 610 747 profer
632 665 901 738 mihi-'decretum
929 663 1012 742 quod
1035 662 1101 748 ium
1123 656 1316 720 factumest

117 808 129 821 ,
144 759 205 817 11111
223 773 296 813 vero
312 772 406 832 ,quem
423 750 485 824 vis,
504 749 672 824 Aeschine,
690 763 737 824 te,
756 763 788 810 et
805 754 896 836 quem
914 767 962 811 me
980 746 1079 826 ipsum
1101 744 1154 805 illo
1175 762 1248 827 esse·
1262 740 1338 801 die-

133 820 276 921 ponam?
293 837 347 915 Vis
365 856 414 896 me
433 829 556 914 quidem
574 856 661 907 eum,
680 856 771 914 quem
789 849 823 896 tu
841 855 896 915 per
912 831 1083 893 convicium
1101 844 1132 891 et
1150 841 1317 890 contume-

145 925 216 985 liam
231 922 383 982 Battalum
398 940 505 994 voces,
518 931 552 978 te
571 940 643 985 vero
662 919 880 995 heroem,‚nec
899 939 968 978 eum
986 917 1150 1000 vulgarem,
1169 915 1225 975 sed
1243 912 1315 972 illo-

86 1022 90 1029 ‘
147 1030 215 1070 rum
234 1008 384 1088 aliquem,
400 1068 402 1076 ,
416 1004 469 1084 qui
486 1003 519 1064 iu
536 1000 626 1064 sce'ua
644 1004 851 1078 celebrantur,
883 999 1176 1084 Cresphontemvaut
1195 995 1318 1058 Creon,

57 1141 59 1145 r
147 1088 208 1156 tem
235 1105 287 1152 aut
311 1111 401 1170 quem
426 1085 589 1168 aliquando
615 1088 646 1149 in
669 1078 795 1174 Cplytto
816 1087 1006 1148 Oenomaum
1033 1088 1110 1146 male
1134 1095 1315 1165 repraesen-
1345 1105 1347 1109 ¹

54 1211 58 1220 ·
147 1177 241 1241 tando
260 1173 451 1256 contrivisti?
481 1172 537 1233 1110
556 1171 651 1256 igitur
667 1187 805 1256 tempore
823 1171 1016 1244 Paeauicnsis
1036 1192 1092 1254 ego
1110 1169 1316 1230 Battalusme
1343 1158 1352 1247 ’ἱ

92 1320 111 1340 ,,
139 1261 285 1346 ‘praestiti
309 1257 431 1341 patriae
445 1257 620 1332 utiliorem,
646 1260 735 1340 quam
760 1273 793 1321 tu
819 1256 1003 1318 Cothocidcs
1028 1255 1213 1316 Oenomaus.
1256 1252 1316 1314 Tui
1357 1334 1360 1339 Ι

113 1376 123 1421 j
150 1347 252 1412 nullus
269 1343 388 1425 uspiam
404 1343 463 1406 suit
480 1350 569 1405 ns'us':
592 1365 650 1428 ego
669 1366 753 1424 ¹vero,
771 1364 850 1427 quae
867 1343 985 1403 bonum
1002 1341 1240 1423 civem‘decent,
1257 1336 1316 1405 ieci

49 1439 67 1499 .’
151 1431 260 1496 omnia.
302 1429 588 1516 Recitadecretunu
1328 1431 1331 1435 '

399 1554 402 1558 ’
445 1562 676 1630 necandum
710 1579 1024 1626 urmosrnnurs.

74 1706 83 1770 .'
133 1703 148 1741 ἢ
236 1686 380 1746 Praetore
397 1684 557 1759 Nausicle,
574 1684 656 1744 tribu
673 1684 865 1766 praesidente
883 1681 1005 1756 Aiacia,
1022 1681 1141 1743 decimo
1164 1690 1250 1741 sexto
1270 1678 1317 1738 die
1335 1683 1338 1686 ’

88 1763 91 1771 ’
148 1770 243 1843 111111,
259 1762 509 1841 Demosthenes,
523 1765 739 1829 Demosthenis
757 1769 806 1844 F„
825 1766 1148 1849 Baceniensis,1dixita
1160 1763 1318 1841 Quoniam
1351 1800 1354 1805 >

153 1854 345 1936 Philippum,
367 1854 569 1914 Macedonum
587 1873 709 1936 regem,
732 1845 882 1935 superiori
899 1864 1037 1934 tempore
1055 1852 1250 1912 conditiones
1268 1869 1319 1929 pa-

156 1930 199 2002 cis
221 1958 291 2017 cum
314 1938 429 2020 populo
447 1936 630 1999 Atheniensi
647 1938 742 1998 sactae
760 1938 889 1998 violasse
908 1950 1043 2011 constat,
1068 1937 1213 2019 despecto
1239 1933 1325 2021 11111-

119 2027 125 2034 ’
143 2022 335 2098 ‘iurandoet
352 2024 432 2104 apud
451 2030 556 2105 ompes
568 2023 711 2104 ¹Graecos
729 2023 841 2098 usitato
860 2023 944 2085 lure:
981 2021 1120 2084 eeurbes
1137 2020 1340 2100 intercipere-

129 2096 135 2106 ’
157 2109 236 2172 nihil
249 2107 288 2167 ad
306 2127 339 2168 se
356 2107 696 2189 attinentem-quasdam
715 2108 822 2181 etiam,
840 2129 917 2199 quae
934 2105 1171 2180 Atheniensium
1188 2106 1323 2179 suerunt,

53 2226 57 2232 ·
158 2205 341 2279 expugnatas
360 2192 496 2274 cepisse,
526 2193 616 2261 'nulla
635 2214 654 2252 a
671 2193 786 2274 populo
804 2191 987 2253 Atheniensi
1005 2193 1177 2254 lacessitum
1196 2189 1335 2252 iniuria:¹

159 2292 190 2340 et
207 2279 239 2339 in
256 2277 427 2359 praesentia
451 2278 543 2360 longe
561 2274 690 2360 grassari
706 2278 747 2340 vi?
761 2291 792 2338 et
809 2278 986 2339 crudelitate
1021 2275 1106 2362 (nam
1127 2292 1159 2339 et
1176 2277 1325 2358 quaedam

112 2383 115 2387 ’
161 2360 277 2426 Giaeca
301 2362 411 2445 oppida
436 2362 593 2444 praesidiis
617 2375 722 2438 tenet,
747 2375 778 2424 et
801 2363 987 2445 respublicas
1011 2363 1152 2446 abrogata
1177 2361 1342 2442 quaedam.

77 2459 137 2518 185
163 2448 262 2524 etiam·
279 2445 446 2528 exscindit,
473 2459 505 2525 et
521 2447 601 2507 cives
627 2447 683 2508 sub
699 2466 824 2510 ¹corona
848 2448 969 2510 vendit:
1003 2448 1036 2508 in
1054 2449 1209 2529 quaedam·
1225 2446 1327 2520 etiam,

142 2531 288 2603 'Graecis'
304 2531 423 2606 eiectis,
449 2530 592 2592 barbaros
617 2533 748 2595 collocat
764 2533 796 2592 in
814 2533 882 2592 sana
901 2548 932 2595 et
956 2547 1153 2594 monumenta
1177 2531 1327 2593 maiorum

160 2618 318 2679 inductos:
339 2617 385 2693 xin
403 2639 465 2699 qno
483 2618 560 2678 nihil
578 2639 659 2678 sane,
675 2619 807 2679 alienum
824 2618 897 2683 facit
913 2619 961 2689 vel
985 2620 1079 2700 patria
1096 2641 1150 2678 sua
1167 2617 1216 2686 vel
1229 2609 1328 2702 mori7

161 2703 236 2775 bus,
255 2714 303 2762 et
327 2702 382 2763 hac
409 2724 462 2764 sua
479 2702 607 2770 „fortuna
638 2703 813 2786 importune
838 2704 952 2779 utitur,
988 2704 1102 2766 oblitus
1129 2705 1194 2776 sui,
1229 2702 1283 2782 qui
1311 2722 1330 2762 e

48 2825 50 2836 ·
131 2794 134 2800 '
161 2807 254 2870 parvo
279 2801 311 2848 et
333 2787 473 2868 quolibet
500 2787 660 2850 factus'sit
683 2790 837 2871 insperato
870 2812 1005 2873 magnus.
1047 2789 1093 2851 Ac
1118 2790 1190 2849 dum
1216 2786 1332 2869 oppida

162 2893 232 2934 eum
250 2871 371 2933 videbat
388 2872 631 2955 intercipientem
649 2873 774 2934 barbara
797 2875 974 2956 et'privata,
1010 2875 1110 2935 minus
1129 2875 1212 2934 inse
1231 2873 1330 2940 doliu,

162 2957 216 3036 qui
232 2955 357 3037 putabat
373 2959 505 3038 populus
519 2950 734 3029 Ath‘eniensist
750 2979 831 3018 nunc
849 2982 921 3020 vero
940 2961 1057 3034 videns,
1077 2961 1260 3021 Graecarum
1278 2979 1333 3018 ur-

66 3050 70 3058 *
112 3053 125 3122 ¹.
143 3040 247 3107 ,bium
272 3041 344 3101 alias
369 3037 494 3126 indigne
517 3044 655 3118 tractari,
679 3043 752 3104 alias
777 3045 890 3125 evertit,
912 3045 1054 3124 'iniquum
1077 3066 1147 3111 ‘esse
1172 3056 1278 3105 censet
1302 3053 1348 3103 et‘

163 3125 260 3208 gloria
278 3125 425 3186 maiorum
443 3127 621 3210 indignum,
649 3128 854 3201 committere,
874 3143 916 3190 ,ut
935 3130 1045 3190 Graeci
1062 3131 1208 3191 servitute
1227 3127 1335 3210 oppri-

165 3208 317 3293 mantur):
335 3210 437 3291 itaque
456 3213 557 3283 uisum*
572 3226 618 3274 est
635 3213 753 3274 senatui
770 3215 948 3295 populoque
965 3214 1165 3288 Atheniensi,
1182 3227 1233 3288 ut,
1251 3211 1337 3274 votis

166 3294 348 3375 nuncupatis
374 3306 405 3355 et
428 3297 518 3357 sacris
536 3299 664 3381 peractis
683 3299 740 3359 diis
765 3312 796 3358 et
821 3299 964 3360 heroibus
988 3301 1072 3361 urbis
1096 3298 1277 3361 tutelaribus
1302 3309 1357 3357 et-

166 3379 292 3441 ditionis
310 3379 563 3455 Atheniensium,
593 3396 624 3443 et
641 3397 781 3445 revocata
798 3384 830 3443 in
848 3385 1024 3445 memoriam
1043 3387 1155 3447 virtute
1173 3385 1338 3456 maiorum,

168 3464 221 3545 qui
244 3464 339 3545 pluris
363 3466 462 3528 secere
482 3468 690 3529 defensionem
709 3469 855 3529 Graeciae
868 3470 1032 3545 libertatis,
1058 3494 1147 3552 quam
1173 3492 1258 3531 suam
1282 3489 1338 3548 pa-

110 3577 114 3597 t
167 3550 272 3612 triam:
296 3563 332 3611 ut
350 3551 497 3619 ducentae
516 3574 606 3614 naves
625 3555 656 3614 in
675 3570 756 3614 mare
774 3546 1004 3635 protrahantur,
1023 3571 1054 3618 et
1071 3556 1238 3633 navarchus
1257 3554 1357 3613 intraae

168 3634 257 3717 Pylas
276 3635 421 3717 appellat,
454 3651 497 3699 et·
509 3639 570 3699 dur
587 3661 620 3706 ac
638 3639 782 3724 magister
799 3640 936 3719 equitum
954 3643 1110 3723 pedestres
1130 3655 1161 3702 et
1179 3652 1339 3720 equestres

169 3720 270 3801 copias
287 3720 463 3782 Eleusinem
483 3724 626 3799 educant,
645 3732 676 3785 et
692 3739 727 3785 ut
742 3724 835 3808 legati
852 3727 1012 3787 mittantur
1028 3729 1065 3787 ad
1084 3741 1220 3791 caeteros
1240 3725 1340 3785 Grae-

169 3824 238 3879 cos,
262 3805 450 3889 ac'primum
476 3808 614 3870 omnium
636 3810 674 3870 ad
691 3809 853 3870 Thebanos
876 3811 1052 3895 (propterea
1076 3814 1159 3893 quod
1177 3811 1342 3891 Philippus

48 3914 53 3920 ⁸
92 3917 100 3923 ·
169 3910 241 3972 agro
269 3891 397 3953 illorum'
418 3905 465 3954 est
485 3892 673 3976 proximus),
695 3896 752 3975 qui
770 3915 829 3965 ,eos
855 3896 1071 3972 cohortentur,
1095 3913 1131 3958 ut
1153 3919 1170 3956 a
1193 3896 1342 3976 Philippo

169 3996 233 4035 non
251 3977 458 4057 perterrefacti
474 4000 559 4040 suam
577 3992 608 4041 ct
625 3979 755 4042 aliorum
767 3980 953 4042 G'rdecorum
969 3983 1139 4043 libertatem
1160 3981 1343 4053 defendant,

124 4133 129 4153 Ι
171 4073 203 4120 et
227 4061 381 4138 indicent,
406 4065 556 4146 populum
578 4064 817 4139 Atheniensem,
843 4066 1003 4127 obliterata
1028 4077 1180 4140 veterum,
1207 4068 1234 4127 si
1262 4070 1357 4146 quae.

170 4146 251 4206 inter
268 4147 359 4209 urbes
377 4148 621 4231 intercesserint,
649 4149 1015 4227 ‚offensarummemorim
1047 4175 1138 4235 ‚opem
1157 4155 1292 4214 laturu'm
1306 4164 1343 4230 ¹et

172 4231 267 4312 copiis
287 4245 318 4294 et
334 4235 512 4314 pecunia'et
530 4235 598 4296 telis
608 4238 651 4296 'et
665 4235 768 4295 aruris:
783 4230 841 4316 'qui
859 4237 950 4310 sciat,
968 4237 1040 4319 ipsis
1051 4239 1140 4298 int'er
1157 4260 1189 4298 se
1210 4252 1341 4298 conten-

173 4317 244 4377 dere
264 4318 301 4378 de
320 4316 513 4402 principatu,
527 4342 595 4383 cum
615 4321 724 4382 Graeci
742 4320 822 4396 sint,
844 4324 1028 4403 praeclarum
1047 4345 1130 4398 esse,
1148 4323 1269 4384 homini
1287 4346 1342 4382 au-

305 4424 308 4433 ,
973 4408 984 4438 0
1160 4416 1163 4421 ¹
