2722 4754
28 298 34 310 ἱ
112 169 187 276 ’τό
618 211 838 275 urrunnu
928 292 933 299 ³

143 369 194 451 tis,
211 380 246 429 ut
263 387 392 449 aequum
412 378 491 439 erat,
509 379 545 428 ut
563 388 632 427 eum
651 367 791 429 allectum
809 366 920 430 iniuria
938 368 1041 430 decern
1060 389 1180 432 menses
1198 372 1230 431 in
1244 373 1329 437 rin-s

82 455 88 459 ’
144 453 220 516 culis
237 455 326 515 etiam
344 451 521 530 habueritis,
538 447 717 534 nostrasque
731 454 843 528 literas,
861 477 934 534 quas
951 456 1076 530 serebat,
1093 478 1149 538 pro
1165 457 1324 536 concione,¹

144 539 288 620 legeritis.
305 535 424 596 Deinde
440 558 534 615 quum
547 540 573 597 T
574 537 650 597 hasii
664 540 880 623 Byzantiorum
893 543 1031 621 triremes
1047 554 1078 600 et
1092 541 1201 623 piratas
1222 562 1317 621 quos-‘¹

144 624 221 684 libet
238 622 445 702 susciperent,
472 623 504 682 id
523 623 600 682 nihil
616 624 702 684 vohis
722 645 810 685 curae
829 625 905 685 fuit:
940 648 1120 705 quamquam
1139 627 1171 686 in
1188 626 1327 704 foedere
1348 638 1356 644 ”

46 732 94 769 «·,
138 708 344 789 ‘perscriptum
364 720 427 780 est,
444 728 499 787 pro
519 689 657 768 hostibus
677 728 742 769 esse
761 709 932 782 habendos,
955 712 1130 790 quicunque
1148 712 1180 769 id
1197 710 1326 785 saciant-

94 829 97 832 *
145 791 232 853 Circa
251 793 355 852 eadem
372 806 509 872 tempora
526 793 705 874 Diopithes,
716 793 792 854 lacta
807 794 838 852 in
851 795 1316 877 regionemxmeamimpressioa·

85 946 90 964 Ι
144 897 204 953 ne,
222 898 285 937 non
303 876 395 948 modo
416 874 571 961 Crobylen
590 891 620 938 et
636 880 812 952 Tiristasin,
839 880 953 939 civibus
972 880 1004 940 in
1023 881 1199 941 servitutem
1219 879 1318 945 ahduv⁵

31 1027 35 1044 ,
146 964 212 1038 ctis,
231 963 377 1044 diripuit:
391 964 444 1022 sed
464 975 494 1021 et
507 963 665 1032 finitimam
679 965 836 1024 Thraciam
854 965 1015 1045 populatus
1033 986 1131 1046 eoque
1150 956 1355 1043 violentiae·

55 1116 58 1125 ι
94 1109 101 1115 ,
142 1052 265 1114 tandem
285 1062 331 1108 est
348 1060 524 1128 provectus,
541 1048 842 1130 utAmphilochnm,
860 1049 968 1128 quide
988 1050 1110 1130 captivis
1129 1051 1316 1119 redimendis

55 1144 125 1219 ,102
143 1138 263 1218 legatus
278 1146 422 1206 venerat,
441 1133 698 1212 comprehensum
713 1149 743 1196 et
760 1135 791 1192 in
812 1149 973 1195 extremam
991 1137 1201 1196 necessitatem
1220 1136 1316 1196 addu-

147 1236 228 1283 ctum
254 1240 318 1279 non
344 1218 404 1277 nisi
429 1238 538 1294 novem
563 1219 684 1292 talentis
711 1215 835 1281 extortis
863 1218 1025 1279 dimiserit:
1054 1234 1085 1280 et
1107 1222 1181 1281 haec
1199 1220 1359 1300 popule„

145 1297 331 1408 approhante
349 1303 429 1363 lecit
446 1302 543 1383 Atqui
561 1326 629 1364 cum
648 1305 773 1373 caeteris
792 1304 933 1382 omnibus
949 1296 1131 1386 praeconem
1151 1319 1182 1365 et
1199 1306 1317 1387 legatos

137 1393 270 1464 molare,
288 1388 566 1471 impiumvidetur:
584 1403 649 1450 turn
666 1391 753 1451 vobis
765 1390 803 1450 in
821 1391 932 1471 primis.
977 1387 1076 1464 Certe,
1095 1413 1189 1471 quum
1212 1389 1318 1473 Mega-

145 1478 249 1539 ren'ses
267 1473 534 1557 Anthemocritnm
552 1475 757 1536 sustulissent:
774 1488 857 1536 tanta
875 1475 1028 1535 iracundia
1045 1475 1177 1557 populus
1195 1475 1319 1549 exarsit,

146 1578 182 1627 ut
200 1583 252 1622 eos
276 1560 431 1645 mysteriis
451 1559 646 1640 prohiberet,
682 1574 712 1620 et
738 1561 770 1620 in
787 1554 1017 1622 munimentum
1034 1559 1163 1620 iniuriae
1187 1573 1317 1621 statuam

146 1664 215 1711 ante
234 1661 336 1729 portas
356 1646 494 1727 erigeret.
530 1646 703 1720 Qnidtvero
722 1642 856 1743 iniquius
877 1660 931 1718 est,
951 1667 1039 1725 quarn
1057 1651 1111 1705 vos
1130 1646 1214 1726 ipsos
1232 1638 1356 1706 nunc·

64 1782 68 1813 ·.
147 1757 182 1795 ea
200 1735 310 1803 lacere,
329 1727 499 1810 quaefacta
517 1729 553 1789 ab
573 1731 638 1789 aliis
655 1746 715 1791 tam
733 1731 850 1810 iniquis
865 1732 971 1790 animis
984 1730 1134 1799 'tulistisl
1156 1728 1318 1790 Praeterea

119 1860 126 1870 x
148 1814 273 1890 Callias,
298 1828 397 1875 vester
413 1816 593 1895 imperator,
615 1816 705 1876 urbes
724 1817 756 1874 in
774 1815 843 1875 sinu
861 1816 1135 1898 Pagasitano'sitas
1159 1817 1324 1877 universas·

148 1904 237 1984 cepit,
254 1901 343 1962 vobis
361 1900 501 1973 loedere,
518 1900 593 1958 mihi
612 1902 755 1960 societate
774 1901 958 1961 coniunctas.
994 1900 1056 1974 Qui
1074 1898 1145 1960 ve‘ro
1164 1901 1197 1960 in
1215 1903 1318 1961 Mace-

26 2022 30 2025 ·
107 2060 110 2065 ¹
149 1988 271 2049 doniam
289 1985 489 2068 navigabant,
504 2006 680 2045 eos-cannes
699 1985 833 2044 hostium
850 1986 919 2046 loco'
939 1985 1044 2044 hahuit
1063 1999 1093 2046 et
1114 1987 1260 2047 vendidit.
1278 1979 1345 2047 Et„

147 2086 272 2155 propter
289 2071 363 2130 haec
381 2070 514 2129 facinora
532 2091 587 2130 vos
606 2070 821 2151 eumpuhlicis
847 2071 1015 2152 praeconiis
1040 2071 1176 2130 ornastis.
1213 2073 1318 2146 Quare

147 2159 233 2219 valde
253 2156 377 2228 dubito,
403 2153 477 2235 quid
495 2154 541 2214 his
560 2145 621 2235 pei
631 2177 685 2214 vos
704 2155 799 2215 adiici
811 2171 930 2235 ppsset,
954 2157 980 2216 si
997 2156 1094 2236 palam
1110 2155 1323 2215 mecum·hel-·

82 2309 84 2313 ,
130 2245 211 2322 ‚lum
229 2241 382 2324 gereretis.
403 2240 493 2309 „Nam
512 2237 605 2319 quum
624 2240 704 2300 haud
732 2241 849 2300 occulte
876 2241 1120 2304 dissentiremus:
1144 2242 1316 2320 praedones

138 2326 342 2399 ,emittebatiq
361 2346 424 2398 eos,
443 2325 495 2404 qui
513 2326 550 2385 ad
568 2348 624 2386 nos
643 2318 832 2408 navigabant,
850 2326 1037 2399 vendebatis,
1054 2325 1242 2391 adversarios
1259 2318 1318 2386 no
1354 2400 1358 2405 ι

123 2454 126 2459 .
147 2428 226 2477 stros
245 2411 401 2482 iuvabatis,
418 2431 547 2493 regnum
564 2433 664 2471 meum
681 2410 877 2495 irrlestabatis.
898 2412 949 2472 Ad
968 2433 1032 2470 eam
1052 2411 1184 2491 denique
1201 2410 1314 2490 iniqui-
1351 2440 1357 2487 ¹.

145 2512 239 2561 tatem
258 2511 288 2558 et
305 2496 417 2557 hostile
436 2493 540 2555 odium
558 2496 711 2580 progressi
730 2495 811 2568 estis,
828 2510 863 2556 ut
881 2497 971 2557 etiam
989 2498 1097 2556 Persae
1116 2490 1215 2556 missis
1234 2490 1316 2577 lega-

129 2626 132 2637 ·
147 2586 186 2646 tis
205 2584 387 2665 persuadere
405 2581 591 2657 studueritis,
609 2594 644 2640 ut
662 2581 736 2640 mihi
754 2577 1019 2642 bellumlinterret.
1038 2582 1069 2641 id
1087 2583 1170 2662 quod
1187 2580 1316 2640 maxime

41 2736 47 2750 ³
130 2679 140 2728 ἵ
148 2669 249 2750 quivis
266 2669 437 2728 demiretur.
472 2666 645 2746 Antequam
665 2667 745 2725 euim
768 2667 793 2725 is
811 2666 986 2751 Aegyptum
1005 2680 1036 2726 et
1053 2665 1246 2727 Phoeniciam
1265 2678 1344 2725 ce·'.

148 2754 253 2836 pisset,
272 2752 481 2825 decreveratis,
498 2764 542 2824 ut,
561 2752 677 2831 si‘quid
696 2771 791 2811 novae
806 2753 852 2812 rei
864 2750 1118 2825 molismum-non
1129 2747 1231 2810 ininus
1248 2771 1317 2833 ego,
1342 2772 1345 2777 ·

149 2859 239 2919 quam
258 2839 368 2898 caeteri
386 2836 497 2896 Graeci
516 2856 640 2909 omnes,
666 2838 808 2897 adversus
834 2857 902 2898 eum
926 2859 1101 2899 accerserer.
1135 2836 1226 2895 Nune
1243 2855 1317 2896 vero
1348 2904 1351 2909 ¹

77 2924 78 2927 ’
148 2936 231 2983 tanta
249 2935 296 2982 est
314 2922 377 2981 odii
394 2921 486 2981 vestri
504 2922 536 2985 in
554 2943 602 2980 me
615 2914 785 2994 acerbitas,
809 2935 844 2981 ut
862 2925 904 3000 de
918 2923 1050 2983 ineunda
1068 2945 1136 2982 cum
1155 2941 1192 2980 eo
1211 2932 1334 2980 contra.
1353 2948 1356 2955 ·

149 3028 198 3068 me
216 3006 360 3067 societate
379 3007 480 3088 agatis.
524 3005 620 3086 Atqui
642 3007 714 3067 olim
732 3001 833 3088 patres'
843 3009 941 3067 uestri
965 3007 1015 3092 (ut
1033 3028 1089 3090 ego
1108 3002 1214 3088 audio)
1237 3004 1317 3063 Pisi·

118 3127 123 3134 ·
149 3092 282 3154 stratidis
301 3092 420 3151 crimini
439 3090 558 3163 dabant,
580 3093 663 3171 quod
680 3093 802 3152 Persam
820 3092 857 3151 ad
877 3093 1010 3153 Graecos
1030 3087 1246 3172 opprimendos
1264 3089 1320 3149 ad-

150 3180 309 3239 ducerent:
328 3197 382 3236 vos
400 3175 472 3236 vero
491 3196 525 3235 ea
543 3177 640 3236 facere
658 3199 723 3237 non
740 3178 844 3258 pudet,
863 3178 902 3237 oh
920 3196 996 3257 quae
1013 3192 1159 3262 tyrannos
1178 3194 1332 3235 accusare.

132 3261 403 3338 ‘solebatisQuin
420 3274 539 3343 praeter
556 3262 612 3343 alia
630 3261 902 3323 senatusconsultis
918 3261 1207 3323 vestris'inscrihitis
1220 3259 1319 3319 'r'nihi-
1344 3320 1358 3351 Χ

96 3334 106 3355 N
150 3344 398 3428 que¹imperatis,
425 3360 460 3406 ut
472 3349 576 3421 ,Teren
603 3359 633 3406 et
652 3344 888 3427 Cersoblepten,
916 3350 999 3427 quod
1016 3347 1218 3407 Athenienses
1245 3345 1322 3417 sint,

149 3433 294 3492 Thraciae
313 3431 462 3491 dominari
480 3431 583 3490 sinam.
601 3433 668 3514 Ego
683 3453 755 3492 vero
774 3431 849 3491 istos
868 3453 967 3512 neque
986 3433 1080 3514 pactis
1097 3433 1134 3490 de
1152 3450 1222 3512 pace
1242 3450 1319 3488 con-

149 3518 243 3578 tineri
257 3517 382 3577 memini
402 3513 466 3576 'una
491 3516 664 3591 vobiscum,
688 3537 788 3596 neque
812 3517 1079 3598 pilisinscriptos,
1103 3536 1202 3595 neque
1220 3513 1319 3573 Athe-

150 3603 272 3662 nienses
291 3623 363 3662 esse.
392 3602 479 3683 ,Illud
497 3600 577 3674 scio,
595 3603 693 3662 Teren
714 3614 818 3666 eontra
837 3623 890 3661 vos
909 3624 1127 3670 mecumarma
1144 3600 1270 3671 tulisse,
1285 3598 1323 3672 ‚et

151 3685 381 3769 Cersoblepten,
400 3708 492 3766 quum
510 3687 586 3744 meis
605 3686 711 3769 legatis
731 3687 856 3746 seorsim
872 3688 942 3746 dare
956 3687 1164 3747 iusiurandum
1184 3694 1323 3764 cuperet,
1336 3701 1357 3738 t

151 3772 291 3832 avestris
311 3771 437 3831 ducibus
463 3770 557 3842 fuisse
574 3771 776 3851 prohibitum:
802 3771 854 3851 qui
874 3792 943 3830 eum
960 3786 1076 3832 restrae
1094 3770 1179 3829 urhi's
1198 3768 1321 3827 hostem

70 3915 73 3921 .
151 3858 343 3938 declararent
374 3860 488 3916 Verum
506 3855 606 3915 isthuc
626 3857 781 3935 quomodo
799 3877 929 3936 aequum
948 3857 1000 3917 aut
1016 3857 1130 3916 iustum
1150 3867 1205 3925 est,
1223 3873 1321 3933 quum

151 3964 220 4004 ere
241 3939 339 4004 vestra
360 3954 425 4015 est,
449 3961 519 4000 eum
537 3955 664 4002 vestrae
679 3941 763 4001 urhis
790 3941 910 4001 hostem
933 3942 1106 4001 nominare:
1133 3958 1228 4018 quum
1246 3957 1322 3996 vero

13 4067 23 4082 ·
68 4035 126 4092 103
152 4050 201 4089 me
220 4019 395 4089 cadumniari
417 4025 681 4100 vultis,.eundem
708 4027 803 4087 civem
826 4039 959 4085 vestrum
979 4025 1132 4085 dictitare:
1160 4036 1190 4083 et
1208 4021 1324 4080 Sitalce

106 4133 107 4136 ’
149 4114 262 4189 occiso,
280 4133 370 4193 quern
389 4110 509 4173 civitate
527 4111 727 4183 donaveratis,
746 4111 846 4173 statim
866 4110 930 4169 eius
949 4111 1175 4170 interfectorem
1194 4105 1322 4166 inami-

151 4199 251 4260 citiam
273 4198 424 4278 recipere:
440 4209 482 4260 et
506 4209 633 4276 propter
650 4193 870 4277 Cersoblepten
895 4195 1009 4256 bellum
1034 4193 1197 4253 nobiscum
1223 4190 1322 4250 susci-

70 4331 75 4338 .
126 4301 129 4304 ·
150 4284 247 4366 perci*
259 4283 435 4364 praesertim
454 4302 546 4361 quum
565 4279 651 4340 vobis
668 4281 857 4361 exploratum
875 4280 930 4353 sit,
949 4280 1101 4340 neminem
1122 4296 1246 4350 eorum,
1267 4275 1323 4354 qui
1352 4292 1356 4296 ·

151 4369 222 4431 talia
239 4371 371 4451 'munera
386 4366 557 4446 accipiunt,
582 4365 637 4429 vel„
653 4365 740 4447 leges
762 4365 810 4428 vel
834 4363 1214 4446 senatusconsultavestra
1232 4361 1327 4441 quic-⁴
