2722 4754
103 262 112 289 t

80 202 96 231 ³
160 211 222 267 172
291 161 296 168 i
387 152 1045 271 'DEMOSTHENISORAT'IO'
1091 206 1107 304 ἢ*

85 429 87 433 ,
159 375 205 420 cst
222 359 396 441 provinciae
415 378 496 415 nunc
514 357 737 438 praerogativa,
762 356 882 415 ademto
901 370 990 418 metu
1004 370 1035 416 et
1048 359 1190 438 periculis
1210 358 1257 450 ιι,
1278 357 1334 436 qui

65 482 68 485 -
157 444 239 504 illam
259 445 298 503 sit
316 444 478 502 allecturus
497 442 629 502 iniuria?
664 445 725 500 lam
746 441 849 500 etiam
844 441 917 501 tale
937 444 1080 522 quiddam
1106 466 1176 502 eum
1194 446 1273 509 esse
1282 443 1333 502 di-

52 592 56 600 ,
84 540 85 545 ’
159 543 278 590 ctutum
295 528 406 586 audio:
432 526 536 584 Mirari
554 549 601 600 se,
626 547 681 586 cur
698 548 714 584 a
731 527 938 587 Demosthene
958 540 1131 628 accusetur,
1150 551 1165 587 a
1184 528 1331 587 Phocen-

79 658 81 663 -
159 615 237 674 sium
256 625 357 670 autem
376 611 519 671 nemine?
544 612 637 687 Quod
657 611 828 672 cuiusmodi
846 613 900 684 sit,
926 614 1071 692 imprimis
1099 635 1134 672 ιιι
1152 603 1201 673 ine
1209 612 1331 672 audire

64 711 71 738 ²
158 710 296 780 praestat
326 698 529 756 Phocensium
548 697 656 795 optimi
675 697 792 795 quique·
806 710 839 755 et
857 697 1081 785 modestissimi,
1102 714 1237 759 extorres
1255 697 1331 757 facti

127 846 130 851 ,
159 797 189 842 ιι
202 784 240 841 ad
258 782 340 841 bunc
358 784 483 842 modum
499 782 628 853 tractati,
647 782 744 840 otium
763 782 905 841 nimirum
924 797 1027 864 agunt,
1045 805 1148 883 neque
1165 785 1330 884 quisquam

130 910 134 915 -
158 890 264 956 eorum
283 871 408 948 propter
424 864 651 948 rempublicam
659 868 787 946 privatas
802 867 956 951 suscipere
974 869 1071 928 velit'
1064 870 1244 928 inimicitias
1265 867 1345 942 Quix

157 974 230 1014 vero
249 953 369 1011 nihil
345 975 410 1012 sine
429 952 557 1051 pecunia
571 952 681 1010 facturi
694 952 764 1024 sint,
783 952 804 1010 ιι
796 946 1022 1040 'praebitorem
1026 976 1104 1013 non
1123 954 1246 1014 habent
1263 952 1330 1012 Ne·
1330 949 1353 965 ”

120 1040 128 1045 ”
158 1061 217 1119 que
237 1039 318 1098 enim
338 1058 394 1118 ego
413 1038 553 1116 cuiquam
578 1038 739 1116 quicquam
760 1034 911 1110 dederim,
936 1053 971 1099 ut
990 1039 1037 1101 hic
1055 1039 1131 1098 mihi
1149 1040 1328 1098 assistentes

157 1123 354 1194 clamitarent,
373 1122 472 1201 qualia
489 1123 625 1202 perpessi
643 1135 752 1182 essent.
776 1123 893 1182 Veritas
913 1125 994 1183 enim
1014 1122 1044 1183 ιι
1060 1146 1108 1183 res
1127 1126 1191 1205 ipsa
1209 1123 1329 1183 clamat

49 1279 56 1284 .
146 1207 235 1270 ‘Cum
253 1208 368 1307 populo
387 1219 487 1266 autem
506 1207 725 1266 Phocensium
736 1208 811 1280 adeo
831 1208 907 1267 male
927 1223 957 1268 et
979 1210 1196 1268 miserabiliter
1214 1208 1327 1289 agitur,

87 1366 89 1370 ,
156 1308 192 1355 ut
215 1295 274 1352 iam
301 1294 343 1351 eis
367 1312 430 1350 non
455 1291 653 1353 laborandum
678 1293 720 1352 sit
743 1294 780 1352 de
806 1295 980 1353 accusandis
1004 1294 1176 1355 rationibus
1192 1292 1338 1352 Athenis.

155 1390 317 1460 perperam
330 1377 475 1437 redditis.
493 1378 546 1436 sed
565 1380 603 1438 de
619 1399 668 1450 ιο,
686 1399 724 1437 ne
744 1379 884 1451 serviant,
904 1392 934 1439 et
950 1393 1034 1439 metu
1054 1381 1245 1439 emoriantur
1259 1391 1326 1437 tum

98 1451 109 1463 ‘
136 1464 387 1554 'Thebanorum
404 1452 470 1520 tum
488 1462 622 1544 Philippi
638 1464 787 1536 militurn,
806 1485 882 1543 quos
901 1465 981 1524 alere
1001 1477 1169 1546 coguntur,
1189 1464 1221 1522 in
1240 1464 1326 1522 vicos

155 1551 268 1609 redacti
288 1562 319 1608 et
335 1547 424 1606 armis
443 1548 570 1627 spoliati.
601 1547 647 1606 Ne
667 1549 760 1631 igitur
778 1551 839 1609 ista·
853 1571 921 1608 eum
941 1552 1042 1610 dicere
1062 1550 1170 1609 sinite:
1189 1548 1264 1648 sed,
1273 1561 1327 1608 aut

155 1656 219 1694 non
237 1634 362 1715 periisse
381 1632 573 1707 Phocenses,
603 1636 763 1694 ostendere
782 1634 913 1708 iubete,
928 1649 980 1695 aut
997 1657 1029 1694 se
1048 1644 1111 1694 ιιοιι
1136 1633 1326 1719 promisisse,

155 1719 329 1800 Philippum
349 1739 400 1778 eos
428 1732 683 1779 conservaturum
718 1719 795 1778 Nam
813 1720 870 1779 hae
897 1733 970 1780 sunt
995 1721 1155 1803 legationis
1173 1720 1327 1779 rationes:

155 1806 239 1880 Quid
256 1818 356 1864 actum
375 1803 442 1863 est?
470 1804 550 1883 quid
571 1804 776 1864 renuntiasti?
811 1805 844 1863 Si
862 1826 947 1879 vera,
967 1805 1147 1865 absolvitur.
1174 1805 1222 1864 sin
1240 1800 1326 1877 falsa,

135 1919 138 1922 ⁴
154 1892 225 1950 dato
244 1911 366 1990 poNenas
393 1882 521 1964 Quodsi
539 1890 711 1963 Phocenses
730 1911 794 1948 ιιοιι
812 1891 937 1964 adsunt,
957 1891 1043 1990 quid·
1047 1891 1136 1951 tum?
1173 1888 1225 1949 Sic
1243 1889 1326 1948 enim

64 1995 67 2011 f
112 2048 116 2056 f
153 1976 289 2035 tractasti
308 1995 377 2046 eos,
404 1995 459 2057 pro
479 1987 531 2033 tua
557 1975 680 2055 qnidem'
699 1988 802 2055 parte,
825 1988 861 2033 ut
878 1996 950 2034 nec
957 1976 1059 2034 amicis
1079 1961 1241 2055 opitulari,
1267 1995 1326 2034 nee

85 2079 88 2133 )
153 2060 293 2120 inimicos
311 2059 417 2120 ulcisci
435 2061 559 2139 possint.
595 2063 656 2119 lam
673 2072 793 2141 praeter
811 2060 942 2121 dedecus
962 2074 993 2120 et
1010 2061 1243 2143 ignominiam,
1246 2080 1339 2145 quae¹

154 2146 186 2205 ιιι
204 2147 278 2205 actis
297 2145 421 2216 insunt,
449 2145 538 2204 etiam
556 2149 676 2228 magua
683 2166 719 2206 ιιι
737 2146 850 2205 hist
803 2158 867 2205 orta
893 2167 958 2205 esse
975 2145 1160 2227 reipublicae
1179 2145 1324 2224 pericula,

155 2231 276 2291 ostendi
293 2230 380 2290 facile
398 2242 507 2310 potest
542 2231 619 2304 Quis
639 2232 719 2290 enim
744 2243 877 2290 vestrum
896 2232 1033 2314 ignorat,
1060 2231 1213 2290 Phocensi
1232 2230 1326 2302 ιιιιιιι,

155 2317 228 2375 dum
252 2316 425 2374 Phocenses
450 2315 546 2397 Pylas
564 2318 736 2393 tenerent,
751 2336 807 2374 nec
831 2314 1018 2390 a'Phebanis
1046 2316 1210 2395 quicquam
1235 2307 1337 2383 vobiti

61 2405 68 2415 ‘
129 2396 247 2461 'luisse
265 2401 473 2471 metuendum,
492 2421 547 2459 nec
565 2402 641 2461 vel
632 2425 664 2459 ιιι
683 2402 946 2482 Peloponnesum,
964 2400 1039 2461 ιιι
1031 2423 1062 2459 ιιι
1080 2401 1258 2473 Euboeam,
1276 2400 1324 2459 vel

154 2486 186 2545 in
205 2486 336 2547 Atticam
354 2497 517 2545 venturum
544 2486 638 2545 fuisse
657 2487 844 2567 Philippum
849 2494 901 2545 aut
918 2487 1101 2547 Thebanos?
1135 2485 1238 2543 Eam
1229 2483 1326 2566 igitur

152 2573 363 2644 securitatem,
386 2587 467 2648 quae
487 2584 516 2629 et
534 2593 549 2629 a
568 2571 638 2630 loco
658 2584 688 2630 et
702 2571 832 2631 rebus
823 2572 894 2651 ipsis
918 2560 1104 2651 reipublicae
1130 2567 1324 2651 suppetebat,

129 2646 284 2716 istorum
301 2655 456 2715 fraudibus
477 2669 507 2715 et
520 2657 684 2716 mendaciis
698 2657 910 2729 ιιιιιιιιιιιιιιι,
928 2678 982 2715 vos
1001 2656 1151 2728 amisistis,
1169 2669 1262 2735 atque
1276 2677 1322 2715 ar

61 2736 66 2744 ⁵
134 2744 210 2811 mis
238 2755 283 2801 et
294 2741 375 2806 bello
401 2753 548 2821 perpetuo
577 2753 608 2800 et
634 2743 748 2824 magnis
773 2741 900 2801 urbibus
925 2743 1078 2801 sociorum
1106 2741 1267 2800 bominum
1293 2752 1323 2798 et

68 2823 131 2882 234
154 2827 254 2909 amplo
273 2847 346 2908 agro
365 2826 511 2885 munitam
528 2826 608 2913 passi
627 2827 697 2887 estis
718 2828 819 2887 everti
842 2827 946 2907 ltaque
966 2828 1075 2887 frustra
1093 2825 1195 2907 priora
1213 2803 1322 2887 riorilia

59 2964 64 2971 .
153 2914 185 2972 in
203 2913 292 2994 Pylas
311 2911 401 2969 missa
419 2924 506 2971 sunt:
530 2932 615 2989 quae
626 2912 752 2992 amplius
772 2913 912 2972 ducentis
924 2908 1050 2972 talentis
1068 2911 1154 2972 vobis
1175 2911 1319 2970 constite-

151 3010 234 3071 runt,
253 2997 279 3056 si
297 2996 386 3056 etiam
404 2997 541 3095 privatos·
556 3018 680 3073 eorum,
696 3020 749 3077 qur
739 2997 953 3078 expeditioni
968 2997 1184 3068 interfuerunt,
1204 3007 1321 3056 sumtus

151 3082 330 3165 supputatis.
374 3081 474 3140 lnanis
501 3081 590 3141 etiam
616 3104 691 3164 spes
704 3096 791 3155 est,
787 3106 886 3163 quam
904 3084 943 3141 de
966 3082 1148 3141 ulciscendis
1166 3079 1321 3140 Thebanis

151 3167 392 3251 conceperatis
401 3167 512 3241 Quod
518 3180 619 3227 autem
645 3169 820 3268 omnium,
812 3190 899 3228 cum
910 3168 1003 3226 multa
1023 3181 1053 3227 et
1070 3167 1179 3227 acerba
1197 3188 1232 3226 ea
1249 3147 1323 3236 sinf,

72 3320 77 3327 ,
151 3252 335 3333 inquibus
327 3264 383 3310 iste
389 3242 564 3332 Philippo'
553 3255 702 3328 inserviit,
721 3267 752 3313 et
765 3255 797 3312 in
816 3253 1032 3334 rempublicam
1050 3253 1124 3312 etin
1139 3266 1194 3312 vos
1214 3270 1327 3312 omnes,

106 3378 134 3411 ,ι
151 3337 491 3418 contumeliosissimum
511 3351 573 3397 est:
592 3339 624 3401 id
641 3361 677 3398 ιιι
696 3361 743 3399 me
762 3337 884 3399 audite.¹
901 3334 978 3397 Cum
997 3338 1153 3417 Philippus
1174 3337 1239 3396 ab'
1229 3335 1341 3420 mitio¹

151 3413 369 3522 constituisset,
388 3422 500 3495 omnia,
517 3445 595 3502 quae
609 3424 781 3484 decreverat
783 3437 956 3504 ,praestare
971 3423 1139 3491 Thebanis.
1158 3420 1256 3497 iste,
1244 3439 1321 3487 conf

65 3577 69 3584 ι
149 3508 242 3570 trario
262 3506 401 3568 nuntiato
416 3520 593 3587 vestraque
590 3511 802 3573 aversatione
799 3510 972 3581 declarata,
991 3521 1021 3567 et
1038 3507 1124 3567 vobis
1144 3503 1322 3566 inimicitias
1342 3554 1345 3561 .

59 3626 67 3641 ι
149 3594 365 3653 Thebanorum
385 3594 477 3665 auxit,
499 3607 530 3653 et
547 3596 672 3676 gratiam
690 3595 839 3675 Philippo
871 3595 975 3668 Quis
967 3594 1061 3676 igitur
1075 3590 1283 3653 'mortalium
1273 3594 1331 3669 1n-'⁴

149 3679 298 3739 solentius
318 3700 406 3760 agere
433 3678 591 3738 vobiscum
616 3680 800 3780 potuisset?
825 3676 905 3758 Cape
924 3679 1080 3738 decretum
1098 3676 1273 3759 Diophanti
1292 3687 1341 3753 et,

148 3761 351 3840 Callisthenis,
371 3777 401 3823 et
418 3763 521 3836 recita,
539 3777 574 3822 ut
591 3765 701 3838 sciatis,
720 3787 789 3826 cum
808 3764 911 3822 oshcio
924 3763 1145 3846 fungeremini,
1165 3761 1322 3851 supplica-¹

148 3851 248 3919 tiones
268 3850 421 3920 decretas,
447 3861 478 3908 et
495 3849 718 3910 laudationibus
745 3844 870 3910 affectos
890 3869 955 3907 esse
973 3870 1027 3908 vos
1047 3862 1078 3909 et
1096 3871 1112 3908 a
1131 3848 1258 3908 civibus
1270 3863 1324 3906 ve-

98 3919 104 3940 *
146 3936 215 3996 stris
235 3947 266 3996 et
282 3935 319 3993 ab
338 3933 419 3993 aliis.
436 3947 597 4014 postquam
615 3949 715 3994 autem
734 3936 784 3995 isti
802 3956 856 3994 vos
876 3934 1062 4012 deceperint,
1080 3955 1134 3992 vos
1154 3933 1272 3992 liberos
1288 3943 1323 3991 et

146 4042 255 4104 uxores
275 4040 311 4081 ex
328 4018 407 4100 agris
418 4019 457 4077 in
474 4018 582 4078 urbem
609 4021 815 4093 transtulisse,
842 4031 873 4079 et
890 4039 972 4076 sacra
991 4018 1147 4090 Herculis,
1174 4039 1246 4077 cunr
1264 4038 1323 4097 pan

64 4139 66 4143 ·
128 4119 236 4178 ¹esset,
253 4106 332 4163 intra
351 4104 471 4162 moenia
489 4104 625 4163 facienda
644 4106 818 4164 decrevisse.
837 4105 876 4162 id
888 4104 970 4181 quod
990 4102 1100 4175 miror,
1118 4103 1146 4161 si
1159 4098 1248 4180 euni,
1266 4123 1324 4182 per

142 4213 242 4272 quem
257 4190 332 4250 deos
350 4189 448 4269 patrio
466 4189 528 4249 ritu
549 4187 649 4247 colere
667 4211 731 4248 non
749 4186 873 4261 licuit,
864 4205 987 4266 impune
1007 4187 1177 4248 dimittetis
1213 4188 1324 4248 Recita

126 4343 133 4352 Ι
146 4275 323 4337 decretum.
