2722 4754
19 201 41 218 ,,
72 132 82 263 s
119 128 204 230 ³⁸:⁶00
240 131 254 154 '
293 141 336 234 J
425 113 792 243 nnuosruums
828 139 1025 287 oua‘mo‘
1110 214 1113 225 .

139 308 300 404 pecuniam
317 292 386 380 aliis
402 320 571 395 credimus,
597 333 632 380 ut
649 321 727 381 illud
744 332 829 386 certo
847 321 991 394 sciamus,
1020 276 1223 380 debitorem
1212 337 1245 401 m
1261 341 1311 381 re-

34 414 116 470 .317
139 406 197 468 bus
217 402 389 467 omnihus
377 421 444 464 esse
462 405 600 479 meliore,
618 428 707 485 quam
725 427 798 479 nos,
817 406 1001 466 conditione.
1030 407 1057 464 ls
1077 405 1169 478 enim,
1189 394 1310 486 accepta

60 544 64 549 ,
114 480 267 572 .pecunia
284 489 459 548 manifesta
467 503 498 550 et
521 504 618 566 certa,
644 491 676 550 in
699 491 844 550 tabellula
870 490 990 554 duobus
1014 489 1162 550 terunciis
1174 503 1263 575 emta
1281 503 1312 550 et

54 579 61 585 ’
138 575 277 658 libellulo
300 564 464 634 admodum
490 577 599 658 exiguo
625 577 849 639 consessionem
873 575 1056 665 relinquit,
1067 597 1126 654 qua
1152 596 1204 658 se,
1234 595 1310 654 quae

50 701 53 704 -
98 696 104 703 -
138 681 235 740 aequa
253 659 330 732 sint,
357 659 507 720 iacturum
525 674 669 722 testatur:
699 682 754 721 nos
774 673 875 724 autem
894 681 958 720 non
974 660 1157 740 pollicemur
1177 649 1311 733 daturos,

111 768 116 781 ¹
138 746 204 805 sed
212 745 362 804 mutuanti
379 746 479 806 statim
499 738 602 806 damus
621 746 788 826 pecuniam.
812 747 908 821 Qua
899 746 994 828 igitur
1012 767 1077 804 eam
1095 766 1129 804 re
1147 745 1230 818 breti,
1248 765 1309 833 quo
1333 784 1338 797 ·

54 870 81 892 a·
139 829 294 891 confisi
264 850 394 912 pignore
413 831 599 892 amittimus?
633 831 739 904 Vobis,
758 828 902 905 ludices,
906 845 937 891 et
955 829 1074 912 legibus
1093 829 1214 903 vestris,
1233 850 1309 909 quae

132 914 263 993 iubent,
292 937 368 995 quae
387 917 463 977 alter
480 916 567 977 alteri
583 916 665 975 ultro
683 917 876 998 promiserit,
903 937 937 976 ea
954 928 1017 974 rata
1036 937 1111 975 esse.
1147 911 1309 985 Caeterum

44 1008 47 1011 ’
76 1074 82 1084 „
137 998 214 1072 mihi
231 1020 332 1100 neque
349 1001 468 1084 legum,
486 1021 586 1082 neque
597 1003 811 1101 syngraphae
811 1001 902 1061 ullius
921 1001 983 1061 ulla
999 1001 1122 1060 videtur
1140 1021 1218 1060 esse
1225 999 1309 1064 utili-

137 1099 207 1158 tas,
227 1085 286 1144 nisi
308 1085 353 1172 ls,
378 1089 437 1165 qui
447 1087 607 1169 pecuniam
631 1087 759 1167 accipit,
782 1086 829 1146 vir
846 1086 972 1146 omnino
991 1085 1031 1145 sit
1049 1085 1167 1158 honus,
1196 1084 1309 1164 quique

137 1182 190 1231 aut
213 1190 268 1230 vos
292 1182 424 1246 metuat,
448 1185 614 1244 autenm,
646 1172 768 1251 quieum
794 1173 962 1244 contraxit,
985 1183 1132 1230 vereatur.
1170 1169 1310 1244 Quorum

138 1266 280 1316 neutrum
306 1255 405 1314 estin
429 1258 665 1339 Dionysodoro:
692 1256 747 1336 qul
771 1276 817 1322 eo
827 1257 911 1315 venit
934 1255 1094 1327 audaciae,
1119 1267 1178 1327 ut,
1200 1274 1309 1313 cuma
1347 1284 1351 1295 =

43 1383 46 1386 ·
84 1337 88 1341 ’
114 1383 117 1390 ‚
138 1338 227 1398 nohis
246 1340 283 1399 ad
301 1361 407 1400 navem
426 1341 573 1400 termille
593 1342 746 1401 drachmas
766 1361 799 1400 ea
819 1340 1000 1413 conditione
1014 1341 1054 1399 sit
1071 1334 1252 1415 mutuatus,
1273 1350 1309 1414 ut

16 1422 21 1429 ’
39 1445 42 1454 “
137 1443 245 1502 navem
261 1420 398 1491 Athenas
416 1424 594 1500 reduceret,
614 1447 744 1507 cumque
762 1427 928 1506 'superioris
947 1426 1019 1485 anni
1037 1437 1151 1484 aestate
1171 1436 1307 1483 nostrum

122 1506 227 1588 ¹nobis
246 1510 434 1581 reddendum
453 1511 576 1584 suisset,
607 1531 724 1576 navem
732 1511 877 1570 Rhodum
895 1510 1045 1592 appulerit
1050 1516 1196 1589 atque
1177 1509 1240 1567 illic
1260 1526 1308 1567 ex-

139 1605 278 1654 oneratas
295 1614 410 1654 merces
422 1603 534 1655 'contra
553 1607 584 1655 et
601 1595 718 1655 tabulas
735 1595 908 1669 vendiderit
927 1609 957 1655 et
973 1596 1057 1677 leges
1072 1607 1207 1666 vestras,
1225 1592 1307 1652 Rbo-

106 1675 119 1721 -“
138 1670 240 1756 doque
265 1701 369 1739 rursus
395 1679 428 1738 in
453 1679 629 1763 Aegyptum
653 1680 771 1739 miserit
802 1702 908 1742 narem
928 1693 1024 1760 atque
1051 1680 1123 1738 inde
1150 1677 1306 1737 Rhodum:

136 1761 229 1823 nohis
252 1785 341 1837 vero,
369 1765 421 1842 qui
445 1764 626 1825 Athenis
599 1787 628 1825 er
653 1765 835 1865 pecuniam
831 1766 1039 1837 credidimus,
1066 1784 1105 1822 ne
1131 1785 1218 1822 nunc
1243 1762 1308 1841 qui-

136 1847 208 1906 dem
225 1848 274 1928 yel
291 1850 450 1930 pecuniam
475 1851 600 1925 reddat,
623 1851 721 1910 vel
689 1871 816 1933 pignus
819 1851 974 1911 exhibeat:
981 1845 1070 1922 sed,
1095 1849 1234 1928 quamvis
1258 1869 1309 1906 an-

60 1976 67 2001 ,-
138 1953 212 1991 num
232 1931 304 1993 iam
335 1933 463 1994 alterum
495 1948 601 1995 nostro
631 1935 735 2011 fruens
759 1948 824 1995 tum
856 1948 1012 2009 mutuum,
1042 1947 1108 1994 tum
1141 1945 1309 2013 quaestum,

59 2038 62 2049 ·
136 2005 203 2077 ttim
234 2032 341 2079 navem
366 2020 454 2080 nobis
480 2021 716 2104 oppigneratam
739 2021 863 2095 haheat,
895 2020 1129 2102 nihilominus'
1120 2042 1152 2079 ιιι
1181 2039 1309 2098 conspe-

65 2152 74 2162 .
121 2098 221 2162 »ἓιιιιιι
238 2115 372 2164 vestrum
398 2099 563 2186 prodierit,
598 2106 687 2166 nohis
712 2122 877 2188 poenam
866 2119 994 2166 temeret
1008 2105 1194 2187 litigantium
1220 2102 1308 2164 nimi-

137 2208 206 2245 rum
231 2188 418 2270 irrogaturus
452 2191 538 2250 etin
564 2190 751 2250 domicilium
776 2191 874 2270 plebis
908 2191 1118 2263 coniecturus,
1152 2189 1317 2271 fraudasse

88 2273 94 2316 3
134 2291 200 2333 non
230 2285 400 2333 contentus.
436 2274 597 2364 Oramus
587 2270 697 2357 igitur,
725 2275 946 2350 Athenienses,
980 2288 1011 2334 et
1034 2274 1226 2335 obtestamur
1255 2293 1312 2337 vos

46 2384 49 2388 ·
89 2397 92 2400 ,
137 2356 262 2436 pariter
275 2379 396 2433 omnes,
426 2373 462 2421 ut
486 2381 541 2420 nos
556 2354 692 2434 iuvetis,
725 2360 750 2418 si
774 2359 853 2420 affici
877 2361 1016 2421 uidemur
1048 2358 1172 2419 iniuriis
1214 2358 1304 2418 Prin-

46 2467 49 2481 ·
85 2514 91 2521 ἱ
138 2440 251 2521 cipium
278 2456 378 2503 autem
405 2459 577 2507 contractus
603 2446 735 2527 primurn
760 2446 847 2505 vobis
873 2444 1042 2524 explicabo:
1076 2445 1119 2503 sic
1144 2445 1226 2517 enim
1250 2464 1305 2502 vos

57 2564 59 2568 ·
138 2538 262 2626 quoque
281 2549 399 2589 causam
417 2531 584 2591 rectissime
602 2530 787 2613 intelligetis.
821 2529 1092 2629 Dionysodorus,
1092 2526 1307 2599 Athenienses,

140 2622 171 2670 et
188 2611 288 2672 socius
308 2615 373 2678 eius
390 2606 600 2689 Parmeniscus
620 2625 790 2675 corr'venere
804 2629 864 2674 'nos
884 2636 980 2673 anno
976 2614 1169 2713 superiore,
1204 2632 1306 2672 mense
1344 2607 1348 2621 '

46 2716 48 2720 ⁸
139 2695 290 2770 Quintili,
316 2721 411 2779 seque
428 2700 560 2759 mutuari
575 2691 654 2760 velle
672 2703 709 2759 ad
728 2706 845 2760 nav'em
852 2699 1032 2759 dixerunt‘'
1011 2721 1048 2757 us
1068 2697 1306 2770 conditionibus,

84 2820 87 2827 ·
137 2773 223 2853 utin
241 2780 416 2867 Aegyptum
434 2785 669 2884 nayigarent,
663 2798 693 2845 et
712 2806 748 2844 ex
765 2784 908 2868 Aegypto
928 2784 1072 2843 Rhodum
1092 2796 1154 2842 aut
1162 2782 1306 2852 Athenas,

92 2876 107 2944 l*
138 2848 285 2944 stipulati,
299 2889 336 2940 se
354 2891 460 2928 usuras
478 2854 510 2929 in
529 2856 674 2928 alterutro
694 2869 803 2928 horum
822 2882 1008 2930 mercaturam
1028 2856 1195 2928 soluturos.
1213 2866 1304 2927 Nobis

138 2960 239 3008 antem
257 2954 529 3033 respondentibus,
548 2952 682 3025 ludices,
705 2976 761 3013 uos
780 2952 1039 3033 haudquaquam
1030 2975 1062 3011 ιιι
1081 2952 1176 3011 alium
1196 2973 1303 3011 merea·
1334 2982 1337 2987 ·

90 3034 110 3079 Ἰ
138 3043 220 3107 tum,
239 3055 328 3115 qnam
346 3038 500 3111 Athenas,
518 3050 723 3110 mutuaturos,
742 3039 785 3096 sic
802 3038 1002 3117 pollicentur,
1020 3058 1052 3096 se
1072 3037 1142 3096 huc
1151 3037 1304 3118 navi-gatu-

137 3137 225 3190 ros,
223 3133 323 3200 atque
340 3121 393 3182 his
417 3123 523 3205 pactis
535 3136 712 3183 mutuantur
729 3144 745 3181 a
763 3121 852 3182 uobis
871 3122 909 3181 ad
926 3142 1044 3180 navem
1058 3134 1106 3183 ter
1118 3116 1217 3180 mille
1242 3122 1305 3180 dra-

93 3242 96 3264 t
139 3201 247 3263 chmas
260 3206 342 3287 ultro
362 3207 498 3287 citroque
545 3219 576 3267 et
594 3229 627 3267 ea
646 3209 683 3266 de
701 3228 736 3266 re
744 3207 955 3290 syngrapham
974 3206 1260 3287 conscripserunt
1273 3206 1305 3264 ln

27 3306 34 3313 ·
80 3315 83 3321 ·
137 3299 226 3366 pacto
246 3283 341 3371 igitur
358 3292 491 3378 creditor
507 3291 668 3375 inscriptus
688 3305 733 3352 est
750 3291 940 3390 Pamphilus:
965 3310 1022 3372 ego
1040 3311 1121 3350 vero
1135 3303 1220 3351 extra
1236 3312 1305 3374 syn-
1338 3313 1342 3321 ·

56 3386 127 3457 318
138 3372 285 3454 grapham
308 3370 475 3458 particeps
481 3400 548 3437 cum
574 3399 611 3437 eo
635 3377 767 3438 creditae
789 3376 954 3457 pecuniae
954 3375 1032 3435 fut
1040 3375 1183 3456 inprimis
1209 3389 1308 3443 auteur

115 3458 227 3519 vohis
245 3462 444 3544 syngrapha
434 3485 499 3544 rpsa
516 3461 700 3575 recitabitur
768 3512 770 3519 ,

555 3664 891 3710 SYNGRAPllA.

225 3801 270 3860 Ex
289 3800 342 3860 hac
353 3802 541 3902 syngrapha,
558 3784 688 3876 ludices,
705 3780 834 3891 acceptis
850 3762 970 3869 anobis
985 3801 1134 3882 pecuniis,
1151 3787 1307 3888 Dionyso-

139 3862 233 3945 dorus
253 3898 284 3944 et
301 3886 399 3946 socius
428 3887 492 3946 eius
510 3887 720 3948 Parmeniscus
746 3907 851 3947 navem
869 3886 975 3947 hinc
965 3909 997 3945 ιιι
1015 3888 1195 3989 Aegyptum
1219 3889 1308 3949 mise-

78 3968 87 4031 ’,
138 3983 219 4030 runt
236 3968 282 4029 Ac
298 3971 535 4032 Parmeniscus
525 3995 559 4033 ιιι
576 3994 651 4032 nave
670 3982 716 4032 e'st
733 3985 846 4045 vectus,
865 3973 922 4032 iste
937 3972 985 4031 hic
999 3974 1153 4032 remansit
1172 3973 1311 4034 Fuerunt

21 4087 25 4100 ι
70 4114 80 4134 ·,
124 4054 243 4128 euim,
269 4056 402 4154 Iudices,
427 4077 467 4116 ne
484 4056 571 4117 hoc
561 4058 727 4139 ignoretis,
746 4057 895 4117 ¹·ministri
901 4069 933 4116 et
959 4057 1113 4117 adiutores
1134 4056 1309 4120 Cleomenis

58 4136 233 4211 illius,
251 4139 351 4218 quiin
370 4133 541 4224 Aegypto
521 4142 704 4233 imperavit:
723 4142 791 4221 qui,
810 4163 845 4201 ex
863 4150 924 4222 quo
943 4141 1147 4223 principatum
1166 4144 1310 4244 suscepit,

140 4241 205 4280 non
221 4223 323 4301 paucis
349 4225 447 4292 malis
459 4220 561 4286 affecit
585 4226 801 4308 rempublicam
824 4239 976 4327 vestram,
994 4247 1028 4286 ac
1044 4227 1150 4307 potius
1174 4226 1310 4309 reliquos

112 4303 232 4368 etiam
248 4308 381 4370 Graecos
399 4313 530 4373 emendo
544 4325 576 4373 et
591 4312 787 4397 rependendo
802 4324 838 4372 et
854 4313 953 4394 pretio
972 4313 1118 4373 frumenti
1136 4313 1311 4387 statuendo,
1344 4350 1348 4363 .

624 4557 673 4607 ,χ
760 4589 816 4605 .,
