2722 4754
144 184 205 241 sae
249 138 253 151 ⁴
294 250 325 279 Ἴ,
429 148 1066 243 ιιιιιιοιιιιιιιιιοιιιιιι·
1137 139 1140 143 ’

141 345 176 395 se
191 335 351 395 existimat.
375 329 453 414 Age,
470 345 530 410 per·
536 330 617 390 deos
635 316 874 408 immortales,
850 354 876 394 ιι
892 346 923 393 te
940 345 976 393 ιιι
994 333 1124 394 furem
1109 335 1313 416 arripuissem,
1345 370 1348 374 -

139 420 176 481 in'
185 422 253 501 ἰΡιο
268 419 351 486 furto
370 415 604 497 deprehensum,
621 417 854 492 facultatibus,'
852 440 925 499 quas
941 418 1045 494 habes,
1062 419 1103 504 (si
1117 420 1185 480 fieri
1204 422 1314 507 possit)

140 505 226 566 tibi
217 501 383 584 impositis,
402 513 492 582 atque
510 500 552 563 ita
570 523 586 561 a
604 515 635 562 te
654 503 872 584 postulassem,
891 503 917 564 si
935 526 1079 586 negares,
1099 527 1147 565 eas
1166 518 1199 565 te
1217 510 1312 575 surri-

139 590 264 672 puisse,
261 588 316 647 uti
334 608 372 647 eo
389 588 535 662 referres,
553 588 636 647 unde
653 587 834 670 accepisses:
853 590 890 650 ad
909 611 1081 692 quemnam
1090 613 1139 652 eas
1157 578 1313 654 referres?

139 678 258 764 Neque
267 672 349 734 enim
367 673 449 733 illas
450 686 521 733 tuns
539 672 596 732 tibi
614 685 700 754 pater
723 673 866 776 tradidit,
884 695 942 735 nec
958 677 1119 757 reperisti,
1137 697 1259 756 neque,
1277 679 1312 739 iis

65 804 71 820 ,
99 760 212 823 (aubi
226 777 358 861 qsquam
376 758 525 839 acceptis,
542 759 579 818 ad
598 779 655 818 nos
671 759 798 820 'venistis
817 759 960 820 barbarus
980 762 1060 821 enirn
1080 775 1186 822 emtus
1201 782 1241 822 es.
1276 765 1314 824 Et

139 856 191 921 tu,
216 863 307 925 quern
325 843 462 945 publice
466 841 663 907 intersectum
682 844 845 927 oportebat
854 858 988 939 propter
1004 836 1157 922 facinora,
1184 868 1313 930 corpore

127 941 337 1008 conservato,
356 941 387 991 et
398 929 526 990 ciuitate
543 942 647 990 nostra
660 930 792 1030 pecunia
810 930 868 990 tibi
885 936 1074 1012 comparata,
1104 946 1136 994 et
1154 953 1193 994 eo
1213 933 1312 1016 digni-

51 1035 56 1045 ¹
89 1092 92 1100 1
138 1018 208 1080 tatis
235 1028 375 1104 eveqtus,
400 1027 436 1075 ut
455 1014 591 1088 liberos,
616 1015 669 1094 qui
695 1015 890 1075 dominorum
917 1030 1041 1097 tuorum
1067 1019 1188 1079 iratres
1201 1033 1314 1095 essent,

31 1120 33 1126 ’
107 1156 110 1163 f
136 1114 336 1206 procrearet,
347 1099 558 1181 exceptionem
575 1099 763 1180 opposuisti,
786 1120 850 1161 non
868 1103 1033 1164 convenire
1051 1104 1141 1165 nobis
1160 1105 1312 1165 actionem

57 1234 67 1247 ,,
105 1241 107 1249 .
137 1190 261 1250 ineam
272 1186 450 1269 pecuniam,
475 1207 581 1286 quam
584 1202 600 1244 a
618 1196 649 1244 te
667 1187 858 1286 peteremus?
882 1200 923 1247 ιιι
936 1187 1026 1249 nobis
1052 1189 1241 1273 conviciatus
1261 1190 1319 1257 esi,

136 1268 171 1336 tu
189 1275 222 1333 in
237 1287 356 1374 patrem
374 1284 514 1332 nostrum
532 1266 727 1352 inquisivisti,
740 1270 807 1351 quis
821 1272 934 1332 fuerit?
953 1275 1040 1373 Quae
1054 1274 1121 1354 quis
1139 1268 1202 1348 est,
1214 1275 1311 1336 Athe-

51 1366 112 1424 211
119 1359 270 1437 nienses,
288 1358 342 1439 qni
353 1378 452 1438 aequo
464 1356 544 1416 ferre
558 1355 659 1416 animo
674 1357 846 1458 potuisset?
864 1355 932 1440 Ego
948 1359 1040 1433 enim,
1058 1360 1180 1420 tametsi
1191 1380 1242 1441 me
1257 1382 1311 1421 vo-

87 1446 182 1508 bis
196 1444 343 1506 omnibns
362 1443 427 1504 aliis
454 1441 651 1503 submissiore
670 1442 771 1511 animo
790 1461 857 1502 esse
869 1456 1016 1544 oportet,
1044 1443 1103 1504 isto
1124 1435 1225 1525 tamen
1245 1468 1311 1508 esse

124 1530 268 1603 elatiore
281 1541 424 1611 oportere
442 1547 564 1601 censeo,
584 1539 624 1599 et,
642 1527 668 1586 si
680 1528 776 1619 istum
794 1528 911 1589 nemini
929 1531 1040 1590 cedere
1056 1521 1231 1611 oporteret,
1249 1534 1310 1592 mi·
1346 1567 1351 1572 -

45 1604 85 1678 s
134 1606 178 1676 bi
176 1629 287 1676 tamen
306 1630 376 1692 enm
394 1613 503 1673 cedere
522 1623 694 1713 oporteret:
702 1613 805 1672 simus
824 1613 906 1673 enim
920 1614 962 1674 ita
978 1636 1050 1676 sane
1068 1636 1137 1689 nos,
1152 1629 1187 1676 nt
1199 1629 1233 1677 tu
1246 1639 1305 1679 nos

116 1696 274 1778 *oratione
291 1713 344 1760 tua
361 1698 462 1799 fingis,
474 1698 657 1784 servitutem
675 1702 752 1758 tute'
759 1698 886 1760 servisti
911 1699 1060 1762 Fortassis
1079 1714 1190 1761 autem
1198 1714 1229 1762 et
1244 1704 1305 1764 boc

135 1807 242 1864 eornm
261 1784 369 1866 aliquis
388 1783 512 1858 dixerit,
529 1761 653 1843 'fratrem
670 1802 773 1844 meum
791 1785 936 1845 Pasiclem
960 1785 1036 1846 nibil
1056 1788 1094 1847 de
1113 1807 1151 1866 eo
1169 1789 1258 1867 queri
1273 1788 1307 1847 iu

135 1872 183 1932 bis
201 1872 308 1945 rebus.
317 1871 385 1953 Ego
403 1887 488 1942 vero,
505 1867 721 1970 Athenienses,
740 1883 771 1930 et
783 1891 800 1929 a
813 1860 929 1931 Pasicle
948 1871 1138 1952 deprecatus,
1157 1893 1196 1933 ne
1215 1894 1306 1956 aegre

31 1991 41 2005 a
134 1953 222 2032 ierat,
241 1969 272 2017 et
289 1978 305 2016 a
323 1955 411 2017 vobis
429 1946 523 2038 petita
543 1954 639 2029 venia,
657 1954 682 2014 si
701 1974 739 2037 eo
756 1956 957 2036 processerim
975 1957 1162 2032 iracundiae,
1180 1971 1225 2033 ιιι,
1243 1980 1310 2019 ιιι-

133 2064 243 2104 vorum
267 2049 404 2102 meorum
431 2038 661 2100 contumel’iis
650 2032 804 2116 rrritatus,
830 2061 864 2101 ea
877 2042 1017 2103 reticere
1035 2064 1204 2124 nequeam,
1227 2064 1310 2125 quae

72 2138 90 2175 ί
132 2128 279 2190 hactenus
297 2126 388 2188 etiam
407 2125 472 2200 aliis
491 2124 661 2185 dicentibus
679 2126 784 2187 audire
803 2147 858 2186 me
870 2127 1077 2204 dissimulavi,
1099 2130 1240 2210 eloquar,
1268 2150 1308 2191 an

132 2198 270 2276 taceam?
303 2206 398 2313 Ego
388 2210 551 2272 uterinum
563 2230 641 2284 esse
651 2210 727 2270 mibi
743 2212 866 2280 fratrem
878 2213 1030 2274 Pasiclem
1050 2214 1210 2276 existimo:
1235 2235 1309 2298 ger-

131 2318 239 2362 manus
259 2320 297 2360 an
315 2297 371 2372 sit,
394 2296 475 2356 haud
493 2295 565 2356 scio
600 2272 708 2397 Atque
722 2297 798 2357 adeo
817 2313 952 2372 vereor,
966 2321 1005 2361 ne
1024 2297 1154 2362 Pasicles
1175 2300 1311 2362 delicto-

27 2396 30 2401 ’
115 2379 200 2446 ‘tum
218 2381 440 2446 Phormionis
430 2402 463 2440 ιιι
481 2402 538 2442 nos
562 2379 745 2463 principium
763 2377 861 2443 suerit
899 2378 975 2443 Cum
1001 2385 1083 2446 enim
1104 2406 1198 2447 servo
1217 2386 1309 2460 adsit,

70 2515 71 2518 ι
115 2468 116 2473 ’
132 2470 279 2553 despecto
296 2470 406 2555 fratre,
431 2477 462 2527 et
479 2488 532 2528 eos
551 2467 683 2528 colatae
699 2467 879 2548 suspiciat,
895 2490 911 2529 a
930 2470 1041 2550 quibus
1061 2492 1131 2532 eum
1149 2471 1211 2532 coli
1230 2493 1308 2532 con-

128 2556 289 2619 ueniebat:
313 2562 403 2635 qna'm
421 2573 455 2614 ea
471 2573 520 2613 res
543 2553 663 2617 iustam
679 2551 771 2623 babet
797 2553 1024 2634 suspicionem?
1058 2557 1183 2617 Au'fer'
1174 2557 1306 2640 igiture

30 2643 41 2649 “
130 2641 235 2703 riiedio
253 2639 410 2714 Pasiclem,
428 2651 460 2700 et
476 2651 547 2699 tuus
565 2659 637 2698 sane
655 2638 736 2717 filins
749 2639 862 2720 potius,
883 2658 972 2720 quam
988 2627 1141 2714 dominus,
1159 2644 1305 2703 nomine-

47 2747 61 2766 ’·
130 2739 198 2802 tur,
225 2747 311 2786 meus
329 2738 429 2786 antem
448 2722 734 2785 adversariarum
753 2725 834 2784 enim
853 2726 983 2812 mavult,
1008 2749 1097 2807 qnam
1116 2729 1212 2789 frater
1231 2749 1305 2790 esse.

29 2880 34 2889 ⁴
129 2815 198 2897 Ego
216 2832 290 2872 vero
310 2817 379 2871 eum
396 2809 496 2871 ualere
515 2809 624 2885 iubeo,
649 2821 689 2870 et
698 2829 775 2890 qnos
801 2809 876 2869 mibi
894 2823 980 2891 pater
997 2813 1123 2874 tradidit
1146 2814 1301 2875 adiutores

130 2912 163 2960 et
180 2897 313 2975 amicos,
323 2896 360 2956 ad
380 2915 431 2956 eos
449 2895 551 2970 venio,
569 2897 688 2969 advos,
707 2894 844 2955 ludices:
859 2908 926 2970 oro,
944 2895 1082 2981 supplico
1103 2910 1135 2959 et
1153 2899 1300 2974 obtestor,

54 3049 64 3067 Ι
129 3007 169 3046 ne
187 2980 354 3065 patiamini,
370 2993 406 3041 nt
423 3000 481 3062 ego
496 2992 531 3041 et
533 2978 641 3083 filiae,
654 2994 780 3067 propter
795 2979 945 3061 inopiam,
963 2983 1038 3042 meis
1055 2985 1151 3045 servis
1171 2998 1202 3045 et
1219 2985 1295 3046 illins

118 3067 368 3131 assentatoribus
386 3065 541 3127 derisni
516 3085 618 3134 simus.
647 3060 733 3127 Meus
751 3065 850 3130 vobis
840 3079 941 3148 pater
958 3068 1042 3127 mille
1061 3069 1188 3171 clypeos
1207 3070 1297 3144 dedit,

131 3168 162 3218 et
179 3174 268 3253 saepe
286 3152 373 3212 vobis
390 3151 499 3212 utilem
517 3162 640 3232 operam
658 3151 791 3213 navavit·
818 3164 849 3211 et
867 3152 1002 3251 quinque
1020 3148 1197 3218 triremibus
1216 3156 1305 3233 ultro.

22 3230 53 3295 ,ἶ
129 3239 254 3332 donatis
269 3250 300 3299 et
317 3237 379 3297 suis
403 3235 552 3301 sumtibus
577 3237 736 3318 completis
761 3237 901 3297 natalia
902 3259 1028 3299 munera
1046 3239 1131 3301 obiit
1166 3242 1206 3301 Et
1224 3228 1297 3302 baec

39 3322 43 3333 '
114 3320 192 3392 ,non
213 3346 249 3385 eo
257 3343 500 3399 commemoro,
535 3324 621 3410 quod
644 3342 698 3383 vos
723 3319 813 3382 nobis
837 3322 948 3383 debere
972 3320 1103 3406 gratiam
1129 3310 1296 3388 existimem

76 3452 79 3460 ·
127 3410 229 3558 Ριοι
218 3410 299 3470 enim
318 3407 463 3485 debemus
481 3406 600 3491 vobis):
606 3405 669 3468 sed
686 3429 725 3468 ne
744 3426 799 3489 per
815 3407 1016 3491 ignorantiam
1033 3409 1163 3480 vestram
1180 3411 1295 3497 aliquid

149 3520 175 3558 rs
194 3495 378 3578 iudignum
372 3478 453 3553 mibi
476 3494 604 3554 accidat:
628 3478 750 3576 qnod
729 3514 769 3552 ne
786 3493 873 3554 vobis
899 3495 1022 3573 quidem
1047 3490 1212 3558 honesturn
1230 3486 1295 3557 fne-

45 3611 55 3625 2
126 3583 177 3644 r'it
208 3578 285 3640 Cum
304 3592 405 3639 autem
423 3579 518 3638 multa
535 3577 610 3638 mihi
627 3567 754 3641 dicenda
773 3593 875 3640 essent
892 3581 1067 3653 deiniuriis
1086 3596 1118 3643 et
1137 3595 1295 3643 eontume

84 3655 100 3713 ἰ
126 3668 186 3741 liis,
206 3664 316 3746 quibus
336 3686 402 3724 sum
422 3659 578 3725 oneratus:
596 3664 744 3766 temporis
762 3664 882 3725 excludi
899 3686 947 3725 me
965 3668 1112 3749 angrrstiis
1130 3667 1232 3729 video.
1257 3659 1295 3728 Ut

126 3753 234 3838 igitur
248 3749 389 3812 maxime
404 3770 458 3811 vos
482 3770 587 3810 omnes
613 3750 779 3810 existimem
804 3751 984 3841 cognituros
1010 3775 1163 3829 summas,
1184 3752 1294 3836 quibus

74 3850 77 3857 ’
126 3859 185 3899 nos
203 3837 306 3899 affecti
323 3847 444 3910 sumus,
462 3835 603 3907 iniurias,
622 3836 725 3895 dicam.
760 3835 817 3894 Si
811 3855 915 3910 secum
931 3831 1143 3919 unusquisque
1161 3854 1294 3901 vestrum

128 3944 164 3987 co
188 3925 254 3998 tet,
272 3942 362 4003 quem
381 3921 465 3982 domi
482 3921 626 3996 famulum
644 3921 818 4000 reliquerit,
837 3943 870 3980 ac
889 3921 1000 3981 deinde
994 3924 1128 4024 fingat,
1148 3946 1183 3986 se
1201 3927 1240 3986 ab
1259 3945 1293 3986 eo

82 4062 91 4071 ,
125 3946 198 4070 talitl
215 4027 391 4090 perpessum
404 4027 487 4080 esse,
506 4002 611 4086 qualia
622 4014 678 4065 nos
691 4005 750 4082 ab
741 4020 808 4068 ιιιο.
826 4006 942 4088 Neque
954 4008 1033 4068 enim
1046 4010 1078 4070 id
1095 4013 1293 4112 spectandum

129 4106 186 4167 est,
204 4094 352 4177 Syr-usne
359 4115 397 4153 an
414 4095 535 4165 Manes,
552 4103 604 4151 aut
621 4091 759 4176 quisnam
778 4091 818 4152 sit
835 4112 955 4153 eornm
961 4095 1127 4193 quilibet'
1117 4110 1176 4157 rste
1195 4108 1292 4157 autem

125 4178 275 4282 Phormio
293 4179 348 4239 sit:
364 4200 412 4238 res
432 4189 478 4238 est
496 4177 606 4236 eadem.
641 4171 728 4237 Servi
746 4189 786 4236 et
794 4176 845 4236 isti
862 4191 955 4259 ιιιιιι,
966 4182 1078 4242 ‘servus
1097 4195 1129 4242 et
1146 4183 1205 4243 iste
1217 4181 1292 4246 fuir.

112 4258 186 4323 ¹r‘os
204 4277 304 4324 autem
323 4263 455 4346 domini,
481 4262 621 4322 dominus
641 4273 685 4322 et
691 4282 747 4344 ego
765 4262 818 4321 fui.
854 4255 966 4338 Quas'
956 4265 1051 4346 igitur
1066 4287 1181 4348 poenas
1200 4288 1292 4329 ιιιιιιι-

79 4414 85 4429 ,
119 4344 263 4428 ⁴quisque
278 4361 411 4410 vestrum
428 4347 588 4411 sumendas
608 4347 808 4422 existimaret,
827 4367 876 4431 eas
895 4350 1018 4411 etmihi
1035 4368 1125 4436 nunc
1135 4353 1294 4415 sumendas

518 4448 538 4478 Ι.

1080 4617 1083 4621 .
1157 4600 1168 4627 x
1186 4640 1191 4647 ι
