2722 4754
371 216 635 323 anteusus
670 216 915 313 nouorum
948 219 970 279 ι.
1008 231 1051 278 η
1186 217 1271 301 aaa-23
1308 270 1320 311 ,Ι

48 445 51 451 ¹
84 375 191 432 laustra
209 384 362 443 metuam,
380 381 518 449 spectate.
547 370 606 432 lste
622 369 683 428 iarn
701 369 861 448 aliquoties
876 370 1020 469 publice
1018 381 1172 469 accusatus
1192 382 1248 444 est,
1298 367 1301 373 ’

86 455 303 516 Athenienses·
331 413 440 532 qhibus
458 453 548 512 rebus
568 472 626 535 ego
648 473 776 533 prorsus
803 455 908 514 insons
933 477 993 515 una
1011 454 1043 513 in
1061 452 1175 514 crimen
1192 475 1246 513 vo·
1257 477 1259 481 ⁴

85 561 151 602 cor.
179 552 210 599 et
228 541 264 599 de
284 560 321 599 eo
339 538 548 620 magistratu,
562 558 652 616 quem
670 558 723 597 vos
742 537 817 595 mihi
836 539 1051 613 decreveratis,
1079 539 1248 626 contendit,

49 664 56 685 t
82 625 238 704 multaque
263 624 389 682 molesta
413 621 503 681 nobis
526 634 663 706 propter
675 643 789 681 nomen
812 624 1004 683 acciderunt:
1037 644 1186 703 quorum,
1211 634 1259 683 ul-
1301 672 1305 678 .

73 707 183 788 ¹sciatis
195 707 411 791 ,singulorum
428 718 528 767 testes
540 704 626 767 vobis
644 707 889 797 producam..

514 834 776 901 'restra

169 914 304 1034 Videtis,
327 959 549 1034 Athenienses,
567 979 652 1038 quae
671 923 761 1034 liant,
787 973 825 1024 et
836 959 926 1020 huius
945 959 1062 1043 negotii
1079 937 1248 1019 molestiam

87 1048 234 1126 spectatis
269 1046 388 1132 Quodsi
406 1045 489 1104 nulla
508 1066 544 1104 ex
562 1045 617 1103 hac
635 1066 669 1104 re
687 1046 826 1106 molestia
845 1047 992 1120 oriretur,
1002 1046 1123 1136 neque
1122 1046 1248 1104 omnino

87 1132 151 1191 lieri
170 1154 233 1191 nou
251 1125 364 1211 posset,
381 1143 416 1189 ut
433 1129 513 1195 idem
528 1148 645 1189 nomen
659 1111 850 1191 haberemus:
869 1154 942 1191 num
960 1152 1090 1210 aequum
1109 1141 1198 1201 esset,
1214 1141 1285 1186 ut

87 1217 143 1275 iste
161 1229 276 1296 partem
294 1233 428 1289 mearum
455 1215 631 1280 facultatum
656 1217 924 1305 per'adoptioncm
941 1228 1078 1288 teneret,
1103 1215 1141 1274 ad
1160 1233 1249 1293 quam
1273 1219 1333 1278 127

87 1313 201 1382 patrem
220 1299 336 1381 adegit,
356 1319 413 1381 ego
432 1313 533 1358 autem
551 1300 675 1359 nomine
684 1290 849 1380 spoliaret,
868 1302 951 1379 quod
968 1300 1044 1359 mihi
1061 1300 1166 1359 volens
1185 1309 1258 1356 eta

41 1445 44 1449 ,
87 1385 208 1444 nemine
228 1397 349 1443 coactus
367 1385 447 1443 idem
466 1384 633 1463 imposuit?
661 1385 810 1462 Equidem
829 1403 893 1444 non
912 1386 1058 1445 existimo.
1089 1385 1132 1442 Ut
1149 1395 1260 1441 autem.

86 1469 204 1543 sciatis,
223 1489 304 1528 mea
323 1480 407 1547 patre
426 1489 489 1527 uon
508 1469 599 1527 modo
625 1471 709 1548 apud
723 1468 916 1543 curiales,
891 1489 951 1543 sac,
969 1482 1004 1529 ιιι
1021 1492 1037 1528 a
1055 1467 1183 1528 testibus
1202 1464 1286 1524 di-

87 1566 166 1612 ctnm
186 1566 242 1627 est,
259 1552 435 1642 inscriptum
455 1573 530 1625 esse,
549 1548 613 1624 sed,
632 1553 746 1614 decima
762 1554 850 1615 etiam
862 1553 949 1629 facta,
968 1574 1080 1614 nomeu
1098 1552 1157 1613 hoc
1173 1549 1250 1609 mihi

79 1637 226 1732 inditum,
245 1659 316 1717 cape
336 1638 377 1697 et
383 1638 443 1698 hoc
460 1637 679 1697 testimonium.

463 1750 883 1858 ιιιιιιιοιιιιίι.
934 1824 949 1841 ,,

173 1885 313 1963 Auditis,
336 1891 561 1964 Athenienses,
584 1910 698 1963 nomen
715 1890 774 1950 hoc
792 1891 867 1950 mibi
884 1892 977 1951 fuisse
994 1891 1079 1950 omni
1097 1902 1251 1968 tempore:
1292 1908 1295 1915 ’

86 1974 178 2033 istum
197 1998 270 2038 vero
282 1979 433 2036 Boeotum
452 1988 577 2055 epatre,
594 1989 754 2056 postquam
774 1988 894 2037 coactus
910 1989 969 2049 est,
986 1997 1053 2034 esse
1071 1974 1250 2070 inscriptum

87 2059 166 2137 apud
185 2061 334 2120 curiales?
358 2061 503 2127 Libenter
520 2072 620 2118 autem
639 2059 851 2140 interrogarim
870 2080 939 2119 eum
957 2081 1058 2120 coram
1076 2055 1269 2128 vobismisia

70 2143 215 2202 *obiisset
232 2158 333 2224 pater,
358 2145 504 2223 quidnam
523 2143 634 2224 egisses
653 2145 731 2222 apud
750 2144 932 2222 populares?
966 2144 1037 2203 Non
1062 2139 1249 2223 permisisses

87 2227 143 2297 illi,
160 2239 196 2286 ut
214 2240 244 2301 te
261 2230 414 2287 Boeotum
432 2227 633 2287 inscriberet?
667 2228 711 2285 At
726 2227 889 2287 absurdum
907 2227 1025 2301 luisset,
1043 2249 1077 2287 ea
1096 2227 1133 2284 de
1152 2245 1193 2284 re
1202 2224 1249 2283 iu,-
1284 2258 1286 2262 ·

89 2310 200 2371 dicium
216 2290 352 2391 adipisci,
371 2331 497 2389 eamque
514 2332 618 2374 rursus
637 2310 809 2390 prohibere
836 2312 956 2386 Quodsi
974 2311 1178 2391 permisisses.
1197 2329 1250 2367 eo·
1277 2308 1281 2312 ”

89 2397 157 2455 dem
174 2407 206 2454 te
224 2396 344 2454 modo
335 2395 537 2475 inscripsisset
553 2396 632 2474 apud
645 2396 832 2481 populares,
847 2417 911 2475 quo
930 2397 1010 2484 apud
1029 2395 1162 2456 curiales.
1186 2393 1249 2453 t'e-
1246 2462 1267 2483 ἱ
1280 2400 1296 2428 '⁸⁸

88 2463 246 2540 rendum
237 2479 418 2561 igiturest,
429 2499 448 2538 o
467 2479 509 2539 dii
527 2479 723 2579 immortaleS,
738 2493 774 2540 ut
792 2501 860 2539 eom
879 2503 967 2540 suum
985 2501 1051 2548 esse
1069 2477 1184 2560 patrem
1204 2477 1250 2535 di-
1256 2528 1275 2552 ,Ι

90 2576 149 2623 cat:
168 2563 337 2642 idemque
328 2565 410 2624 irrita
429 2564 538 2635 lacere,
556 2584 632 2643 quae
646 2564 676 2622 is
694 2564 797 2624 vivens
817 2564 970 2646 cgit,uon
989 2564 1129 2625 dubitet?
1158 2560 1252 2640 Apud
1286 2596 1311 2646 ιΙ

91 2647 235 2708 arbitrum
259 2653 368 2708 autem
384 2670 449 2708 rem
475 2648 765 2726 impudentissimam
790 2649 889 2719 dicere
913 2650 972 2709 fuit
996 2671 1103 2724 ausus,
1134 2658 1251 2745 patrem

91 2753 145 2813 pro
165 2753 208 2804 se,
226 2733 352 2813 perinde
370 2745 405 2791 ut
420 2747 477 2813 pro
494 2751 559 2806 me,
576 2733 684 2791 fecisse
703 2733 872 2806 decimam,
881 2725 975 2832 idque
994 2754 1107 2793 nomen
1125 2753 1155 2791 ea
1145 2728 1251 2788 indi·
1255 2786 1259 2791 .

93 2817 184 2880 disse.
211 2831 242 2876 et
259 2830 351 2877 testes
379 2817 524 2895 quosdam
543 2800 707 2895 produiit,
733 2837 861 2895 quorum
886 2820 933 2878 uti
957 2817 1180 2883 consuetudine
1193 2835 1257 2894 ιιι·4
1341 2834 1343 2841 ’

91 2914 166 2960 trem
185 2922 286 2960 meum
303 2922 394 2960 nemo
412 2921 544 2978 unquam
561 2901 644 2959 vidit.
667 2901 733 2982 Ego
752 2921 823 2960 vero
841 2902 994 2963 neminem
1011 2901 1171 2963 vestrumi
1195 2919 1251 2957 no·
1272 2930 1275 2937 ·

91 3005 156 3053 rare
181 2985 328 3057 arbitror,
353 3005 453 3062 neque
476 2984 623 3043 decimam
647 2983 795 3044 facturum
820 2996 886 3046 ess‘e
903 2980 1089 3067 quemquam
1115 2987 1155 3045 de
1173 2922 1253 3055 itio,

93 3089 182 3148 quem
201 3090 264 3128 non
282 3070 353 3128 iure
366 3081 468 3148 putet
471 3087 536 3127 esse
555 3089 659 3127 suum.
684 3089 802 3148 neque,
826 3093 855 3129 ιι
845 3070 978 3131 lecerit
996 3085 1027 3132 et
1043 3069 1199 3140 dilexerit,
1216 3077 1253 3124 ut

92 3153 188 3215 filium
207 3154 291 3235 diligi
316 3152 408 3214 moris
428 3165 489 3236 est,
514 3175 617 3212 rursus
636 3152 728 3212 luisse
751 3163 894 3214 auiurum
919 3156 1057 3216 infitias
1047 3177 1099 3215 are.
1142 3155 1250 3229 Neque

94 3239 190 3311 enim,
213 3238 333 3298 tametsi
352 3237 440 3296 matri
457 3237 588 3296 istorum
610 3237 703 3296 iratus
721 3237 843 3312 suisset,
868 3240 943 3300 istos
968 3251 1146 3320 prosecutos
1172 3242 1253 3305 esset

89 3322 184 3395 odio,
209 3343 285 3401 quos
310 3323 460 3401 quidem
460 3342 531 3381 suos
551 3343 616 3382 esse
641 3334 793 3400 putasset.»
823 3325 922 3383 Multo
942 3325 1022 3385 enim
1040 3323 1134 3405 magis
1151 3320 1253 3381 solent
1339 3316 1341 3320 ’

94 3407 216 3467 maritus
237 3418 267 3464 et
284 3427 361 3464 uxor
379 3418 458 3466 ortas
476 3405 545 3466 lites
568 3419 693 3485 propter
716 3406 829 3467 liberos
848 3428 1048 3488 componere,
1073 3429 1160 3487 quam
1179 3424 1251 3485 pro·
1329 3432 1335 3439 ·

93 3506 160 3572 pter
186 3512 234 3550 cas
258 3491 400 3562 iniurias,
432 3489 541 3569 quibus
567 3490 642 3549 alter
665 3490 815 3550 alterum
810 3492 932 3563 affecit,
960 3493 1049 3553 ctiam
1075 3509 1252 3551 communes

94 3568 193 3638 odisse
213 3574 335 3634 liberos.
368 3575 475 3654 Neque
493 3595 565 3633 vero
584 3595 620 3632 ex
639 3573 684 3632 his
702 3576 801 3633 solum
817 3577 948 3673 perspici
966 3588 1082 3658 potest,
1106 3575 1251 3636 mentitu-

94 3684 160 3720 rum
180 3680 245 3718 esse
265 3647 371 3732 istum,
396 3683 421 3720 ιι
413 3660 512 3718 haec
537 3659 659 3719 dixerit:
685 3661 753 3732 sed,
778 3660 965 3740 priusquam
962 3682 1004 3722 se
1021 3673 1159 3721 nostrum
1186 3676 1251 3718 esse
1345 3667 1346 3672 ’

94 3758 262 3826 cognatum.
276 3744 402 3818 diceret,
412 3743 694 3842 'Hippothoontiam
712 3745 923 3823 frequentabat
938 3745 1062 3820 tribum,
1079 3757 1114 3804 ut
1131 3745 1163 3804 ln
1182 3756 1256 3803 coe-¹
1334 3744 1336 3748 ’

46 3864 52 3888 .-
94 3844 158 3890 tum
176 3849 342 3910 puerorum
359 3829 552 3909 reciperetur
587 3828 677 3921 Quis
681 3849 754 3905 vcro
772 3841 904 3902 vestrum
916 3843 1026 3927 putat,
1052 3843 1177 3890 matrem
1195 3827 1251 3885 mi-

95 3915 170 3974 sisse
189 3915 280 3974 istum
306 3913 338 3971 in
358 3934 424 3973 eam
430 3914 597 3986 tribum,
588 3913 714 3991 magnis
733 3934 819 3986 sane,
844 3925 879 3973 ut
897 3914 956 3986 ait,
973 3914 1133 3976 allectam
1134 3935 1151 3972 a
1142 3924 1252 4011 patre

95 4000 226 4071 iniuriis,
245 4019 320 4075 quac
340 3998 473 4076 quidem
478 3997 579 4068 sciret,
597 4017 665 4056 eum
683 3996 790 4056 secisse
809 3997 954 4063 decimam
973 4011 1009 4063 et
1020 4018 1124 4071 rursus
1142 3993 1186 4055 ire
1204 3995 1252 4055 in-

96 4084 195 4144 fitias?
220 4085 287 4162 Ego
306 4095 387 4142 certe
405 4095 480 4161 puto
498 4080 657 4140 neminem.
682 4081 757 4140 Nam
774 4079 987 4150 Acamanteam
1004 4101 1099 4160 aeque
1117 4080 1174 4140 tibi
1190 4080 1251 4138 fre-

68 4198 71 4213 .
98 4175 243 4268 ιιιειιιιιιι
261 4165 450 4264 licuisset,
422 4186 543 4246 vasaque
562 4178 642 4225 esset
655 4164 705 4225 illa
719 4165 817 4225 trihus
835 4179 1043 4237 consentanea
1049 4164 1181 4226 nomirtis
1194 4165 1251 4222 im-

96 4251 251 4337 positioni
270 4250 336 4309 Ut
328 4249 420 4330 agitur
436 4250 510 4317 haec
525 4271 541 4308 a
554 4271 601 4308 me
619 4270 689 4313 vore
708 4249 770 4310 dici
785 4262 914 4324 constet,
932 4272 1038 4317 eorum
1055 4248 1141 4311 uobis
1158 4259 1251 4309 testes
1275 4236 1335 4305 12¹8

94 4338 263 4418 producam
281 4333 443 4395 sodales
416 4355 481 4419 eius
500 4332 1220 4416 semigraues·
