<?xml version="1.0" encoding="UTF-8"?>
<!DOCTYPE html PUBLIC "-//W3C//DTD XHTML 1.0 Transitional//EN"
    "http://www.w3.org/TR/xhtml1/DTD/xhtml1-transitional.dtd">
<html xmlns="http://www.w3.org/1999/xhtml" xml:lang="en" lang="en">
 <head>
  <title>
</title>
<meta http-equiv="Content-Type" content="text/html;charset=utf-8" />
  <meta name='ocr-system' content='tesseract 3.04.00' />
  <meta name='ocr-capabilities' content='ocr_page ocr_carea ocr_par ocr_line ocrx_word'/>
</head>
<body>
  <div class='ocr_page' id='page_1' title='image "./demosthenisquae04schgoog_0115.png"; bbox 0 0 2722 4754; ppageno 0'>
   <div class='ocr_carea' id='block_1_1' title="bbox 144 142 1024 286">
    <p class='ocr_par' dir='ltr' id='par_1_1' title="bbox 144 142 1024 286">
     <span class='ocr_line' id='line_1_1' title="bbox 144 142 1024 286; baseline 0.005 -39"><span class='ocrx_word' id='word_1_1' title='bbox 144 191 205 286; x_wconf 67' lang='lat' dir='ltr'><strong>coe</strong></span> <span class='ocrx_word' id='word_1_2' title='bbox 373 142 378 149; x_wconf 62' lang='grc'><em>’</em></span> <span class='ocrx_word' id='word_1_3' title='bbox 416 146 798 284; x_wconf 73' lang='grc' dir='ltr'><strong>οιιιοιιιι-ιιιιι.</strong></span> <span class='ocrx_word' id='word_1_4' title='bbox 831 150 1024 278; x_wconf 73' lang='lat' dir='ltr'><strong>orario</strong></span> 
     </span>
    </p>
   </div>
   <div class='ocr_carea' id='block_1_2' title="bbox 36 330 1359 4487">
    <p class='ocr_par' dir='ltr' id='par_1_2' title="bbox 52 330 1359 597">
     <span class='ocr_line' id='line_1_2' title="bbox 52 330 1319 424; baseline 0.001 -21"><span class='ocrx_word' id='word_1_5' title='bbox 52 410 55 416; x_wconf 26' lang='lat'><strong>¹</strong></span> <span class='ocrx_word' id='word_1_6' title='bbox 144 341 321 423; x_wconf 77' lang='lat' dir='ltr'><strong>anrpliorem</strong></span> <span class='ocrx_word' id='word_1_7' title='bbox 341 339 499 422; x_wconf 89' lang='lat' dir='ltr'><strong>pecuniam</strong></span> <span class='ocrx_word' id='word_1_8' title='bbox 517 342 704 422; x_wconf 87' lang='lat' dir='ltr'><strong>requireret,</strong></span> <span class='ocrx_word' id='word_1_9' title='bbox 722 367 812 424; x_wconf 85' lang='lat' dir='ltr'><strong>quom</strong></span> <span class='ocrx_word' id='word_1_10' title='bbox 831 365 908 424; x_wconf 83' lang='lat' dir='ltr'><strong>quae</strong></span> <span class='ocrx_word' id='word_1_11' title='bbox 927 345 995 409; x_wconf 82' lang='lat' dir='ltr'><strong>data</strong></span> <span class='ocrx_word' id='word_1_12' title='bbox 1013 343 1111 404; x_wconf 85' lang='lat' dir='ltr'><strong>suerat</strong></span> <span class='ocrx_word' id='word_1_13' title='bbox 1130 330 1166 404; x_wconf 76' lang='lat' dir='ltr'><strong>ex</strong></span> <span class='ocrx_word' id='word_1_14' title='bbox 1184 345 1319 417; x_wconf 66' lang='lat' dir='ltr'><strong>aerario}</strong></span> 
     </span>
     <span class='ocr_line' id='line_1_3' title="bbox 144 426 1330 528; baseline 0.003 -40"><span class='ocrx_word' id='word_1_15' title='bbox 144 451 210 488; x_wconf 87' lang='lat' dir='ltr'><strong>cam</strong></span> <span class='ocrx_word' id='word_1_16' title='bbox 229 441 333 488; x_wconf 88' lang='lat' dir='ltr'><strong>orator</strong></span> <span class='ocrx_word' id='word_1_17' title='bbox 351 429 387 488; x_wconf 90' lang='lat' dir='ltr'><strong>de</strong></span> <span class='ocrx_word' id='word_1_18' title='bbox 406 446 463 486; x_wconf 91' lang='lat' dir='ltr'><strong>suo</strong></span> <span class='ocrx_word' id='word_1_19' title='bbox 466 426 632 528; x_wconf 84' lang='lat' dir='ltr'><strong>insuntsit,</strong></span> <span class='ocrx_word' id='word_1_20' title='bbox 651 442 681 488; x_wconf 88' lang='lat' dir='ltr'><strong>et</strong></span> <span class='ocrx_word' id='word_1_21' title='bbox 698 452 761 490; x_wconf 91' lang='lat' dir='ltr'><strong>non</strong></span> <span class='ocrx_word' id='word_1_22' title='bbox 782 452 941 510; x_wconf 83' lang='lat' dir='ltr'>expensam</span> <span class='ocrx_word' id='word_1_23' title='bbox 959 429 1143 510; x_wconf 85' lang='lat' dir='ltr'><strong>reipublicae</strong></span> <span class='ocrx_word' id='word_1_24' title='bbox 1162 428 1245 501; x_wconf 91' lang='lat' dir='ltr'><strong>tulit,</strong></span> <span class='ocrx_word' id='word_1_25' title='bbox 1264 431 1330 503; x_wconf 85' lang='lat' dir='ltr'><strong>sed.</strong></span> 
     </span>
     <span class='ocr_line' id='line_1_4' title="bbox 144 511 1359 597; baseline 0.003 -25"><span class='ocrx_word' id='word_1_26' title='bbox 144 514 274 573; x_wconf 81' lang='grc' dir='ltr'><strong>ιιοιιιιίι.</strong></span> <span class='ocrx_word' id='word_1_27' title='bbox 310 514 395 571; x_wconf 87' lang='lat' dir='ltr'><strong>Hanc</strong></span> <span class='ocrx_word' id='word_1_28' title='bbox 414 514 605 573; x_wconf 84' lang='lat' dir='ltr'><strong>occasionem</strong></span> <span class='ocrx_word' id='word_1_29' title='bbox 624 511 787 596; x_wconf 78' lang='lat' dir='ltr'><strong>Ctesipho,</strong></span> <span class='ocrx_word' id='word_1_30' title='bbox 806 538 885 574; x_wconf 92' lang='lat' dir='ltr'><strong>unus</strong></span> <span class='ocrx_word' id='word_1_31' title='bbox 905 537 921 574; x_wconf 87' lang='lat' dir='ltr'><strong>e</strong></span> <span class='ocrx_word' id='word_1_32' title='bbox 940 515 1187 597; x_wconf 80' lang='lat' dir='ltr'><strong>magistratibus,</strong></span> <span class='ocrx_word' id='word_1_33' title='bbox 1200 528 1359 589; x_wconf 53' lang='lat' dir='ltr'><strong>nactus-¹</strong></span> 
     </span>
    </p>

    <p class='ocr_par' dir='ltr' id='par_1_3' title="bbox 42 599 1344 937">
     <span class='ocr_line' id='line_1_5' title="bbox 42 599 1332 685; baseline 0.002 -27"><span class='ocrx_word' id='word_1_34' title='bbox 42 608 50 616; x_wconf 81' lang='grc'><strong>“</strong></span> <span class='ocrx_word' id='word_1_35' title='bbox 141 599 247 685; x_wconf 82' lang='lat' dir='ltr'><strong>retulit</strong></span> <span class='ocrx_word' id='word_1_36' title='bbox 266 599 303 657; x_wconf 87' lang='lat' dir='ltr'><strong>de</strong></span> <span class='ocrx_word' id='word_1_37' title='bbox 323 619 359 658; x_wconf 90' lang='lat' dir='ltr'><strong>eo</strong></span> <span class='ocrx_word' id='word_1_38' title='bbox 378 599 416 658; x_wconf 89' lang='lat' dir='ltr'><strong>ad</strong></span> <span class='ocrx_word' id='word_1_39' title='bbox 434 611 576 659; x_wconf 86' lang='lat' dir='ltr'><strong>senatum</strong></span> <span class='ocrx_word' id='word_1_40' title='bbox 589 601 621 659; x_wconf 90' lang='lat' dir='ltr'><strong>in</strong></span> <span class='ocrx_word' id='word_1_41' title='bbox 640 601 717 680; x_wconf 83' lang='lat' dir='ltr'><strong>hanc</strong></span> <span class='ocrx_word' id='word_1_42' title='bbox 735 601 941 660; x_wconf 69' lang='lat' dir='ltr'><strong>sententiame</strong></span> <span class='ocrx_word' id='word_1_43' title='bbox 948 600 1122 675; x_wconf 81' lang='lat' dir='ltr'><strong>Quoniam</strong></span> <span class='ocrx_word' id='word_1_44' title='bbox 1130 601 1332 679; x_wconf 78' lang='lat' dir='ltr'><strong>Demosthe-‘</strong></span> 
     </span>
     <span class='ocr_line' id='line_1_6' title="bbox 143 680 1344 785; baseline 0.003 -42"><span class='ocrx_word' id='word_1_45' title='bbox 143 680 197 743; x_wconf 87' lang='lat' dir='ltr'><strong>nes</strong></span> <span class='ocrx_word' id='word_1_46' title='bbox 212 703 271 762; x_wconf 86' lang='lat' dir='ltr'><strong>per</strong></span> <span class='ocrx_word' id='word_1_47' title='bbox 289 705 410 743; x_wconf 86' lang='lat' dir='ltr'><strong>omnem</strong></span> <span class='ocrx_word' id='word_1_48' title='bbox 425 697 553 745; x_wconf 89' lang='lat' dir='ltr'><strong>aetatem</strong></span> <span class='ocrx_word' id='word_1_49' title='bbox 572 708 656 745; x_wconf 87' lang='lat' dir='ltr'><strong>suam</strong></span> <span class='ocrx_word' id='word_1_50' title='bbox 672 708 742 785; x_wconf 76' lang='grc' dir='ltr'><strong>ιιιιι</strong></span> <span class='ocrx_word' id='word_1_51' title='bbox 761 685 978 765; x_wconf 80' lang='lat' dir='ltr'><strong>rempublicam</strong></span> <span class='ocrx_word' id='word_1_52' title='bbox 996 685 1244 747; x_wconf 77' lang='lat' dir='ltr'><strong>benevolentiam</strong></span> <span class='ocrx_word' id='word_1_53' title='bbox 1264 687 1344 747; x_wconf 88' lang='lat' dir='ltr'><strong>de·-</strong></span> 
     </span>
     <span class='ocr_line' id='line_1_7' title="bbox 143 770 1318 852; baseline 0.002 -21"><span class='ocrx_word' id='word_1_54' title='bbox 143 770 253 831; x_wconf 76' lang='lat' dir='ltr'><strong>clarere</strong></span> <span class='ocrx_word' id='word_1_55' title='bbox 268 790 332 829; x_wconf 89' lang='lat' dir='ltr'><strong>non</strong></span> <span class='ocrx_word' id='word_1_56' title='bbox 347 771 480 843; x_wconf 73' lang='lat' dir='ltr'><strong>desistat,</strong></span> <span class='ocrx_word' id='word_1_57' title='bbox 495 783 526 830; x_wconf 87' lang='lat' dir='ltr'><strong>et</strong></span> <span class='ocrx_word' id='word_1_58' title='bbox 539 792 631 842; x_wconf 89' lang='lat' dir='ltr'><strong>nunc,</strong></span> <span class='ocrx_word' id='word_1_59' title='bbox 646 773 740 831; x_wconf 83' lang='grc' dir='ltr'><strong>ιιιιιιιι</strong></span> <span class='ocrx_word' id='word_1_60' title='bbox 753 771 925 831; x_wconf 75' lang='lat' dir='ltr'><strong>reficiendis</strong></span> <span class='ocrx_word' id='word_1_61' title='bbox 941 785 1071 844; x_wconf 88' lang='lat' dir='ltr'><strong>curator,</strong></span> <span class='ocrx_word' id='word_1_62' title='bbox 1087 794 1155 833; x_wconf 88' lang='lat' dir='ltr'><strong>cum</strong></span> <span class='ocrx_word' id='word_1_63' title='bbox 1168 771 1318 852; x_wconf 84' lang='lat' dir='ltr'><strong>ampliore</strong></span> 
     </span>
     <span class='ocr_line' id='line_1_8' title="bbox 143 854 1334 937; baseline 0.003 -23"><span class='ocrx_word' id='word_1_64' title='bbox 143 854 271 936; x_wconf 84' lang='lat' dir='ltr'><strong>pecunia</strong></span> <span class='ocrx_word' id='word_1_65' title='bbox 289 855 457 937; x_wconf 80' lang='lat' dir='ltr'><strong>indigeret,</strong></span> <span class='ocrx_word' id='word_1_66' title='bbox 477 857 513 914; x_wconf 91' lang='lat' dir='ltr'><strong>de</strong></span> <span class='ocrx_word' id='word_1_67' title='bbox 532 878 589 917; x_wconf 87' lang='lat' dir='ltr'><strong>suo</strong></span> <span class='ocrx_word' id='word_1_68' title='bbox 609 857 802 936; x_wconf 87' lang='lat' dir='ltr'><strong>depromtam</strong></span> <span class='ocrx_word' id='word_1_69' title='bbox 816 856 951 917; x_wconf 85' lang='lat' dir='ltr'><strong>donarit:</strong></span> <span class='ocrx_word' id='word_1_70' title='bbox 970 858 1196 923; x_wconf 85' lang='lat' dir='ltr'><strong>decernendum</strong></span> <span class='ocrx_word' id='word_1_71' title='bbox 1214 877 1284 917; x_wconf 88' lang='lat' dir='ltr'><strong>esse</strong></span> <span class='ocrx_word' id='word_1_72' title='bbox 1300 879 1334 917; x_wconf 48' lang='grc' dir='ltr'><strong>ι’</strong></span> 
     </span>
    </p>

    <p class='ocr_par' dir='ltr' id='par_1_4' title="bbox 58 935 1331 1362">
     <span class='ocr_line' id='line_1_9' title="bbox 58 935 1317 1025; baseline 0.003 -28.006"><span class='ocrx_word' id='word_1_73' title='bbox 58 935 117 997; x_wconf 77' lang='lat'><strong>143</strong></span> <span class='ocrx_word' id='word_1_74' title='bbox 144 952 250 1000; x_wconf 84' lang='lat' dir='ltr'><strong>senatu</strong></span> <span class='ocrx_word' id='word_1_75' title='bbox 269 942 466 1025; x_wconf 88' lang='lat' dir='ltr'><strong>populoque,</strong></span> <span class='ocrx_word' id='word_1_76' title='bbox 482 953 518 1000; x_wconf 90' lang='lat' dir='ltr'><strong>ut</strong></span> <span class='ocrx_word' id='word_1_77' title='bbox 535 963 626 1000; x_wconf 88' lang='lat' dir='ltr'><strong>aurea</strong></span> <span class='ocrx_word' id='word_1_78' title='bbox 645 963 757 1001; x_wconf 88' lang='lat' dir='ltr'><strong>corona</strong></span> <span class='ocrx_word' id='word_1_79' title='bbox 776 941 933 1002; x_wconf 87' lang='lat' dir='ltr'><strong>donetur</strong></span> <span class='ocrx_word' id='word_1_80' title='bbox 925 965 957 1001; x_wconf 93' lang='grc' dir='ltr'><strong>ιιι</strong></span> <span class='ocrx_word' id='word_1_81' title='bbox 974 941 1110 1016; x_wconf 83' lang='lat' dir='ltr'><strong>theatro,</strong></span> <span class='ocrx_word' id='word_1_82' title='bbox 1130 965 1200 1002; x_wconf 93' lang='lat' dir='ltr'><strong>cum</strong></span> <span class='ocrx_word' id='word_1_83' title='bbox 1219 963 1317 1002; x_wconf 85' lang='lat' dir='ltr'><strong>novae</strong></span> 
     </span>
     <span class='ocr_line' id='line_1_10' title="bbox 141 1026 1318 1126; baseline 0.001 -40"><span class='ocrx_word' id='word_1_84' title='bbox 141 1026 315 1106; x_wconf 78' lang='lat' dir='ltr'><strong>tragoediae</strong></span> <span class='ocrx_word' id='word_1_85' title='bbox 329 1039 470 1109; x_wconf 75' lang='lat' dir='ltr'><strong>agantur:</strong></span> <span class='ocrx_word' id='word_1_86' title='bbox 491 1047 527 1087; x_wconf 88' lang='lat' dir='ltr'><strong>co</strong></span> <span class='ocrx_word' id='word_1_87' title='bbox 542 1027 679 1100; x_wconf 79' lang='lat' dir='ltr'><strong>fortasse,</strong></span> <span class='ocrx_word' id='word_1_88' title='bbox 694 1027 778 1126; x_wconf 83' lang='lat' dir='ltr'><strong>quod</strong></span> <span class='ocrx_word' id='word_1_89' title='bbox 793 1027 957 1089; x_wconf 79' lang='lat' dir='ltr'><strong>nrnltitudo</strong></span> <span class='ocrx_word' id='word_1_90' title='bbox 971 1039 1143 1087; x_wconf 84' lang='lat' dir='ltr'><strong>accurreret</strong></span> <span class='ocrx_word' id='word_1_91' title='bbox 1157 1027 1318 1107; x_wconf 82' lang='lat' dir='ltr'><strong>spectandi</strong></span> 
     </span>
     <span class='ocr_line' id='line_1_11' title="bbox 141 1108 1331 1194; baseline 0.002 -23"><span class='ocrx_word' id='word_1_92' title='bbox 141 1132 241 1171; x_wconf 86' lang='lat' dir='ltr'><strong>novas</strong></span> <span class='ocrx_word' id='word_1_93' title='bbox 254 1110 368 1171; x_wconf 83' lang='lat' dir='ltr'><strong>fabulas</strong></span> <span class='ocrx_word' id='word_1_94' title='bbox 385 1112 585 1192; x_wconf 17' lang='lat' dir='ltr'><strong>wcupiditate</strong></span> <span class='ocrx_word' id='word_1_95' title='bbox 582 1108 702 1170; x_wconf 90' lang='lat' dir='ltr'><strong>Cum</strong></span> <span class='ocrx_word' id='word_1_96' title='bbox 693 1112 787 1194; x_wconf 75' lang='lat' dir='ltr'><strong>igitur</strong></span> <span class='ocrx_word' id='word_1_97' title='bbox 799 1111 879 1172; x_wconf 89' lang='lat' dir='ltr'><strong>illud</strong></span> <span class='ocrx_word' id='word_1_98' title='bbox 906 1113 1204 1173; x_wconf 79' lang='lat' dir='ltr'><strong>senatusconsultum</strong></span> <span class='ocrx_word' id='word_1_99' title='bbox 1221 1108 1331 1173; x_wconf 57' lang='lat' dir='ltr'><strong>etiam&#39;</strong></span> 
     </span>
     <span class='ocr_line' id='line_1_12' title="bbox 141 1195 1318 1279; baseline -0.001 -21"><span class='ocrx_word' id='word_1_100' title='bbox 141 1197 257 1279; x_wconf 88' lang='lat' dir='ltr'><strong>populo</strong></span> <span class='ocrx_word' id='word_1_101' title='bbox 276 1209 515 1278; x_wconf 82' lang='lat' dir='ltr'><strong>proponeretur:</strong></span> <span class='ocrx_word' id='word_1_102' title='bbox 545 1196 708 1256; x_wconf 83' lang='lat' dir='ltr'><strong>intercedit</strong></span> <span class='ocrx_word' id='word_1_103' title='bbox 726 1195 935 1278; x_wconf 80' lang='lat' dir='ltr'><strong>Ctesiphontis</strong></span> <span class='ocrx_word' id='word_1_104' title='bbox 961 1211 1116 1261; x_wconf 81' lang='lat' dir='ltr'><strong>accusator</strong></span> <span class='ocrx_word' id='word_1_105' title='bbox 1134 1197 1318 1275; x_wconf 79' lang='lat' dir='ltr'><strong>Aeschines,</strong></span> 
     </span>
     <span class='ocr_line' id='line_1_13' title="bbox 142 1281 1317 1362; baseline 0.001 -20"><span class='ocrx_word' id='word_1_106' title='bbox 142 1283 183 1342; x_wconf 89' lang='lat' dir='ltr'><strong>ob</strong></span> <span class='ocrx_word' id='word_1_107' title='bbox 202 1281 372 1343; x_wconf 83' lang='lat' dir='ltr'><strong>diversam</strong></span> <span class='ocrx_word' id='word_1_108' title='bbox 363 1305 395 1341; x_wconf 86' lang='grc' dir='ltr'><strong>ιιι</strong></span> <span class='ocrx_word' id='word_1_109' title='bbox 407 1282 562 1362; x_wconf 79' lang='lat' dir='ltr'><strong>republica</strong></span> <span class='ocrx_word' id='word_1_110' title='bbox 580 1282 743 1343; x_wconf 81' lang='lat' dir='ltr'><strong>factionem</strong></span> <span class='ocrx_word' id='word_1_111' title='bbox 756 1282 1000 1344; x_wconf 88' lang='lat' dir='ltr'><strong>Demosthenis&#39;</strong></span> <span class='ocrx_word' id='word_1_112' title='bbox 993 1283 1142 1357; x_wconf 89' lang='lat' dir='ltr'><strong>mimicus,</strong></span> <span class='ocrx_word' id='word_1_113' title='bbox 1156 1283 1188 1342; x_wconf 89' lang='lat' dir='ltr'><strong>in</strong></span> <span class='ocrx_word' id='word_1_114' title='bbox 1206 1304 1245 1343; x_wconf 92' lang='lat' dir='ltr'><strong>eo</strong></span> <span class='ocrx_word' id='word_1_115' title='bbox 1261 1283 1317 1343; x_wconf 82' lang='lat' dir='ltr'><strong>de-</strong></span> 
     </span>
    </p>

    <p class='ocr_par' dir='ltr' id='par_1_5' title="bbox 90 1367 1359 2305">
     <span class='ocr_line' id='line_1_14' title="bbox 95 1367 1315 1448; baseline -0.002 -19"><span class='ocrx_word' id='word_1_116' title='bbox 95 1430 96 1437; x_wconf 46' lang='lat'><strong>,</strong></span> <span class='ocrx_word' id='word_1_117' title='bbox 143 1380 227 1429; x_wconf 87' lang='lat' dir='ltr'><strong>creto</strong></span> <span class='ocrx_word' id='word_1_118' title='bbox 247 1381 307 1428; x_wconf 87' lang='lat' dir='ltr'><strong>tres</strong></span> <span class='ocrx_word' id='word_1_119' title='bbox 328 1388 392 1427; x_wconf 87' lang='lat' dir='ltr'><strong>esse</strong></span> <span class='ocrx_word' id='word_1_120' title='bbox 411 1367 493 1448; x_wconf 80' lang='lat' dir='ltr'><strong>leges</strong></span> <span class='ocrx_word' id='word_1_121' title='bbox 506 1368 636 1427; x_wconf 63' lang='lat' dir='ltr'><strong>violatas</strong></span> <span class='ocrx_word' id='word_1_122' title='bbox 655 1369 810 1431; x_wconf 86' lang='lat' dir='ltr'><strong>dictitans:</strong></span> <span class='ocrx_word' id='word_1_123' title='bbox 828 1390 929 1441; x_wconf 91' lang='lat' dir='ltr'><strong>unam,</strong></span> <span class='ocrx_word' id='word_1_124' title='bbox 948 1390 1025 1448; x_wconf 90' lang='lat' dir='ltr'><strong>quae</strong></span> <span class='ocrx_word' id='word_1_125' title='bbox 1041 1368 1208 1431; x_wconf 80' lang='lat' dir='ltr'><strong>obnoxium</strong></span> <span class='ocrx_word' id='word_1_126' title='bbox 1226 1388 1315 1427; x_wconf 85' lang='lat' dir='ltr'><strong>coro-</strong></span> 
     </span>
     <span class='ocr_line' id='line_1_15' title="bbox 95 1452 1319 1532; baseline 0 -19"><span class='ocrx_word' id='word_1_127' title='bbox 95 1520 97 1525; x_wconf 41' lang='lat'><strong>,</strong></span> <span class='ocrx_word' id='word_1_128' title='bbox 142 1452 208 1513; x_wconf 88' lang='lat' dir='ltr'><strong>nari</strong></span> <span class='ocrx_word' id='word_1_129' title='bbox 226 1466 309 1513; x_wconf 89' lang='lat' dir='ltr'><strong>vetet</strong></span> <span class='ocrx_word' id='word_1_130' title='bbox 319 1465 395 1512; x_wconf 89' lang='lat' dir='ltr'><strong>ante</strong></span> <span class='ocrx_word' id='word_1_131' title='bbox 413 1453 521 1512; x_wconf 86' lang='lat' dir='ltr'><strong>relatas</strong></span> <span class='ocrx_word' id='word_1_132' title='bbox 539 1453 688 1513; x_wconf 86' lang='lat' dir='ltr'><strong>rationes:</strong></span> <span class='ocrx_word' id='word_1_133' title='bbox 707 1456 843 1515; x_wconf 90' lang='lat' dir='ltr'><strong>nondum</strong></span> <span class='ocrx_word' id='word_1_134' title='bbox 862 1466 962 1514; x_wconf 87' lang='lat' dir='ltr'><strong>autem</strong></span> <span class='ocrx_word' id='word_1_135' title='bbox 981 1454 1050 1526; x_wconf 88' lang='lat' dir='ltr'><strong>has,</strong></span> <span class='ocrx_word' id='word_1_136' title='bbox 1069 1454 1180 1532; x_wconf 88' lang='lat' dir='ltr'><strong>inquit,</strong></span> <span class='ocrx_word' id='word_1_137' title='bbox 1197 1454 1319 1513; x_wconf 87' lang='lat' dir='ltr'><strong>Demo</strong></span> 
     </span>
     <span class='ocr_line' id='line_1_16' title="bbox 118 1534 1314 1638; baseline 0 -39"><span class='ocrx_word' id='word_1_138' title='bbox 118 1534 123 1543; x_wconf 86' lang='grc'><strong><em>’</em></strong></span> <span class='ocrx_word' id='word_1_139' title='bbox 143 1538 265 1599; x_wconf 87' lang='lat' dir='ltr'><strong>sthenes</strong></span> <span class='ocrx_word' id='word_1_140' title='bbox 283 1538 406 1610; x_wconf 90' lang='lat' dir='ltr'><strong>retulit,</strong></span> <span class='ocrx_word' id='word_1_141' title='bbox 432 1560 500 1597; x_wconf 89' lang='lat' dir='ltr'><strong>cum</strong></span> <span class='ocrx_word' id='word_1_142' title='bbox 520 1550 551 1598; x_wconf 90' lang='lat' dir='ltr'><strong>et</strong></span> <span class='ocrx_word' id='word_1_143' title='bbox 577 1538 754 1613; x_wconf 77' lang='lat' dir='ltr'><strong>theatralem</strong></span> <span class='ocrx_word' id='word_1_144' title='bbox 780 1539 940 1638; x_wconf 84' lang='lat' dir='ltr'><strong>pecuniam</strong></span> <span class='ocrx_word' id='word_1_145' title='bbox 958 1552 1068 1600; x_wconf 90' lang='lat' dir='ltr'><strong>tractet</strong></span> <span class='ocrx_word' id='word_1_146' title='bbox 1093 1552 1124 1598; x_wconf 89' lang='lat' dir='ltr'><strong>et</strong></span> <span class='ocrx_word' id='word_1_147' title='bbox 1142 1560 1253 1599; x_wconf 83' lang='grc' dir='ltr'><strong>ιιιιιιοι</strong></span> <span class='ocrx_word' id='word_1_148' title='bbox 1266 1539 1314 1605; x_wconf 83' lang='lat' dir='ltr'><strong>in-</strong></span> 
     </span>
     <span class='ocr_line' id='line_1_17' title="bbox 143 1606 1317 1724; baseline -0.002 -40"><span class='ocrx_word' id='word_1_149' title='bbox 143 1637 272 1693; x_wconf 88' lang='lat' dir='ltr'><strong>stauret:</strong></span> <span class='ocrx_word' id='word_1_150' title='bbox 291 1623 364 1683; x_wconf 88' lang='lat' dir='ltr'><strong>item</strong></span> <span class='ocrx_word' id='word_1_151' title='bbox 384 1606 608 1724; x_wconf 81' lang='lat' dir='ltr'><strong>expectandum</strong></span> <span class='ocrx_word' id='word_1_152' title='bbox 621 1625 716 1697; x_wconf 85' lang='lat' dir='ltr'><strong>luit,</strong></span> <span class='ocrx_word' id='word_1_153' title='bbox 707 1625 822 1704; x_wconf 79' lang='lat' dir='ltr'><strong>inquit,</strong></span> <span class='ocrx_word' id='word_1_154' title='bbox 837 1638 868 1685; x_wconf 92' lang='lat' dir='ltr'><strong>et</strong></span> <span class='ocrx_word' id='word_1_155' title='bbox 883 1625 913 1684; x_wconf 93' lang='lat' dir='ltr'><strong>di</strong></span> <span class='ocrx_word' id='word_1_156' title='bbox 915 1624 1070 1685; x_wconf 81' lang='lat' dir='ltr'><strong>florendus</strong></span> <span class='ocrx_word' id='word_1_157' title='bbox 1085 1625 1196 1696; x_wconf 83' lang='lat' dir='ltr'><strong>honos,</strong></span> <span class='ocrx_word' id='word_1_158' title='bbox 1216 1608 1317 1689; x_wconf 77' lang='lat' dir='ltr'><strong>ddnec</strong></span> 
     </span>
     <span class='ocr_line' id='line_1_18' title="bbox 90 1708 1359 1793; baseline -0.001 -25"><span class='ocrx_word' id='word_1_159' title='bbox 90 1730 94 1734; x_wconf 90' lang='lat'>·</span> <span class='ocrx_word' id='word_1_160' title='bbox 141 1709 245 1781; x_wconf 85' lang='lat' dir='ltr'><strong>facta</strong></span> <span class='ocrx_word' id='word_1_161' title='bbox 236 1708 434 1788; x_wconf 89' lang='lat' dir='ltr'><strong>mquisitione</strong></span> <span class='ocrx_word' id='word_1_162' title='bbox 454 1709 500 1775; x_wconf 89' lang='lat' dir='ltr'><strong>de</strong></span> <span class='ocrx_word' id='word_1_163' title='bbox 510 1709 574 1770; x_wconf 84' lang='lat' dir='ltr'><strong>eius</strong></span> <span class='ocrx_word' id='word_1_164' title='bbox 593 1711 767 1793; x_wconf 84' lang='lat' dir='ltr'><strong>integritate</strong></span> <span class='ocrx_word' id='word_1_165' title='bbox 784 1723 944 1774; x_wconf 85' lang='lat' dir='ltr'><strong>constaret</strong></span> <span class='ocrx_word' id='word_1_166' title='bbox 963 1709 1099 1770; x_wconf 80' lang='lat' dir='ltr'><strong>Alteram</strong></span> <span class='ocrx_word' id='word_1_167' title='bbox 1117 1709 1218 1791; x_wconf 85' lang='lat' dir='ltr'><strong>legem</strong></span> <span class='ocrx_word' id='word_1_168' title='bbox 1235 1708 1315 1769; x_wconf 86' lang='lat' dir='ltr'><strong>reci·</strong></span> <span class='ocrx_word' id='word_1_169' title='bbox 1355 1724 1359 1729; x_wconf 88' lang='lat'>&#39;</span> 
     </span>
     <span class='ocr_line' id='line_1_19' title="bbox 141 1792 1347 1878; baseline -0.001 -24"><span class='ocrx_word' id='word_1_170' title='bbox 141 1807 201 1867; x_wconf 85' lang='lat' dir='ltr'><strong>tat,</strong></span> <span class='ocrx_word' id='word_1_171' title='bbox 221 1815 297 1874; x_wconf 90' lang='lat' dir='ltr'><strong>quae</strong></span> <span class='ocrx_word' id='word_1_172' title='bbox 315 1792 427 1853; x_wconf 87' lang='lat' dir='ltr'><strong>iubet</strong></span> <span class='ocrx_word' id='word_1_173' title='bbox 419 1817 452 1854; x_wconf 89' lang='lat' dir='ltr'><strong>m</strong></span> <span class='ocrx_word' id='word_1_174' title='bbox 468 1795 572 1878; x_wconf 89' lang='lat' dir='ltr'><strong>Pnyce</strong></span> <span class='ocrx_word' id='word_1_175' title='bbox 592 1797 748 1874; x_wconf 86' lang='lat' dir='ltr'><strong>coronari,</strong></span> <span class='ocrx_word' id='word_1_176' title='bbox 766 1817 830 1856; x_wconf 90' lang='lat' dir='ltr'><strong>non</strong></span> <span class='ocrx_word' id='word_1_177' title='bbox 848 1797 881 1855; x_wconf 88' lang='lat' dir='ltr'><strong>in</strong></span> <span class='ocrx_word' id='word_1_178' title='bbox 898 1795 1032 1856; x_wconf 84' lang='lat' dir='ltr'><strong>theatro:</strong></span> <span class='ocrx_word' id='word_1_179' title='bbox 1057 1817 1091 1855; x_wconf 87' lang='lat' dir='ltr'><strong>ac</strong></span> <span class='ocrx_word' id='word_1_180' title='bbox 1110 1795 1193 1855; x_wconf 79' lang='lat' dir='ltr'><strong>cives</strong></span> <span class='ocrx_word' id='word_1_181' title='bbox 1208 1814 1314 1874; x_wconf 76' lang='lat' dir='ltr'><strong>repre·</strong></span> <span class='ocrx_word' id='word_1_182' title='bbox 1336 1816 1347 1823; x_wconf 93' lang='lat'><em>·</em></span> 
     </span>
     <span class='ocr_line' id='line_1_20' title="bbox 142 1838 1318 1959; baseline -0.002 -20"><span class='ocrx_word' id='word_1_183' title='bbox 142 1880 282 1952; x_wconf 86' lang='lat' dir='ltr'><strong>hendit,</strong></span> <span class='ocrx_word' id='word_1_184' title='bbox 296 1879 349 1959; x_wconf 94' lang='lat' dir='ltr'><strong>qui</strong></span> <span class='ocrx_word' id='word_1_185' title='bbox 368 1881 606 1955; x_wconf 86' lang='lat' dir='ltr'><strong>concessissent,</strong></span> <span class='ocrx_word' id='word_1_186' title='bbox 635 1882 719 1941; x_wconf 88' lang='lat' dir='ltr'><strong>utin</strong></span> <span class='ocrx_word' id='word_1_187' title='bbox 737 1838 856 1947; x_wconf 78' lang='lat' dir='ltr'><strong>lheatno</strong></span> <span class='ocrx_word' id='word_1_188' title='bbox 877 1901 989 1941; x_wconf 86' lang='lat' dir='ltr'><strong>corona</strong></span> <span class='ocrx_word' id='word_1_189' title='bbox 1005 1878 1224 1943; x_wconf 83' lang='lat' dir='ltr'><strong>Demosthenis</strong></span> <span class='ocrx_word' id='word_1_190' title='bbox 1242 1898 1318 1958; x_wconf 89' lang='lat' dir='ltr'><strong>pro</strong></span> 
     </span>
     <span class='ocr_line' id='line_1_21' title="bbox 142 1963 1318 2049; baseline -0.003 -24"><span class='ocrx_word' id='word_1_191' title='bbox 142 1965 353 2031; x_wconf 85' lang='lat' dir='ltr'><strong>nunciaretur.</strong></span> <span class='ocrx_word' id='word_1_192' title='bbox 363 1966 465 2026; x_wconf 87' lang='lat' dir='ltr'><strong>Tertia</strong></span> <span class='ocrx_word' id='word_1_193' title='bbox 484 1966 532 2027; x_wconf 85' lang='lat' dir='ltr'><strong>lex</strong></span> <span class='ocrx_word' id='word_1_194' title='bbox 550 1968 587 2026; x_wconf 81' lang='lat' dir='ltr'><strong>ad</strong></span> <span class='ocrx_word' id='word_1_195' title='bbox 604 1967 707 2027; x_wconf 89' lang='lat' dir='ltr'><strong>totius</strong></span> <span class='ocrx_word' id='word_1_196' title='bbox 718 1967 796 2028; x_wconf 91' lang='lat' dir='ltr'><strong>vitae</strong></span> <span class='ocrx_word' id='word_1_197' title='bbox 812 1979 843 2026; x_wconf 90' lang='lat' dir='ltr'><strong>ct</strong></span> <span class='ocrx_word' id='word_1_198' title='bbox 854 1979 959 2049; x_wconf 78' lang='lat' dir='ltr'><strong>gestae</strong></span> <span class='ocrx_word' id='word_1_199' title='bbox 977 1965 1178 2047; x_wconf 86' lang='lat' dir='ltr'><strong>reipublicae</strong></span> <span class='ocrx_word' id='word_1_200' title='bbox 1181 1963 1318 2024; x_wconf 77' lang='lat' dir='ltr'><strong>refertur</strong></span> 
     </span>
     <span class='ocr_line' id='line_1_22' title="bbox 111 2050 1316 2151; baseline -0.002 -40"><span class='ocrx_word' id='word_1_201' title='bbox 111 2127 116 2137; x_wconf 35' lang='grc' dir='ltr'><em>Ι</em></span> <span class='ocrx_word' id='word_1_202' title='bbox 142 2050 379 2151; x_wconf 82' lang='lat' dir='ltr'><strong>inquisitionem.</strong></span> <span class='ocrx_word' id='word_1_203' title='bbox 415 2055 507 2112; x_wconf 85' lang='lat' dir='ltr'><strong>Vetat</strong></span> <span class='ocrx_word' id='word_1_204' title='bbox 526 2052 623 2125; x_wconf 90' lang='lat' dir='ltr'><strong>enim,</strong></span> <span class='ocrx_word' id='word_1_205' title='bbox 650 2073 690 2112; x_wconf 88' lang='lat' dir='ltr'><strong>ne</strong></span> <span class='ocrx_word' id='word_1_206' title='bbox 707 2074 842 2132; x_wconf 87' lang='lat' dir='ltr'><strong>unquam</strong></span> <span class='ocrx_word' id='word_1_207' title='bbox 868 2050 959 2111; x_wconf 80' lang='lat' dir='ltr'><strong>falsae</strong></span> <span class='ocrx_word' id='word_1_208' title='bbox 986 2050 1117 2112; x_wconf 87' lang='lat' dir='ltr'><strong>literae</strong></span> <span class='ocrx_word' id='word_1_209' title='bbox 1109 2073 1141 2133; x_wconf 88' lang='grc' dir='ltr'><strong>ιιι</strong></span> <span class='ocrx_word' id='word_1_210' title='bbox 1159 2051 1316 2115; x_wconf 78' lang='grc' dir='ltr'><strong>Μοιιοιιιιι</strong></span> 
     </span>
     <span class='ocr_line' id='line_1_23' title="bbox 113 2129 1319 2220; baseline -0.005 -21"><span class='ocrx_word' id='word_1_211' title='bbox 113 2191 117 2199; x_wconf 38' lang='lat' dir='ltr'><strong>s</strong></span> <span class='ocrx_word' id='word_1_212' title='bbox 141 2135 263 2220; x_wconf 84' lang='lat' dir='ltr'><strong>(aedem</strong></span> <span class='ocrx_word' id='word_1_213' title='bbox 281 2137 385 2200; x_wconf 88' lang='lat' dir='ltr'><strong>matris</strong></span> <span class='ocrx_word' id='word_1_214' title='bbox 396 2132 512 2220; x_wconf 76' lang='lat' dir='ltr'><strong>delum)</strong></span> <span class='ocrx_word' id='word_1_215' title='bbox 519 2137 701 2217; x_wconf 75' lang='lat' dir='ltr'><strong>reserantur,</strong></span> <span class='ocrx_word' id='word_1_216' title='bbox 717 2138 772 2197; x_wconf 94' lang='lat' dir='ltr'><strong>ubi</strong></span> <span class='ocrx_word' id='word_1_217' title='bbox 787 2136 975 2198; x_wconf 85' lang='lat' dir='ltr'><strong>suntomnia</strong></span> <span class='ocrx_word' id='word_1_218' title='bbox 992 2136 1113 2217; x_wconf 88' lang='lat' dir='ltr'><strong>publica</strong></span> <span class='ocrx_word' id='word_1_219' title='bbox 1130 2129 1319 2201; x_wconf 80' lang='lat' dir='ltr'><strong>monumen</strong></span> 
     </span>
     <span class='ocr_line' id='line_1_24' title="bbox 109 2219 1342 2305; baseline -0.003 -23"><span class='ocrx_word' id='word_1_220' title='bbox 109 2287 112 2291; x_wconf 59' lang='grc'><em>,</em></span> <span class='ocrx_word' id='word_1_221' title='bbox 143 2236 180 2282; x_wconf 89' lang='grc' dir='ltr'><strong>ιι.</strong></span> <span class='ocrx_word' id='word_1_222' title='bbox 199 2222 346 2283; x_wconf 77' lang='lat' dir='ltr'><strong>Mentitus</strong></span> <span class='ocrx_word' id='word_1_223' title='bbox 360 2235 471 2296; x_wconf 89' lang='lat' dir='ltr'><strong>autem,</strong></span> <span class='ocrx_word' id='word_1_224' title='bbox 490 2222 600 2302; x_wconf 87' lang='lat' dir='ltr'><strong>inquit,</strong></span> <span class='ocrx_word' id='word_1_225' title='bbox 619 2236 675 2295; x_wconf 89' lang='lat' dir='ltr'><strong>est,</strong></span> <span class='ocrx_word' id='word_1_226' title='bbox 692 2223 879 2289; x_wconf 75' lang='lat' dir='ltr'><strong>testificanda</strong></span> <span class='ocrx_word' id='word_1_227' title='bbox 893 2221 1109 2282; x_wconf 74' lang='lat' dir='ltr'><strong>Demosthenis</strong></span> <span class='ocrx_word' id='word_1_228' title='bbox 1125 2219 1316 2285; x_wconf 68' lang='lat' dir='ltr'><strong>beneuolen</strong></span> <span class='ocrx_word' id='word_1_229' title='bbox 1330 2296 1342 2305; x_wconf 43' lang='lat'><strong>·</strong></span> 
     </span>
    </p>

    <p class='ocr_par' dir='ltr' id='par_1_6' title="bbox 43 2306 1333 2390">
     <span class='ocr_line' id='line_1_25' title="bbox 43 2306 1333 2390; baseline -0.003 -23"><span class='ocrx_word' id='word_1_230' title='bbox 43 2378 45 2382; x_wconf 17' lang='lat' dir='ltr'>v</span> <span class='ocrx_word' id='word_1_231' title='bbox 143 2307 185 2367; x_wconf 82' lang='lat' dir='ltr'><strong>tia</strong></span> <span class='ocrx_word' id='word_1_232' title='bbox 203 2320 234 2367; x_wconf 91' lang='lat' dir='ltr'><strong>et</strong></span> <span class='ocrx_word' id='word_1_233' title='bbox 252 2307 370 2367; x_wconf 86' lang='lat' dir='ltr'><strong>studio:</strong></span> <span class='ocrx_word' id='word_1_234' title='bbox 383 2352 386 2359; x_wconf 85' lang='lat'>-</span> <span class='ocrx_word' id='word_1_235' title='bbox 400 2331 469 2368; x_wconf 92' lang='lat' dir='ltr'><strong>cum</strong></span> <span class='ocrx_word' id='word_1_236' title='bbox 487 2308 512 2367; x_wconf 88' lang='lat' dir='ltr'><strong>is</strong></span> <span class='ocrx_word' id='word_1_237' title='bbox 530 2309 607 2367; x_wconf 91' lang='lat' dir='ltr'><strong>male</strong></span> <span class='ocrx_word' id='word_1_238' title='bbox 625 2308 703 2367; x_wconf 80' lang='lat' dir='ltr'><strong>velle</strong></span> <span class='ocrx_word' id='word_1_239' title='bbox 722 2309 827 2390; x_wconf 89' lang='lat' dir='ltr'><strong>potius</strong></span> <span class='ocrx_word' id='word_1_240' title='bbox 844 2321 875 2367; x_wconf 89' lang='lat' dir='ltr'><strong>et</strong></span> <span class='ocrx_word' id='word_1_241' title='bbox 892 2307 989 2367; x_wconf 85' lang='lat' dir='ltr'><strong>hostis</strong></span> <span class='ocrx_word' id='word_1_242' title='bbox 1007 2327 1078 2367; x_wconf 85' lang='lat' dir='ltr'><strong>esse</strong></span> <span class='ocrx_word' id='word_1_243' title='bbox 1091 2306 1205 2386; x_wconf 88' lang='lat' dir='ltr'><strong>patriae</strong></span> <span class='ocrx_word' id='word_1_244' title='bbox 1225 2325 1333 2386; x_wconf 41' lang='lat' dir='ltr'><strong>repes·</strong></span> 
     </span>
    </p>

    <p class='ocr_par' dir='ltr' id='par_1_7' title="bbox 68 2391 1346 2900">
     <span class='ocr_line' id='line_1_26' title="bbox 68 2391 1315 2475; baseline -0.002 -24"><span class='ocrx_word' id='word_1_245' title='bbox 68 2444 70 2449; x_wconf 89' lang='lat'><em>.</em></span> <span class='ocrx_word' id='word_1_246' title='bbox 98 2468 101 2473; x_wconf 23' lang='grc'>1</span> <span class='ocrx_word' id='word_1_247' title='bbox 143 2394 246 2453; x_wconf 83' lang='grc' dir='ltr'><strong>ιιιιοι,</strong></span> <span class='ocrx_word' id='word_1_248' title='bbox 280 2393 345 2452; x_wconf 89' lang='lat' dir='ltr'><strong>Hac</strong></span> <span class='ocrx_word' id='word_1_249' title='bbox 363 2394 452 2452; x_wconf 88' lang='lat' dir='ltr'><strong>tertia</strong></span> <span class='ocrx_word' id='word_1_250' title='bbox 469 2393 555 2475; x_wconf 79' lang='lat' dir='ltr'><strong>lege,</strong></span> <span class='ocrx_word' id='word_1_251' title='bbox 574 2416 663 2472; x_wconf 89' lang='lat' dir='ltr'><strong>quam</strong></span> <span class='ocrx_word' id='word_1_252' title='bbox 683 2415 719 2452; x_wconf 82' lang='lat' dir='ltr'><strong>ex</strong></span> <span class='ocrx_word' id='word_1_253' title='bbox 736 2417 794 2453; x_wconf 91' lang='lat' dir='ltr'><strong>usu</strong></span> <span class='ocrx_word' id='word_1_254' title='bbox 811 2414 868 2453; x_wconf 90' lang='lat' dir='ltr'><strong>suo</strong></span> <span class='ocrx_word' id='word_1_255' title='bbox 888 2414 953 2453; x_wconf 88' lang='lat' dir='ltr'><strong>esse</strong></span> <span class='ocrx_word' id='word_1_256' title='bbox 972 2391 1090 2452; x_wconf 87' lang='lat' dir='ltr'><strong>videret</strong></span> <span class='ocrx_word' id='word_1_257' title='bbox 1108 2403 1315 2464; x_wconf 65' lang='grc' dir='ltr'><strong>οιιιοιιιιιι-</strong></span> 
     </span>
     <span class='ocr_line' id='line_1_27' title="bbox 144 2477 1346 2560; baseline -0.004 -22"><span class='ocrx_word' id='word_1_258' title='bbox 144 2501 234 2559; x_wconf 85' lang='lat' dir='ltr'><strong>quam</strong></span> <span class='ocrx_word' id='word_1_259' title='bbox 248 2478 356 2538; x_wconf 79' lang='lat' dir='ltr'><strong>ancora</strong></span> <span class='ocrx_word' id='word_1_260' title='bbox 366 2480 500 2558; x_wconf 59' lang='lat' dir='ltr'><strong>tquadnm</strong></span> <span class='ocrx_word' id='word_1_261' title='bbox 516 2479 674 2559; x_wconf 84' lang='lat' dir='ltr'><strong>prehensa,</strong></span> <span class='ocrx_word' id='word_1_262' title='bbox 687 2479 848 2560; x_wconf 69' lang='lat' dir='ltr'><strong>prostrauit</strong></span> <span class='ocrx_word' id='word_1_263' title='bbox 861 2478 988 2539; x_wconf 86' lang='lat' dir='ltr'><strong>velutin</strong></span> <span class='ocrx_word' id='word_1_264' title='bbox 1002 2479 1083 2538; x_wconf 90' lang='lat' dir='ltr'><strong>lucta</strong></span> <span class='ocrx_word' id='word_1_265' title='bbox 1097 2477 1316 2547; x_wconf 76' lang='lat' dir='ltr'><strong>aduersarium,</strong></span> <span class='ocrx_word' id='word_1_266' title='bbox 1342 2490 1346 2497; x_wconf 87' lang='lat'>&#39;</span> 
     </span>
     <span class='ocr_line' id='line_1_28' title="bbox 143 2561 1315 2645; baseline -0.004 -21"><span class='ocrx_word' id='word_1_267' title='bbox 143 2564 270 2624; x_wconf 84' lang='lat' dir='ltr'><strong>artificio</strong></span> <span class='ocrx_word' id='word_1_268' title='bbox 296 2563 328 2621; x_wconf 88' lang='lat' dir='ltr'><strong>in</strong></span> <span class='ocrx_word' id='word_1_269' title='bbox 353 2577 558 2624; x_wconf 84' lang='lat' dir='ltr'><strong>accusatorem</strong></span> <span class='ocrx_word' id='word_1_270' title='bbox 584 2564 783 2624; x_wconf 87' lang='lat' dir='ltr'><strong>solertissimo</strong></span> <span class='ocrx_word' id='word_1_271' title='bbox 809 2585 882 2625; x_wconf 84' lang='lat' dir='ltr'><strong>usus</strong></span> <span class='ocrx_word' id='word_1_272' title='bbox 902 2577 933 2622; x_wconf 89' lang='lat' dir='ltr'><strong>et</strong></span> <span class='ocrx_word' id='word_1_273' title='bbox 957 2562 1211 2645; x_wconf 58' lang='lat' dir='ltr'><strong>prudentissimo„</strong></span> <span class='ocrx_word' id='word_1_274' title='bbox 1239 2561 1315 2620; x_wconf 90' lang='lat' dir='ltr'><strong>lnde</strong></span> 
     </span>
     <span class='ocr_line' id='line_1_29' title="bbox 144 2647 1313 2730; baseline -0.004 -21"><span class='ocrx_word' id='word_1_275' title='bbox 144 2649 225 2709; x_wconf 84' lang='lat' dir='ltr'><strong>enim</strong></span> <span class='ocrx_word' id='word_1_276' title='bbox 244 2670 345 2708; x_wconf 88' lang='lat' dir='ltr'><strong>ansam</strong></span> <span class='ocrx_word' id='word_1_277' title='bbox 364 2648 470 2709; x_wconf 87' lang='lat' dir='ltr'><strong>habuit</strong></span> <span class='ocrx_word' id='word_1_278' title='bbox 487 2650 626 2730; x_wconf 87' lang='lat' dir='ltr'><strong>capiendi</strong></span> <span class='ocrx_word' id='word_1_279' title='bbox 640 2663 671 2710; x_wconf 90' lang='lat' dir='ltr'><strong>et</strong></span> <span class='ocrx_word' id='word_1_280' title='bbox 680 2648 856 2709; x_wconf 86' lang='lat' dir='ltr'><strong>debellandi</strong></span> <span class='ocrx_word' id='word_1_281' title='bbox 874 2647 978 2711; x_wconf 91' lang='lat' dir='ltr'><strong>hostis</strong></span> <span class='ocrx_word' id='word_1_282' title='bbox 996 2649 1072 2706; x_wconf 88' lang='lat' dir='ltr'><strong>Nam</strong></span> <span class='ocrx_word' id='word_1_283' title='bbox 1087 2661 1219 2711; x_wconf 79' lang='lat' dir='ltr'><strong>caeteras</strong></span> <span class='ocrx_word' id='word_1_284' title='bbox 1237 2647 1313 2715; x_wconf 84' lang='lat' dir='ltr'><strong>duas</strong></span> 
     </span>
     <span class='ocr_line' id='line_1_30' title="bbox 142 2731 1315 2833; baseline -0.005 -38"><span class='ocrx_word' id='word_1_285' title='bbox 142 2735 243 2817; x_wconf 84' lang='lat' dir='ltr'><strong>leges,</strong></span> <span class='ocrx_word' id='word_1_286' title='bbox 262 2747 327 2794; x_wconf 86' lang='lat' dir='ltr'><strong>tum</strong></span> <span class='ocrx_word' id='word_1_287' title='bbox 346 2755 430 2806; x_wconf 78' lang='lat' dir='ltr'><strong>eant,</strong></span> <span class='ocrx_word' id='word_1_288' title='bbox 455 2755 532 2833; x_wconf 78' lang='lat' dir='ltr'><strong>quae</strong></span> <span class='ocrx_word' id='word_1_289' title='bbox 551 2748 597 2795; x_wconf 89' lang='lat' dir='ltr'><strong>est</strong></span> <span class='ocrx_word' id='word_1_290' title='bbox 615 2737 653 2795; x_wconf 91' lang='lat' dir='ltr'><strong>de</strong></span> <span class='ocrx_word' id='word_1_291' title='bbox 671 2735 828 2807; x_wconf 78' lang='lat' dir='ltr'><strong>obnoxiis,</strong></span> <span class='ocrx_word' id='word_1_292' title='bbox 855 2741 929 2794; x_wconf 81' lang='lat' dir='ltr'><strong>turn</strong></span> <span class='ocrx_word' id='word_1_293' title='bbox 938 2734 1061 2795; x_wconf 88' lang='lat' dir='ltr'><strong>alteram</strong></span> <span class='ocrx_word' id='word_1_294' title='bbox 1081 2734 1118 2793; x_wconf 91' lang='lat' dir='ltr'><strong>de</strong></span> <span class='ocrx_word' id='word_1_295' title='bbox 1137 2731 1315 2819; x_wconf 82' lang='lat' dir='ltr'><strong>praeeomo,</strong></span> 
     </span>
     <span class='ocr_line' id='line_1_31' title="bbox 143 2808 1312 2900; baseline -0.006 -19"><span class='ocrx_word' id='word_1_296' title='bbox 143 2821 176 2881; x_wconf 89' lang='lat' dir='ltr'><strong>in</strong></span> <span class='ocrx_word' id='word_1_297' title='bbox 193 2820 329 2879; x_wconf 85' lang='lat' dir='ltr'><strong>medium</strong></span> <span class='ocrx_word' id='word_1_298' title='bbox 354 2819 500 2879; x_wconf 86' lang='lat' dir='ltr'><strong>orationis</strong></span> <span class='ocrx_word' id='word_1_299' title='bbox 527 2820 655 2893; x_wconf 88' lang='lat' dir='ltr'><strong>abiecit,</strong></span> <span class='ocrx_word' id='word_1_300' title='bbox 680 2833 754 2886; x_wconf 91' lang='lat' dir='ltr'><strong>arte</strong></span> <span class='ocrx_word' id='word_1_301' title='bbox 771 2819 965 2900; x_wconf 70' lang='lat' dir='ltr'><strong>imperatorin</strong></span> <span class='ocrx_word' id='word_1_302' title='bbox 985 2819 1102 2900; x_wconf 86' lang='lat' dir='ltr'><strong>ignavis</strong></span> <span class='ocrx_word' id='word_1_303' title='bbox 1127 2818 1160 2879; x_wconf 88' lang='lat' dir='ltr'><strong>in</strong></span> <span class='ocrx_word' id='word_1_304' title='bbox 1177 2808 1312 2876; x_wconf 82' lang='lat' dir='ltr'><strong>medium</strong></span> 
     </span>
    </p>

    <p class='ocr_par' dir='ltr' id='par_1_8' title="bbox 52 2901 1358 3243">
     <span class='ocr_line' id='line_1_32' title="bbox 52 2901 1337 2984; baseline -0.004 -19"><span class='ocrx_word' id='word_1_305' title='bbox 52 2966 57 2983; x_wconf 66' lang='lat'><strong>,</strong></span> <span class='ocrx_word' id='word_1_306' title='bbox 144 2903 324 2984; x_wconf 87' lang='lat' dir='ltr'><strong>compulsis,</strong></span> <span class='ocrx_word' id='word_1_307' title='bbox 351 2918 383 2964; x_wconf 91' lang='lat' dir='ltr'><strong>et</strong></span> <span class='ocrx_word' id='word_1_308' title='bbox 399 2904 588 2967; x_wconf 86' lang='lat' dir='ltr'><strong>fortissima&#39;</strong></span> <span class='ocrx_word' id='word_1_309' title='bbox 579 2928 611 2965; x_wconf 90' lang='grc' dir='ltr'><strong>ιιι</strong></span> <span class='ocrx_word' id='word_1_310' title='bbox 636 2906 775 2965; x_wconf 82' lang='lat' dir='ltr'><strong>extremis</strong></span> <span class='ocrx_word' id='word_1_311' title='bbox 795 2917 851 2965; x_wconf 89' lang='lat' dir='ltr'><strong>est</strong></span> <span class='ocrx_word' id='word_1_312' title='bbox 848 2927 929 2965; x_wconf 89' lang='lat' dir='ltr'><strong>usus</strong></span> <span class='ocrx_word' id='word_1_313' title='bbox 948 2904 986 2965; x_wconf 89' lang='lat' dir='ltr'><strong>ad</strong></span> <span class='ocrx_word' id='word_1_314' title='bbox 1012 2904 1198 2964; x_wconf 86' lang='lat' dir='ltr'><strong>caeterarum</strong></span> <span class='ocrx_word' id='word_1_315' title='bbox 1215 2901 1311 2961; x_wconf 86' lang='lat' dir='ltr'><strong>imbe-</strong></span> <span class='ocrx_word' id='word_1_316' title='bbox 1335 2926 1337 2931; x_wconf 65' lang='grc'><em>’</em></span> 
     </span>
     <span class='ocr_line' id='line_1_33' title="bbox 143 2987 1312 3072; baseline -0.003 -21.997"><span class='ocrx_word' id='word_1_317' title='bbox 143 2988 298 3050; x_wconf 82' lang='lat' dir='ltr'><strong>&#39;cillitatem</strong></span> <span class='ocrx_word' id='word_1_318' title='bbox 316 2990 461 3070; x_wconf 89' lang='lat' dir='ltr'><strong>utrinque</strong></span> <span class='ocrx_word' id='word_1_319' title='bbox 480 2989 679 3053; x_wconf 82' lang='lat' dir='ltr'><strong>fulciendam.-</strong></span> <span class='ocrx_word' id='word_1_320' title='bbox 689 2990 774 3066; x_wconf 83' lang='lat' dir='ltr'><strong>Quin</strong></span> <span class='ocrx_word' id='word_1_321' title='bbox 793 2991 878 3051; x_wconf 87' lang='lat' dir='ltr'><strong>etad</strong></span> <span class='ocrx_word' id='word_1_322' title='bbox 896 2989 1057 3050; x_wconf 88' lang='lat' dir='ltr'><strong>utilitatem</strong></span> <span class='ocrx_word' id='word_1_323' title='bbox 1076 2988 1187 3072; x_wconf 80' lang='lat' dir='ltr'><strong>dirigit</strong></span> <span class='ocrx_word' id='word_1_324' title='bbox 1198 2987 1312 3047; x_wconf 87' lang='grc' dir='ltr'><strong>οιιιίο</strong></span> 
     </span>
     <span class='ocr_line' id='line_1_34' title="bbox 144 3071 1346 3155; baseline -0.003 -21"><span class='ocrx_word' id='word_1_325' title='bbox 144 3097 224 3146; x_wconf 88' lang='lat' dir='ltr'><strong>nem,</strong></span> <span class='ocrx_word' id='word_1_326' title='bbox 244 3089 274 3135; x_wconf 89' lang='lat' dir='ltr'><strong>et</strong></span> <span class='ocrx_word' id='word_1_327' title='bbox 291 3088 387 3137; x_wconf 89' lang='lat' dir='ltr'><strong>artem</strong></span> <span class='ocrx_word' id='word_1_328' title='bbox 401 3077 512 3135; x_wconf 85' lang='lat' dir='ltr'><strong>callide</strong></span> <span class='ocrx_word' id='word_1_329' title='bbox 531 3076 706 3154; x_wconf 82' lang='lat' dir='ltr'><strong>dissimulat</strong></span> <span class='ocrx_word' id='word_1_330' title='bbox 732 3073 811 3135; x_wconf 87' lang='lat' dir='ltr'><strong>Cum</strong></span> <span class='ocrx_word' id='word_1_331' title='bbox 829 3076 959 3137; x_wconf 86' lang='lat' dir='ltr'><strong>enimin</strong></span> <span class='ocrx_word' id='word_1_332' title='bbox 978 3075 1128 3155; x_wconf 88' lang='lat' dir='ltr'><strong>principio</strong></span> <span class='ocrx_word' id='word_1_333' title='bbox 1142 3071 1312 3155; x_wconf 72' lang='lat' dir='ltr'><strong>praeterire</strong></span> <span class='ocrx_word' id='word_1_334' title='bbox 1343 3110 1346 3115; x_wconf 67' lang='grc'><em>»</em></span> 
     </span>
     <span class='ocr_line' id='line_1_35' title="bbox 143 3146 1358 3260; baseline -0.002 -40"><span class='ocrx_word' id='word_1_335' title='bbox 143 3159 313 3260; x_wconf 81' lang='lat' dir='ltr'><strong>legitimum</strong></span> <span class='ocrx_word' id='word_1_336' title='bbox 332 3174 423 3241; x_wconf 88' lang='lat' dir='ltr'><strong>caput</strong></span> <span class='ocrx_word' id='word_1_337' title='bbox 439 3161 593 3234; x_wconf 84' lang='lat' dir='ltr'><strong>videatur,</strong></span> <span class='ocrx_word' id='word_1_338' title='bbox 619 3146 675 3222; x_wconf 87' lang='lat' dir='ltr'><strong>alia</strong></span> <span class='ocrx_word' id='word_1_339' title='bbox 693 3161 812 3221; x_wconf 89' lang='lat' dir='ltr'><strong>ratione</strong></span> <span class='ocrx_word' id='word_1_340' title='bbox 837 3161 1008 3242; x_wconf 81' lang='lat' dir='ltr'><strong>legitimum</strong></span> <span class='ocrx_word' id='word_1_341' title='bbox 1033 3159 1165 3220; x_wconf 89' lang='lat' dir='ltr'><strong>adhibet.</strong></span> <span class='ocrx_word' id='word_1_342' title='bbox 1198 3159 1323 3240; x_wconf 82' lang='lat' dir='ltr'><strong>Legem¹</strong></span> <span class='ocrx_word' id='word_1_343' title='bbox 1351 3192 1358 3203; x_wconf 58' lang='grc' dir='ltr'><strong>ι</strong></span> 
     </span>
    </p>

    <p class='ocr_par' dir='ltr' id='par_1_9' title="bbox 36 3244 1357 3669">
     <span class='ocr_line' id='line_1_36' title="bbox 36 3244 1313 3325; baseline -0.005 -19"><span class='ocrx_word' id='word_1_344' title='bbox 36 3288 45 3295; x_wconf 93' lang='grc'>-</span> <span class='ocrx_word' id='word_1_345' title='bbox 138 3245 226 3306; x_wconf 83' lang='lat' dir='ltr'><strong>‘enim</strong></span> <span class='ocrx_word' id='word_1_346' title='bbox 238 3246 384 3306; x_wconf 78' lang='lat' dir='ltr'><strong>recitarat</strong></span> <span class='ocrx_word' id='word_1_347' title='bbox 396 3246 563 3307; x_wconf 81' lang='lat' dir='ltr'><strong>Aeschmes</strong></span> <span class='ocrx_word' id='word_1_348' title='bbox 579 3249 616 3308; x_wconf 92' lang='lat' dir='ltr'><strong>de</strong></span> <span class='ocrx_word' id='word_1_349' title='bbox 634 3247 755 3307; x_wconf 86' lang='lat' dir='ltr'><strong>coronis</strong></span> <span class='ocrx_word' id='word_1_350' title='bbox 774 3247 891 3306; x_wconf 83' lang='lat' dir='ltr'><strong>falsam:</strong></span> <span class='ocrx_word' id='word_1_351' title='bbox 911 3246 1050 3306; x_wconf 80' lang='lat' dir='ltr'><strong>cnidum</strong></span> <span class='ocrx_word' id='word_1_352' title='bbox 1062 3244 1230 3325; x_wconf 87' lang='lat' dir='ltr'><strong>respondet</strong></span> <span class='ocrx_word' id='word_1_353' title='bbox 1244 3262 1313 3301; x_wconf 88' lang='lat' dir='ltr'><strong>ora-</strong></span> 
     </span>
     <span class='ocr_line' id='line_1_37' title="bbox 141 3326 1357 3412; baseline -0.004 -21.996"><span class='ocrx_word' id='word_1_354' title='bbox 141 3343 207 3404; x_wconf 87' lang='lat' dir='ltr'><strong>tor,</strong></span> <span class='ocrx_word' id='word_1_355' title='bbox 235 3332 425 3391; x_wconf 82' lang='lat' dir='ltr'><strong>occasionem</strong></span> <span class='ocrx_word' id='word_1_356' title='bbox 443 3331 567 3392; x_wconf 85' lang='lat' dir='ltr'><strong>invenit</strong></span> <span class='ocrx_word' id='word_1_357' title='bbox 576 3333 609 3392; x_wconf 92' lang='lat' dir='ltr'><strong>in</strong></span> <span class='ocrx_word' id='word_1_358' title='bbox 626 3331 760 3395; x_wconf 77' lang='lat' dir='ltr'><strong>mediuin</strong></span> <span class='ocrx_word' id='word_1_359' title='bbox 777 3331 954 3412; x_wconf 73' lang='lat' dir='ltr'><strong>proferendi</strong></span> <span class='ocrx_word' id='word_1_360' title='bbox 973 3345 1037 3391; x_wconf 87' lang='lat' dir='ltr'><strong>acta</strong></span> <span class='ocrx_word' id='word_1_361' title='bbox 1055 3353 1108 3390; x_wconf 89' lang='lat' dir='ltr'><strong>sua</strong></span> <span class='ocrx_word' id='word_1_362' title='bbox 1126 3330 1159 3388; x_wconf 89' lang='lat' dir='ltr'><strong>in</strong></span> <span class='ocrx_word' id='word_1_363' title='bbox 1175 3326 1312 3409; x_wconf 86' lang='lat' dir='ltr'><strong>republi-</strong></span> <span class='ocrx_word' id='word_1_364' title='bbox 1344 3360 1357 3375; x_wconf 86' lang='lat'><strong>·-</strong></span> 
     </span>
     <span class='ocr_line' id='line_1_38' title="bbox 143 3410 1315 3499; baseline -0.003 -23"><span class='ocrx_word' id='word_1_365' title='bbox 143 3439 177 3492; x_wconf 83' lang='lat' dir='ltr'><strong>ca</strong></span> <span class='ocrx_word' id='word_1_366' title='bbox 196 3429 226 3476; x_wconf 91' lang='lat' dir='ltr'><strong>et</strong></span> <span class='ocrx_word' id='word_1_367' title='bbox 244 3416 381 3498; x_wconf 83' lang='lat' dir='ltr'><strong>legitimo</strong></span> <span class='ocrx_word' id='word_1_368' title='bbox 407 3419 580 3499; x_wconf 83' lang='lat' dir='ltr'><strong>pugnandi.</strong></span> <span class='ocrx_word' id='word_1_369' title='bbox 601 3420 660 3478; x_wconf 86' lang='lat' dir='ltr'><strong>Ae</strong></span> <span class='ocrx_word' id='word_1_370' title='bbox 679 3418 824 3478; x_wconf 80' lang='lat' dir='ltr'><strong>orationis</strong></span> <span class='ocrx_word' id='word_1_371' title='bbox 852 3417 1011 3498; x_wconf 85' lang='lat' dir='ltr'><strong>dispositio</strong></span> <span class='ocrx_word' id='word_1_372' title='bbox 1030 3415 1099 3476; x_wconf 89' lang='lat' dir='ltr'><strong>talis</strong></span> <span class='ocrx_word' id='word_1_373' title='bbox 1118 3428 1170 3474; x_wconf 88' lang='lat' dir='ltr'><strong>est.</strong></span> <span class='ocrx_word' id='word_1_374' title='bbox 1213 3410 1315 3492; x_wconf 86' lang='lat' dir='ltr'><strong>Caput</strong></span> 
     </span>
     <span class='ocr_line' id='line_1_39' title="bbox 141 3500 1350 3603; baseline -0.006 -41"><span class='ocrx_word' id='word_1_375' title='bbox 141 3513 244 3562; x_wconf 87' lang='lat' dir='ltr'><strong>autem</strong></span> <span class='ocrx_word' id='word_1_376' title='bbox 258 3503 381 3583; x_wconf 78' lang='lat' dir='ltr'><strong>lirinum</strong></span> <span class='ocrx_word' id='word_1_377' title='bbox 397 3500 693 3576; x_wconf 86' lang='lat' dir='ltr'><strong>hahetAeschines,</strong></span> <span class='ocrx_word' id='word_1_378' title='bbox 721 3503 905 3603; x_wconf 83' lang='lat' dir='ltr'><strong>legitimum:</strong></span> <span class='ocrx_word' id='word_1_379' title='bbox 926 3515 1044 3585; x_wconf 82' lang='lat' dir='ltr'><strong>orator,</strong></span> <span class='ocrx_word' id='word_1_380' title='bbox 1068 3501 1197 3560; x_wconf 88' lang='lat' dir='ltr'><strong>iustum:</strong></span> <span class='ocrx_word' id='word_1_381' title='bbox 1227 3518 1313 3557; x_wconf 86' lang='lat' dir='ltr'><strong>com-</strong></span> <span class='ocrx_word' id='word_1_382' title='bbox 1333 3500 1350 3541; x_wconf 74' lang='lat'><strong>&#39;&#39;-</strong></span> 
     </span>
     <span class='ocr_line' id='line_1_40' title="bbox 142 3581 1315 3669; baseline -0.006 -23"><span class='ocrx_word' id='word_1_383' title='bbox 142 3608 234 3646; x_wconf 93' lang='lat' dir='ltr'><strong>mune</strong></span> <span class='ocrx_word' id='word_1_384' title='bbox 252 3609 290 3647; x_wconf 83' lang='lat' dir='ltr'><strong>ex</strong></span> <span class='ocrx_word' id='word_1_385' title='bbox 286 3609 403 3669; x_wconf 88' lang='lat' dir='ltr'><strong>aequo</strong></span> <span class='ocrx_word' id='word_1_386' title='bbox 426 3601 494 3663; x_wconf 88' lang='lat' dir='ltr'><strong>est,</strong></span> <span class='ocrx_word' id='word_1_387' title='bbox 520 3589 612 3662; x_wconf 86' lang='lat' dir='ltr'><strong>utile,</strong></span> <span class='ocrx_word' id='word_1_388' title='bbox 637 3590 726 3669; x_wconf 93' lang='lat' dir='ltr'><strong>quod</strong></span> <span class='ocrx_word' id='word_1_389' title='bbox 742 3610 806 3648; x_wconf 90' lang='grc' dir='ltr'><strong>ιιοιι</strong></span> <span class='ocrx_word' id='word_1_390' title='bbox 824 3589 865 3647; x_wconf 88' lang='lat' dir='ltr'><strong>in</strong></span> <span class='ocrx_word' id='word_1_391' title='bbox 883 3587 1070 3647; x_wconf 81' lang='lat' dir='ltr'><strong>manifestam</strong></span> <span class='ocrx_word' id='word_1_392' title='bbox 1089 3585 1174 3646; x_wconf 79' lang='lat' dir='ltr'><strong>uenit</strong></span> <span class='ocrx_word' id='word_1_393' title='bbox 1189 3581 1315 3662; x_wconf 90' lang='lat' dir='ltr'><strong>disqui-</strong></span> 
     </span>
    </p>

    <p class='ocr_par' dir='ltr' id='par_1_10' title="bbox 107 3669 1356 3924">
     <span class='ocr_line' id='line_1_41' title="bbox 107 3669 1322 3756; baseline -0.007 -23"><span class='ocrx_word' id='word_1_394' title='bbox 107 3670 291 3738; x_wconf 78' lang='lat' dir='ltr'><strong>,sitionem</strong></span> <span class='ocrx_word' id='word_1_395' title='bbox 326 3674 428 3733; x_wconf 86' lang='lat' dir='ltr'><strong>Status</strong></span> <span class='ocrx_word' id='word_1_396' title='bbox 446 3674 559 3754; x_wconf 87' lang='lat' dir='ltr'><strong>scripto</strong></span> <span class='ocrx_word' id='word_1_397' title='bbox 580 3686 736 3748; x_wconf 83' lang='lat' dir='ltr'><strong>constans,</strong></span> <span class='ocrx_word' id='word_1_398' title='bbox 762 3672 936 3756; x_wconf 80' lang='lat' dir='ltr'><strong>negotialis:</strong></span> <span class='ocrx_word' id='word_1_399' title='bbox 962 3672 1074 3753; x_wconf 90' lang='lat' dir='ltr'><strong>scripto</strong></span> <span class='ocrx_word' id='word_1_400' title='bbox 1094 3669 1175 3730; x_wconf 90' lang='lat' dir='ltr'><strong>enim</strong></span> <span class='ocrx_word' id='word_1_401' title='bbox 1195 3678 1322 3728; x_wconf 82' lang='lat' dir='ltr'><strong>constat</strong></span> 
     </span>
     <span class='ocr_line' id='line_1_42' title="bbox 123 3751 1316 3839; baseline -0.008 -21"><span class='ocrx_word' id='word_1_402' title='bbox 123 3759 445 3825; x_wconf 39' lang='lat' dir='ltr'><strong>,senatusconsultum</strong></span> <span class='ocrx_word' id='word_1_403' title='bbox 468 3754 685 3839; x_wconf 82' lang='lat' dir='ltr'><strong>Quamquam</strong></span> <span class='ocrx_word' id='word_1_404' title='bbox 688 3771 791 3833; x_wconf 85' lang='lat' dir='ltr'><strong>autem</strong></span> <span class='ocrx_word' id='word_1_405' title='bbox 807 3758 969 3832; x_wconf 80' lang='lat' dir='ltr'><strong>accusatio,</strong></span> <span class='ocrx_word' id='word_1_406' title='bbox 986 3757 1106 3818; x_wconf 79' lang='lat' dir='ltr'><strong>tinente</strong></span> <span class='ocrx_word' id='word_1_407' title='bbox 1124 3756 1223 3817; x_wconf 88' lang='lat' dir='ltr'><strong>adhuc</strong></span> <span class='ocrx_word' id='word_1_408' title='bbox 1242 3751 1316 3813; x_wconf 91' lang='lat' dir='ltr'><strong>Phi</strong></span> 
     </span>
     <span class='ocr_line' id='line_1_43' title="bbox 142 3837 1356 3925; baseline -0.004 -23"><span class='ocrx_word' id='word_1_409' title='bbox 142 3844 236 3924; x_wconf 89' lang='lat' dir='ltr'><strong>lippo,</strong></span> <span class='ocrx_word' id='word_1_410' title='bbox 267 3845 360 3906; x_wconf 84' lang='lat' dir='ltr'><strong>relata</strong></span> <span class='ocrx_word' id='word_1_411' title='bbox 385 3857 454 3907; x_wconf 90' lang='lat' dir='ltr'><strong>est:</strong></span> <span class='ocrx_word' id='word_1_412' title='bbox 490 3845 588 3904; x_wconf 88' lang='grc' dir='ltr'><strong>οιιιίο</strong></span> <span class='ocrx_word' id='word_1_413' title='bbox 619 3858 721 3925; x_wconf 74' lang='lat' dir='ltr'><strong>tamen</strong></span> <span class='ocrx_word' id='word_1_414' title='bbox 751 3842 852 3905; x_wconf 85' lang='lat' dir='ltr'><strong>habita</strong></span> <span class='ocrx_word' id='word_1_415' title='bbox 877 3856 908 3903; x_wconf 91' lang='lat' dir='ltr'><strong>et</strong></span> <span class='ocrx_word' id='word_1_416' title='bbox 940 3837 1088 3905; x_wconf 87' lang='lat' dir='ltr'><strong>iudicium</strong></span> <span class='ocrx_word' id='word_1_417' title='bbox 1115 3842 1229 3900; x_wconf 89' lang='lat' dir='ltr'><strong>sactum</strong></span> <span class='ocrx_word' id='word_1_418' title='bbox 1257 3849 1317 3910; x_wconf 87' lang='lat' dir='ltr'><strong>est,</strong></span> <span class='ocrx_word' id='word_1_419' title='bbox 1352 3848 1356 3853; x_wconf 86' lang='lat'>&#39;</span> 
     </span>
    </p>

    <p class='ocr_par' dir='ltr' id='par_1_11' title="bbox 58 3912 1318 4012">
     <span class='ocr_line' id='line_1_44' title="bbox 58 3912 1318 4012; baseline -0.006 -22"><span class='ocrx_word' id='word_1_420' title='bbox 58 3969 62 3975; x_wconf 90' lang='lat'><em>-</em></span> <span class='ocrx_word' id='word_1_421' title='bbox 141 3952 209 3996; x_wconf 84' lang='lat' dir='ltr'><strong>eum</strong></span> <span class='ocrx_word' id='word_1_422' title='bbox 227 3931 400 3995; x_wconf 77' lang='lat' dir='ltr'><strong>Alexander</strong></span> <span class='ocrx_word' id='word_1_423' title='bbox 415 3951 545 4012; x_wconf 81' lang='lat' dir='ltr'><strong>regnum</strong></span> <span class='ocrx_word' id='word_1_424' title='bbox 563 3912 752 4012; x_wconf 78' lang='lat' dir='ltr'><strong>suscepisset</strong></span> <span class='ocrx_word' id='word_1_425' title='bbox 773 3930 850 4000; x_wconf 84' lang='lat' dir='ltr'><strong>Nam</strong></span> <span class='ocrx_word' id='word_1_426' title='bbox 869 3941 1024 4010; x_wconf 90' lang='lat' dir='ltr'><strong>cumpost</strong></span> <span class='ocrx_word' id='word_1_427' title='bbox 1041 3926 1175 4007; x_wconf 90' lang='lat' dir='ltr'><strong>Philippi</strong></span> <span class='ocrx_word' id='word_1_428' title='bbox 1193 3925 1318 3986; x_wconf 87' lang='lat' dir='ltr'><strong>obitum</strong></span> 
     </span>
    </p>

    <p class='ocr_par' dir='ltr' id='par_1_12' title="bbox 59 4011 1357 4440">
     <span class='ocr_line' id='line_1_45' title="bbox 59 4011 1324 4097; baseline -0.009 -19"><span class='ocrx_word' id='word_1_429' title='bbox 59 4024 118 4084; x_wconf 86' lang='lat'><strong>144</strong></span> <span class='ocrx_word' id='word_1_430' title='bbox 142 4015 326 4097; x_wconf 84' lang='lat' dir='ltr'><strong>praesidium</strong></span> <span class='ocrx_word' id='word_1_431' title='bbox 339 4015 488 4087; x_wconf 78' lang='lat' dir='ltr'><strong>Thebani,</strong></span> <span class='ocrx_word' id='word_1_432' title='bbox 506 4029 603 4076; x_wconf 89' lang='lat' dir='ltr'><strong>sumta</strong></span> <span class='ocrx_word' id='word_1_433' title='bbox 621 4016 741 4087; x_wconf 85' lang='lat' dir='ltr'><strong>fiducia,</strong></span> <span class='ocrx_word' id='word_1_434' title='bbox 759 4013 934 4075; x_wconf 87' lang='lat' dir='ltr'><strong>eiecissent·</strong></span> <span class='ocrx_word' id='word_1_435' title='bbox 951 4012 1156 4085; x_wconf 78' lang='lat' dir='ltr'><strong>Alexander,</strong></span> <span class='ocrx_word' id='word_1_436' title='bbox 1152 4012 1184 4070; x_wconf 90' lang='lat' dir='ltr'><strong>id</strong></span> <span class='ocrx_word' id='word_1_437' title='bbox 1200 4011 1324 4094; x_wconf 81' lang='lat' dir='ltr'><strong>lactum</strong></span> 
     </span>
     <span class='ocr_line' id='line_1_46' title="bbox 141 4090 1317 4195; baseline -0.008 -32"><span class='ocrx_word' id='word_1_438' title='bbox 141 4102 189 4163; x_wconf 90' lang='lat' dir='ltr'><strong>sui</strong></span> <span class='ocrx_word' id='word_1_439' title='bbox 206 4114 397 4163; x_wconf 84' lang='lat' dir='ltr'><strong>contemtum</strong></span> <span class='ocrx_word' id='word_1_440' title='bbox 414 4090 627 4195; x_wconf 85' lang='lat' dir='ltr'><strong>interpretans,</strong></span> <span class='ocrx_word' id='word_1_441' title='bbox 644 4100 764 4167; x_wconf 80' lang='lat' dir='ltr'><strong>Thebas</strong></span> <span class='ocrx_word' id='word_1_442' title='bbox 783 4099 899 4160; x_wconf 82' lang='lat' dir='ltr'><strong>evertit</strong></span> <span class='ocrx_word' id='word_1_443' title='bbox 927 4100 1010 4171; x_wconf 83' lang='lat' dir='ltr'><strong>Post,</strong></span> <span class='ocrx_word' id='word_1_444' title='bbox 1028 4120 1097 4158; x_wconf 89' lang='lat' dir='ltr'><strong>cum</strong></span> <span class='ocrx_word' id='word_1_445' title='bbox 1115 4096 1186 4157; x_wconf 86' lang='lat' dir='ltr'><strong>lacti</strong></span> <span class='ocrx_word' id='word_1_446' title='bbox 1204 4095 1317 4177; x_wconf 89' lang='lat' dir='ltr'><strong>poeni-</strong></span> 
     </span>
     <span class='ocr_line' id='line_1_47' title="bbox 140 4170 1317 4268; baseline -0.007 -21"><span class='ocrx_word' id='word_1_447' title='bbox 140 4200 230 4262; x_wconf 86' lang='lat' dir='ltr'><strong>teret,</strong></span> <span class='ocrx_word' id='word_1_448' title='bbox 249 4187 390 4247; x_wconf 84' lang='lat' dir='ltr'><strong>Graecia</strong></span> <span class='ocrx_word' id='word_1_449' title='bbox 384 4208 466 4268; x_wconf 80' lang='lat' dir='ltr'><strong>prae</strong></span> <span class='ocrx_word' id='word_1_450' title='bbox 466 4170 666 4259; x_wconf 77' lang='lat' dir='ltr'><strong>verecundia</strong></span> <span class='ocrx_word' id='word_1_451' title='bbox 684 4185 811 4247; x_wconf 84' lang='lat' dir='ltr'><strong>excessit</strong></span> <span class='ocrx_word' id='word_1_452' title='bbox 822 4198 860 4245; x_wconf 82' lang='grc' dir='ltr'><strong>οι</strong></span> <span class='ocrx_word' id='word_1_453' title='bbox 874 4184 1099 4265; x_wconf 84' lang='lat' dir='ltr'><strong>expeditionem</strong></span> <span class='ocrx_word' id='word_1_454' title='bbox 1118 4196 1224 4243; x_wconf 81' lang='lat' dir='ltr'><strong>eontra</strong></span> <span class='ocrx_word' id='word_1_455' title='bbox 1239 4182 1317 4241; x_wconf 86' lang='lat' dir='ltr'><strong>Bar-</strong></span> 
     </span>
     <span class='ocr_line' id='line_1_48' title="bbox 140 4265 1357 4355; baseline -0.008 -22"><span class='ocrx_word' id='word_1_456' title='bbox 140 4272 240 4335; x_wconf 74' lang='lat' dir='ltr'><strong>beroa</strong></span> <span class='ocrx_word' id='word_1_457' title='bbox 245 4272 350 4334; x_wconf 85' lang='lat' dir='ltr'><strong>movit.</strong></span> <span class='ocrx_word' id='word_1_458' title='bbox 384 4272 590 4335; x_wconf 78' lang='lat' dir='ltr'><strong>Athenienses</strong></span> <span class='ocrx_word' id='word_1_459' title='bbox 615 4286 716 4333; x_wconf 79' lang='lat' dir='ltr'><strong>atttem</strong></span> <span class='ocrx_word' id='word_1_460' title='bbox 742 4270 934 4333; x_wconf 77' lang='lat' dir='ltr'><strong>occasionem</strong></span> <span class='ocrx_word' id='word_1_461' title='bbox 952 4270 1016 4331; x_wconf 87' lang='lat' dir='ltr'><strong>dari</strong></span> <span class='ocrx_word' id='word_1_462' title='bbox 1034 4269 1092 4329; x_wconf 89' lang='lat' dir='ltr'><strong>sibi</strong></span> <span class='ocrx_word' id='word_1_463' title='bbox 1116 4279 1264 4350; x_wconf 82' lang='grc' dir='ltr'><strong>ιιιιιιιοιιι</strong></span> <span class='ocrx_word' id='word_1_464' title='bbox 1284 4265 1318 4329; x_wconf 90' lang='lat' dir='ltr'><strong>in</strong></span> <span class='ocrx_word' id='word_1_465' title='bbox 1336 4326 1357 4355; x_wconf 93' lang='lat'><strong>.·</strong></span> 
     </span>
     <span class='ocr_line' id='line_1_49' title="bbox 141 4344 1353 4487; baseline -0.007 -69"><span class='ocrx_word' id='word_1_466' title='bbox 141 4357 288 4427; x_wconf 80' lang='lat' dir='ltr'><strong>iudicium</strong></span> <span class='ocrx_word' id='word_1_467' title='bbox 305 4358 483 4427; x_wconf 80' lang='lat' dir='ltr'><strong>adducendi</strong></span> <span class='ocrx_word' id='word_1_468' title='bbox 489 4354 682 4440; x_wconf 73' lang='lat' dir='ltr'><strong>proditores,</strong></span> <span class='ocrx_word' id='word_1_469' title='bbox 706 4379 761 4438; x_wconf 80' lang='lat' dir='ltr'><strong>qur</strong></span> <span class='ocrx_word' id='word_1_470' title='bbox 752 4344 937 4423; x_wconf 74' lang='lat' dir='ltr'><strong>Graeciam</strong></span> <span class='ocrx_word' id='word_1_471' title='bbox 955 4355 1134 4417; x_wconf 77' lang='lat' dir='ltr'><strong>tiobsseut:</strong></span> <span class='ocrx_word' id='word_1_472' title='bbox 1160 4367 1256 4487; x_wconf 80' lang='lat' dir='ltr'><strong>atque</strong></span> <span class='ocrx_word' id='word_1_473' title='bbox 1275 4351 1318 4411; x_wconf 89' lang='lat' dir='ltr'><strong>ita</strong></span> <span class='ocrx_word' id='word_1_474' title='bbox 1349 4427 1353 4431; x_wconf 24' lang='grc' dir='ltr'>Ι</span> 
     </span>
    </p>
   </div>
   <div class='ocr_carea' id='block_1_3' title="bbox 0 0 1367 4754">
    <p class='ocr_par' dir='ltr' id='par_1_13' title="bbox 0 0 1367 4754">
     <span class='ocr_line' id='line_1_50' title="bbox 0 0 1367 4754; baseline 0 0"><span class='ocrx_word' id='word_1_475' title='bbox 0 0 1367 4754; x_wconf 95' lang='lat' dir='ltr'><strong> </strong></span> 
     </span>
    </p>
   </div>
  </div>
 </body>
</html>
