2722 4754
352 176 938 273 unransatnca'rtortn..
1162 202 1221 259 att
1310 269 1313 275 ,

46 336 142 401 tastis
160 328 192 400 ei
210 341 248 400 de
267 334 342 401 voce
361 336 531 413 necessario
550 345 717 415 dicendum¹
733 359 785 406 est
807 347 882 407 Nam
900 368 933 408 ea
954 371 1078 431 quoque
1096 372 1221 434 magno·
1313 368 1334 423 f

49 441 128 501 pere
152 424 247 485 fretus
274 426 476 501 esse‘lertur,
505 430 692 501 utactionis
716 428 907 509 vehementia
931 424 985 494 vos
1010 437 1221 497 debellaturus.

51 504 177 588 Facturi
201 523 302 571 autem
329 512 410 586 estis,
438 534 505 572 mea
530 514 652 594 ‹fuidem
679 516 835 597 opinione,
864 518 999 578 omnium
1023 522 1221 602 ineptissime,
1248 524 1252 530 “

56 591 103 668 si,
131 617 215 675 quem
234 595 375 680 Thyestis
394 610 424 657 et
442 600 566 658 Troiani
592 600 664 659 belli
689 601 763 660 mala
789 600 1065 681 repraesentantem
1092 607 1221 679 eiecistis

60 680 283 765 etlexsibilas'tis
295 702 325 745 ,e
348 682 473 741 theatris
500 697 531 743 et
550 696 749 744 tantumnon
768 686 917 767 lapidlbus
937 689 1097 765 obruistis,
1122 713 1220 773 usque

62 766 154 851 adeo,
176 767 271 825 donec
295 789 311 826 a
335 767 491 838 tertiarum
515 769 635 835 actione
661 771 791 850 partium
816 764 1000 846 dimovistis,
1026 797 1111 849 eum,
1135 789 1220 857 post-

66 868 153 932 quam
169 851 276 911 nonin
294 864 401 925 scena,
432 854 486 912 sed
511 853 543 913 in
568 855 722 935 republica
742 869 772 915 et
790 857 924 917 maximis
942 860 1074 940 negotiis
1093 861 1220 920 civitatis

68 936 177 999 inlinita
194 935 303 996 scelera
321 938 522 1020 perpetravit,
550 952 618 998 tum
638 941 760 1000 demum
777 953 813 1000 ut
830 941 909 1002 belle
928 956 1086 1003 sonantem
1104 957 1220 1006 attente
1280 978 1286 991 ·

72 1022 194 1084 audietis.
211 1021 352 1101 „Minime
371 1043 459 1083 vero:
488 1024 566 1083 absit
584 1047 599 1084 a
617 1026 704 1086 vobis
724 1045 757 1085 ea
776 1027 909 1087 stultitia.
945 1024 1021 1087 Cum
1040 1019 1148 1110 praeco
1168 1051 1219 1110 ap·
1258 1030 1261 1035 ’

75 1108 230 1192 probandus
249 1121 311 1181 est,
335 1107 366 1166 id
385 1109 582 1188 spectandum
602 1131 666 1170 csse
685 1112 802 1185 ducite,
822 1135 859 1172 an
877 1112 917 1172 sit
932 1114 1044 1173 vocalis
1052 1126 1064 1173 :¹
1086 1115 1217 1197 legatum

78 1208 166 1256 auten
186 1204 212 1251 et
234 1192 419 1273 reipublicae
444 1194 679 1274 gubernatorem
705 1218 774 1255 cum
796 1197 896 1256 virum
914 1218 979 1258 esse
999 1199 1129 1272 bonum,
1153 1212 1219 1259 tum

79 1300 200 1365 magnum
221 1297 277 1356 pro
303 1278 390 1347 vobis
415 1291 445 1337 et
468 1300 599 1358 aequum
625 1301 694 1362 erga
718 1286 773 1340 v'os
797 1282 931 1341 animum
954 1281 1065 1343 habere
1092 1297 1220 1365 oportet.
1300 1342 1303 1347 ,

83 1369 159 1428 Sient
174 1382 222 1445 ego
240 1360 415 1443 Philippum
440 1384 503 1422 non
527 1386 593 1424 sum
617 1365 794 1443 admiratus:
820 1367 874 1426 sed
899 1368 1033 1448 captivps
1059 1369 1221 1429 admiratus

47 1525 51 1532 Ι
86 1450 191 1522 servavi,
207 1468 305 1526 neque
325 1448 509 1508 dissimulavi
528 1450 696 1530 quicquam.
740 1455 799 1510 lste
817 1456 889 1513 vero
910 1465 941 1512 et
958 1466 1026 1513 ante
1045 1453 1130 1513 illum
1148 1474 1220 1536 pro-

50 1598 55 1607 ,
87 1537 182 1600 cidebat
196 1544 223 1591 et
238 1553 366 1612 paeanas
386 1533 537 1608 cantabat,
557 1548 586 1593 et
605 1557 657 1595 vos
677 1536 869 1616 despiciebat
898 1537 948 1598 Ad
967 1539 1055 1613 haee,
1074 1539 1137 1599 sive
1156 1539 1220 1598 elo·
1252 1588 1254 1595 .
1315 1565 1317 1568 ·

79 1620 201 1706 quentia,
232 1616 295 1676 sive
314 1618 447 1678 claritate
465 1620 566 1693 vocis,
602 1620 664 1679 sive
682 1621 742 1680 alio
763 1622 905 1703 quopiam
924 1625 1086 1683 commodo
1105 1624 1220 1684 bonum

89 1710 166 1770 rhum
180 1714 205 1763 et
216 1703 311 1762 vestri
329 1704 498 1763 studiosum
517 1705 686 1785 praeditum
704 1706 857 1781 videritis,
893 1709 1097 1792 congratulari
1115 1729 1220 1769 omnes
1311 1766 1314 1771 .

90 1808 116 1855 et
131 1789 242 1873 excolere
260 1789 378 1848 debetis
403 1786 455 1872 (id
480 1790 559 1849 enim
579 1790 694 1850 bonum
711 1792 797 1853 vobis
817 1793 958 1852 omnibus
976 1795 1012 1853 fit
1029 1791 1221 1873 communc)=

90 1880 131 1941 sin
144 1872 275 1937 honinem
295 1887 472 1954 corruptum
491 1887 521 1934 et
538 1875 727 1956 improbum,
762 1877 875 1957 quique
894 1878 978 1936 omni
995 1878 1107 1937 lucello
1124 1871 1220 1938 vinci-
1271 1874 1275 1881 ’

91 1979 139 2037 tur,
153 1957 293 2021 excludere
310 1971 341 2019 et
354 1959 460 2029 acerbe
479 1973 569 2040 atque
587 1961 739 2019 hostiliter
755 1962 912 2023 adversari.
931 1962 1110 2042 lmprobitas
1129 1963 1221 2033 enim,

91 2044 207 2110 facultatis
231 2044 310 2125 apud
337 2066 390 2104 vos
419 2047 526 2125 adepta
544 2045 738 2126 opinionem,
766 2046 952 2126 reipublicae
978 2047 1150 2126 perniciosa
1167 2059 1222 2107 est.

92 2135 190 2203 videte,
214 2129 322 2209 quibus
348 2130 486 2190 laudibus
511 2131 568 2191 iste
594 2129 699 2203 lloret,
727 2131 908 2191 eae-laudes
935 2132 966 2191 in
992 2152 1069 2211 quae
1095 2132 1222 2215 negotia
1242 2133 1305 2192 286

87 2215 271 2299 vrempublicam
289 2206 497 2274 coniecerim?
525 2215 576 2295 Ac
588 2227 723 2274 caeterae
738 2216 864 2295 ,quidem
882 2217 1038 2276 facultates
1056 2207 1119 2276 suis
1138 2217 1221 2298 ipsae
1297 2206 1301 2213 ’

92 2303 178 2364 viribus
193 2299 343 2359 nituntur:
377 2300 639 2380 sed-eloquentia,
667 2301 692 2359 si
716 2302 896 2360 auditorum·
908 2301 1016 2362 studiis
1035 2302 1220 2374 destituitur,

93 2385 219 2449 intercidit
251 2384 302 2444 Sic
320 2385 415 2467 igitur
431 2386 533 2445 audite
552 2387 653 2459 istum,
671 2397 707 2445 ut
724 2386 906 2466 improbum,
924 2399 959 2446 ut
977 2377 1163 2467 corruptum,
1185 2398 1222 2445 ut

92 2472 151 2535 nibil
163 2470 216 2532 veri
230 2470 388 2539 dicturum.
418 2471 478 2545 Iam
496 2492 560 2531 non
578 2484 704 2552 propter
721 2484 837 2531 caetera
851 2472 1004 2533 duntaxat
1016 2471 1149 2554 negotia,
1167 2471 1220 2530 sed

92 2570 189 2641 propter
202 2555 248 2615 illa
265 2555 330 2636 ipsa
349 2555 448 2629 etiam,
467 2578 543 2636 quae
562 2577 631 2631 cum
646 2556 787 2636 Philippo
804 2556 892 2616 vobis
910 2569 990 2630 sunt,
1010 2557 1135 2616 omnino
1155 2574 1221 2616 esse

92 2643 160 2716 utile,
171 2653 201 2701 ut
215 2636 448 2714 condemnetur,
468 2653 608 2722 spectate.
638 2641 707 2701 Sive
727 2641 807 2699 enim
826 2641 988 2720 aliquando
1007 2641 1040 2699 in
1057 2641 1220 2700 necessita-

93 2743 145 2789 ten
156 2726 238 2787 veniet
253 2726 425 2805 praestandi
443 2726 556 2806 aliquid
574 2726 774 2806 reipublicae,
794 2726 875 2804 quod
895 2725 1003 2799 debet,
1029 2724 1157 2803 mutabit
1174 2724 1221 2782 in·
1313 2786 1316 2790 ,

92 2810 193 2897 genium
208 2808 300 2895 (nunc
327 2811 407 2871 enim
432 2812 564 2874 instituit
587 2812 735 2892 populum
754 2810 894 2890 decipere
911 2823 951 2870 et
974 2829 1086 2889 paucos
1104 2808 1221 2869 colere:

93 2911 129 2971 at,
147 2897 230 2971 sitos
251 2896 366 2979 perisse
392 2896 539 2970 audierit,
565 2897 680 2976 populo
705 2909 736 2957 et
758 2895 860 2969 vobis,
885 2916 979 2977 penes
1004 2894 1082 2973 quos
1106 2913 1222 2954 summa

93 2983 169 3044 rernm
183 2994 241 3056 est,
264 2994 380 3042 caetera
398 2995 548 3062 praestare
566 2979 751 3063 vo‚let):'sin
770 2982 915 3054 eandem,
941 3001 999 3060 qua
1017 3000 1099 3039 nunc
1114 2979 1222 3049 utitur,

92 3067 212 3128 licentiam
229 3072 264 3127 et'
275 3067 472 3148 petulantiam
490 3066 644 3139 retinebit,
669 3088 722 3126 eos
741 3088 758 3126 e
776 3066 905 3138 civitate,
925 3064 978 3147 qui
995 3064 1032 3123 ad
1050 3060 1221 3129 nutumilli
1318 3142 1320 3147 Ι

94 3151 168 3234 parati
179 3166 289 3227 essent,
308 3153 509 3226 sustuleritis,
527 3153 552 3212 si
570 3151 645 3211 istos
665 3151 854 3211 sustuleritis.
879 3150 913 3209 Si
932 3149 1029 3222 enim,
1048 3171 1116 3209 cum
1134 3160 1221 3227 puta-

94 3250 159 3312 rent,
178 3259 205 3299 se
227 3256 340 3318 poenas
366 3239 507 3311 daturos,
534 3234 605 3297 talia
629 3237 861 3296 commiserunt:
889 3256 960 3309 eos,
985 3234 1104 3313 sublato
1128 3229 1222 3292 vestri
1288 3276 1292 3283 .

95 3335 165 3397 nem,
178 3323 243 3404 quid
262 3324 394 3383 facturos
412 3323 543 3405 putatis?
562 3322 663 3403 Quem
679 3321 905 3404 Euthycratem,
923 3339 1014 3401 quem
1030 3317 1222 3388 Lasthenem,

95 3401 164 3487 q'uen
176 3409 356 3490 proditorem
374 3429 437 3468 non
455 3404 670 3489 superaturos?
706 3407 806 3481 Quem
824 3405 1012 3485 reliquorum
1030 3403 1141 3463 civium
1158 3420 1223 3461 non

94 3492 241 3553 deteriorem
257 3495 337 3568 fore,
354 3494 407 3573 qni
423 3494 542 3566 videat,
561 3493 615 3571 iis,
634 3492 687 3572 qui
703 3490 907 3553 vendiderunt
925 3489 1036 3562 omnia,
1054 3485 1223 3568 pecuniam,

93 3578 286 3653 auctoritatem,
311 3600 403 3659 opes,
427 3578 561 3660 Philippi
580 3577 746 3658 hospitium
765 3575 947 3658 suppetere?
974 3574 1010 3634 iis
1028 3586 1146 3650 autem,
1170 3569 1223 3650 qui

92 3680 118 3721 se
130 3662 209 3725 bonos
224 3665 307 3724 viros
326 3664 532 3744 praebuerunt
550 3676 581 3724 et
597 3662 829 3744 insuper'etiam
848 3673 965 3720 sumtus
982 3660 1137 3730 secer-unt,
1156 3674 1222 3715 mo-

93 3746 181 3823 lestias,
194 3749 388 3821 inimicitias,
401 3750 544 3810 invidiam
561 3769 719 3830 superesse
738 3747 816 3829 apud
835 3744 1021 3806 nonnullos?
1046 3742 1136 3802 Absit
1153 3740 1236 3810 boe„

61 3910 64 3917 Ι
92 3830 157 3893 absit
181 3834 285 3916 Neque
304 3834 384 3894 enim
402 3837 439 3897 ad
457 3835 600 3918 gloriam,
619 3854 719 3914 neque
737 3833 775 3892 ad
792 3832 946 3913 pietatem,
964 3849 1064 3909 neque
1082 3827 1119 3887 ad
1136 3844 1224 3885 secu·

81 3916 200 3994 'ritatem
232 3931 333 4001 neque
351 3921 389 3982 ad
405 3920 498 3981 ullam
517 3919 648 3999 denique
667 3939 732 3978 rem
749 3915 838 3977 aliam
854 3916 941 3976 vobis
959 3914 1098 3996 prodest,
1131 3909 1223 3971 istum

92 4001 122 4061 ut¹
131 4003 288 4066 absolvatis:
317 4007 370 4066 sed
387 4019 424 4065 ut
441 4027 509 4067 eum
529 4004 561 4063 in
580 4003 748 4084 exemplum
768 4001 904 4063 omnium
921 4014 954 4060 et
972 3998 1081 4060 civium
1100 4007 1132 4055 et
1148 3993 1235 4055 alio*

91 4108 142 4148 run
158 4089 334 4153 Graecorum
351 4090 491 4173 puniatis.
734 4104 744 4111 '
