2722 4754
1246 256 1255 265 ,
1306 232 1314 262 l

277 148 998 287 ‘s'nuvnnsosn1n1sn3w
1103 150 1219 246 ”aaa
1309 168 1321 210 ³

59 359 90 403 se
105 339 229 403 tulisset
240 350 334 418 atque
360 332 525 415 effudisset
568 301 645 398 Nain
663 338 738 399 haee
755 339 857 413 omnia
874 352 907 401 et
920 340 999 420 eius
1014 340 1134 423 generis
1153 339 1221 415 alia,

60 425 268 496 Athenienses,
286 423 490 484 aemulatione
507 424 671 495 adductum
689 424 831 505 aliquem,
850 426 903 505 qni
920 426 960 499 sit
977 426 1099 500 aedilis,
1110 428 1224 499 facere,
1309 424 1324 464 '-

62 511 192 577 nonnihil
211 507 414 570 excusationis
431 508 538 570 habet:
563 501 672 570 sodex
688 511 902 571 malevolentia
928 512 1069 572 consulto
1088 512 1220 592 aliquem
1294 504 1302 552 1

65 598 186 663 iurabas
198 592 340 656 omnibus
355 593 516 676 exagitare,
532 616 679 676 suamque
696 595 865 676 potentiam
878 608 910 656 et
921 597 1097 660 uiolentiam
1108 609 1220 659 osten·
1235 654 1240 661 .

69 697 268 762 mnnqnam
282 679 401 762 legibus
418 680 618 761 superiorem,
636 701 726 763 grave
740 693 796 756 est,
814 681 1010 756 mehercule,
1028 682 1220 765 etiniquum,
1242 672 1302 756 3211

55 789 153 855 ‚mque
166 765 241 827 utile
258 764 354 825 uobis.
373 764 449 825 Nam
466 764 491 824 si
503 765 633 846 quisque
651 765 794 827 aedilium
809 766 869 828 boc
881 767 941 833 sibi
959 780 1043 828 certo
1062 789 1128 829 esse
1146 791 1220 850 pro-

71 858 183 944 positum
199 850 304 911 sciret:
323 849 357 910 Si
374 849 450 908 mihi
467 850 518 910 ille
536 851 642 912 nescio
660 852 744 931 quis,
762 850 826 913 sire
844 852 970 927 Midias,
988 853 1051 914 sive
1070 855 1219 937 quispiam

73 946 133 1008 alius
154 935 308 999 confidens
333 935 438 1015 itaque
464 935 548 996 dives
574 936 715 998 inimicus
739 936 852 1010 fuerit,
879 937 1020 1019 primum*
1037 952 1069 999 et
1092 940 1239 1002 vinaria-2
1300 999 1305 1007 a

74 1025 200 1116 privabor,
218 1019 337 1082 etiamsi
354 1019 536 1101 praeclarius
553 1021 656 1102 aliquo
670 1043 719 1083 me
733 1042 867 1104 gessero,
885 1023 997 1084 deinde
1012 1018 1103 1084 rebus
1119 1026 1219 1085 omni·
1256 1020 1259 1024 Χ

75 1119 179 1180 bus'ero
195 1106 325 1166 inferior
343 1119 374 1166 et
389 1119 539 1187 perpetuo
559 1108 753 1168 contumeliis
772 1108 940 1169 onerabor:
964 1109 1032 1189 quis
1050 1109 1092 1170 ita
1109 1108 1218 1171 incon-

76 1203 196 1265 ,identat
213 1203 266 1252 aut
283 1191 325 1250 ita
338 1238 341 1249 .
352 1188 502 1272 deplorati
520 1192 612 1251 animi
631 1207 694 1267 est,
721 1192 774 1274 qui
792 1188 888 1276 (ultro
908 1192 1047 1278 quidem)
1063 1195 1184 1256 unicam
1202 1217 1219 1256 a
1255 1215 1258 1219 ·

76 1279 264 1352 ,ednchmam
278 1273 442 1338 insurhtam
453 1276 547 1337 velit?
565 1277 664 1338 Nemo
678 1279 827 1358 profecto.
845 1279 907 1338 Sed
918 1280 1005 1355 illud,
1024 1279 1144 1363 opinor,
1162 1295 1219 1357 est,

78 1368 144 1458 quud
157 1362 248 1426 studia
265 1374 297 1422 et
315 1361 511 1443 cupiditatem
531 1363 668 1423 omnium
688 1364 808 1437 excitat,
823 1375 860 1425 ut
870 1362 963 1425 nullis
981 1365 1132 1427 sumtibus
1149 1389 1219 1448 par-

81 1474 135 1522 em
148 1449 253 1523 velint,
276 1449 364 1545 quod
382 1447 415 1507 in
434 1447 582 1534 populari
605 1447 762 1528 republica
786 1449 852 1528 pari
876 1469 1038 1531 aequoque
1064 1451 1131 1512 iure
1149 1474 1218 1513 cnm

71 1535 178 1613 ,quaeris
192 1553 297 1594 omnes
316 1533 407 1592 licere
426 1532 486 1592 sibi
499 1532 600 1594 vivere
618 1532 812 1595 arbitrantur.
829 1534 906 1594 Mihi
924 1555 997 1596 vero
1016 1536 1101 1611 haee,
1119 1537 1218 1599 Athe-

76 1629 181 1694 uiantes,
194 1639 249 1701 per
261 1617 359 1679 ‘istum
378 1617 556 1700 contingere
574 1638 639 1719 nup
655 1631 837 1699 potuerunt:
856 1621 911 1680 sed
927 1633 1218 1707 praetervaceeptam
1312 1670 1314 1674 .

76 1705 259 1787 crammeliam
275 1703 403 1785 insuper
424 1703 552 1764 victoria
577 1723 701 1785 quoque
724 1721 792 1775 sum
809 1704 980 1780 fraudatus,
1016 1707 1113 1787 Atqui
1130 1709 1219 1770 vobis
1258 1747 1260 1753 ,

76 1793 191 1861 omnibns
212 1789 288 1850 illud
316 1810 374 1873 ego
397 1789 558 1870 perspicue
585 1790 819 1881 demonstrabo,
845 1790 1113 1869 licuisse-Midiae,
1139 1793 1218 1855 nibil

77 1874 190 1965 improbe
202 1873 356 1949 molienti,
382 1894 484 1955 neque
509 1875 723 1936 contumeliam
750 1872 890 1949 facienti,
911 1888 1018 1957 ‘neque
1035 1879 1218 1953 verberanti,
1263 1951 1265 1954 ¹

77 1982 102 2029 et
117 1960 239 2026 exhibere
254 1960 332 2020 mihi
349 1961 530 2034 molestiam,
550 1973 581 2021 et
599 1961 719 2021 laudem
733 1982 750 2020 a
763 1961 851 2022 vobis
867 1981 1014 2022 concessu
1030 1962 1134 2046 legum
1151 1965 1217 2025 adi·
1244 2005 1254 2029 ,
1277 1981 1283 1990 “
1304 2006 1306 2013 ι

51 2072 58 2121 ·,
76 2050 186 2137 pisci,et
199 2045 321 2127 quidem
337 2041 394 2120 sic,
410 2058 447 2106 ut
464 2065 522 2129 ego
540 2066 624 2107 nune
637 2066 677 2106 ue
694 2046 813 2108 hiscere
832 2046 956 2126 quidem
973 2048 1126 2109 auderem.
1154 2051 1218 2111 De·
1277 2067 1280 2081 ¹

78 2138 165 2200 cubset
179 2131 268 2206 enim,
284 2130 501 2205 Athenienses,
519 2152 587 2191 oum
606 2151 664 2214 ego
674 2126 803 2213 'public'e
814 2131 1002 2192 Pandioniae
1014 2126 1118 2193 *tribus
1133 2135 1218 2195 aedi·

65 2222 168 2285 tisiam
183 2218 318 2301 suscepi,
334 2229 400 2289 tum
419 2217 518 2298 ipsum
537 2217 666 2276 aedilem
679 2216 879 2278 Erechthe'r'ae
896 2238 968 2279 suae
986 2218 1084 2280 tribus
1098 2240 1130 2283 se
1143 2240 1217 2303 pro·

77 2306 152 2379 iteri,
173 2302 360 2384 aequatoque
384 2323 503 2363 mecum
520 2303 675 2383 periculo,
691 2325 755 2366 sua
771 2323 806 2363 re
829 2303 970 2363 familiari
988 2305 1126 2387 exemplo
1145 2325 1216 2366 meo

77 2389 244 2462 insumenda,
269 2388 312 2449 sic
331 2391 452 2450 demum
471 2387 589 2468 eripere
614 2386 690 2447 mihi
705 2389 890 2455 'victoriana
915 2389 958 2450 sie
976 2410 1049 2450 vero
1068 2391 1216 2466 insultare

78 2493 103 2540 et
115 2475 263 2548 verberare,
280 2495 320 2535 ne
337 2488 404 2534 turn
423 2470 557 2555 quidems
593 2473 683 2533 Nunc
701 2471 733 2533 id
752 2476 876 2554 quidem
894 2494 959 2535 non
976 2473 1060 2549 fecit,
1078 2497 1142 2555 quo
1159 2497 1216 2557 po-

75 2564 135 2646 pulo
149 2560 286 2629 honorem
306 2559 418 2619 habere
435 2559 602 2640 potuisset,
625 2576 727 2639 neque
744 2555 841 2620 ulluln
858 2560 919 2622 tale
937 2581 1009 2621 suae
1026 2561 1218 2644 generosita-

76 2650 111 2710 tis
123 2645 257 2728 specimen
276 2645 386 2710 edidit„¹
405 2645 458 2705 sed
476 2665 536 2716 me,
554 2643 624 2723 qui,
642 2643 707 2705 sive
725 2646 809 2725 quis,
827 2644 1050 2721 Athenienses,
1067 2646 1216 2708 insaniam

79 2746 134 2794 eam
148 2728 300 2791 existimare
324 2731 390 2794 vult
406 2728 469 2814 (est
485 2728 567 2789 enim
590 2728 719 2790 fortasse
741 2730 896 2804 insaniae,
922 2731 981 2790 niti
998 2752 1088 2811 snpra
1111 2722 1241 2819 vires),s
1266 2762 1273 2793 z

77 2819 131 2878 sive
143 2814 348 2889 liberalitatem,
365 2815 448 2876 ultro
467 2813 652 2875 aedilitatem
671 2813 762 2890 subii,
780 2816 857 2876 adeo
875 2815 973 2896 palam
986 2829 1018 2877 et
1034 2815 1149 2876 nefarie
1167 2817 1216 2876 in·
1293 2831 1295 2836 ’

76 2903 169 2963 saltam
183 2910 342 2962 assectatus'
362 2913 426 2974 est,
452 2912 487 2961 ut
505 2919 606 2980 neque
624 2921 641 2959 a
658 2900 929 2973 saerisvestibus,
954 2912 1091 2981 neqhe'a
1109 2901 1216 2982 chorq,

76 2986 183 3066 deniqne
193 3005 249 3047 nec
262 3008 278 3047 a
291 3006 420 3068 corpore
431 3003 501 3046 tneo
513 3005 620 3045 manus
629 2983 811 3046 'abstineret¹
824 2985 857 3045 si
870 2984 937 3067 quis
951 2998 1053 3047 autem
1072 3001 1216 3062 vestrum,

76 3071 267 3146 lfthenienses,
292 3072 405 3139 Midiae
431 3070 554 3151 quidem
581 3069 748 3146 irascitur,
763 3084 827 3131 non
848 3072 925 3132 adeo
949 3084 1068 3147 tamen,
1091 3086 1126 3133 ut
1145 3094 1215 3134 eum

76 3169 155 3218 morte
167 3157 369 3219 mulctandum
386 3156 552 3217 existimet:
570 3155 595 3215 is
608 3175 671 3215 non
682 3169 765 3217 reete
783 3156 885 3217 sentit
901 3157 967 3217 Nee
985 3159 1066 3226 enim
1084 3179 1215 3240 aequum
1258 3175 1259 3178 ’
1310 3152 1311 3156 ’

77 3253 116 3301 est
127 3253 168 3321 apt
182 3243 338 3317 convenit,
357 3243 438 3316 eius,
457 3241 510 3323 qui
527 3241 625 3300 laesus
646 3254 708 3315 est,
725 3241 939 3303 verecundiam
957 3242 1020 3317 illi,
1037 3243 1216 3324 quiomnes
1302 3257 1311 3270 “

75 3327 249 3388 contumeliae
267 3349 341 3389 suae
365 3316 503 3418 habqnas¹
516 3327 643 3401 laxavit,
667 3327 850 3388 adsalutem
869 3326 1031 3408 quiequam
1056 3328 1215 3410 opitulari:

77 3410 150 3471 sedis
165 3412 286 3492 quidem
299 3413 356 3473 sie
375 3427 421 3474 est
443 3410 635 3494 puniendus,
661 3424 698 3471 ut
714 3432 770 3493 per
794 3418 886 3492 qu'em
908 3432 973 3473 non
991 3414 1126 3488 steterit,
1152 3433 1214 3495 qno
1303 3458 1306 3462 -

76 3495 153 3557 minas
167 3498 351 3559 raucissima
369 3518 507 3599 quaeque
524 3509 800 3579 perpetrarentur,
815 3498 985 3558 accusaturi
1002 3520 1076 3560 vero
1093 3512 1215 3582 promte
1274 3565 1283 3579 .

73 3597 144 3660 open
157 3582 282 3644 ferendo
309 3597 435 3666 granam
459 3583 567 3644 referri
586 3584 681 3643 decet
712 3583 789 3644 'Nec
813 3583 971 3644 euim-hoc
997 3586 1135 3667 profecto
1155 3583 1216 3645 diei
1281 3663 1285 3667 Ι

72 3676 160 3745 potest,
174 3689 234 3743 me,
253 3691 322 3729 eum
341 3663 378 3728 ex*
389 3667 672 3730 huiusmodirebus
691 3668 768 3729 nihil
786 3689 920 3750 unquam
938 3670 1104 3731 anomoeis
1124 3669 1215 3732 exsti-

71 3751 133 3825 terit,
147 3774 227 3815 nunc
245 3774 425 3839 exaggerare
444 3755 503 3815 hoc
519 3755 632 3815 factum
647 3767 677 3815 et
689 3754 825 3816 terribile
842 3754 950 3816 facere.
966 3756 1227 3840 Longcsquidem.

70 3855 95 3895 se
108 3838 255 3900 resaliter
270 3840 380 3912 habet,
395 3837 474 3900 'cum
493 3840 598 3900 norint
626 3859 749 3912 omues,
776 3853 829 3901 aut
846 3841 984 3922 plerique
1003 3842 1126 3915 saltem,
1151 3841 1215 3901 En·
1246 3888 1248 3894 Α

68 3919 191 4004 thynum,
210 3926 264 4007 qui
278 3924 357 3985 'olim
375 3926 546 4006 palaestrita
562 3925 638 3999 fuit,
656 3925 918 3988 adolescentulum
935 3927 1037 4001 illum,
1056 3940 1087 3987 et
1104 3925 1216 4007 Sophi-

46 4002 116 4081 ‚lnm
131 4009 351 4090 pancratiasten
368 4009 442 4094 (fuit
459 4011 485 4071 is
504 4010 597 4070 horno
615 4000 779 4084 robustus,
797 4012 900 4095 niger:
918 4013 990 4072 satis
1009 4012 1083 4087 scio,
1101 4011 1214 4072 intelli·
1237 4004 1241 4015 ’

65 4111 124 4172 gere
140 4108 273 4157 vestrum
291 4095 420 4175 aliquos,
438 4104 529 4176 quem
549 4093 676 4178 dicam),
694 4096 776 4158 hune
793 4097 888 4180 igitur
904 4097 1065 4178 Sophilum
1084 4097 1166 4159 Sami
1183 4097 1216 4158 in
1238 4100 1300 4160 342

65 4185 98 4263 to
145 4200 216 4242 essu
233 4182 365 4262 quodam
382 4180 582 4262 familiarique
601 4181 757 4264 colloquio
775 4183 807 4242 in
825 4178 923 4255 illuni,
940 4204 956 4241 a
972 4204 1033 4263 qno
1047 4183 1216 4266 vapularet,

64 4281 115 4340 qno
146 4266 175 4326 is
195 4266 510 4328 seeontumeliamei
527 4267 627 4328 faeere
645 4268 786 4349 putabat,
809 4267 852 4327 sie
869 4267 1053 4344 vindicasse,
1070 4268 1113 4330 'ut
1124 4269 1214 4330 etiam

62 4349 207 4413 occideret
241 4352 365 4414 Norunt
381 4351 481 4428 multi,
501 4352 544 4413 ab
557 4353 714 4426 Eiaaeoue,
729 4351 942 4414 Leodamantia
959 4354 1062 4429 fratre,
1079 4354 1214 4415 occisum
