2722 4754
345 187 350 193 ’
451 217 500 277 ru
533 204 804 285 enumerant
837 219 857 278 1.
910 261 932 275 ..
1023 204 1025 209 '
1084 212 1140 220 ”
1199 227 1239 283 21
1287 169 1290 172 ⁴

30 444 33 449 ,
91 371 195 444 turritis,
212 381 243 430 et
255 361 491 452 desieritisipsi
509 370 586 444 nihil
604 388 714 454 agere,
729 373 804 434 dum
819 373 946 454 speratis
963 372 1056 433 alium
1074 395 1132 456 pro
1150 375 1240 436 vobis

91 463 218 522 iacturum
243 475 309 515 esse
335 457 455 517 omnia:
480 455 524 516 sic
548 469 580 517 et
601 471 715 540 vestras
733 479 808 540 opes
824 457 1057 540 recuperabitis,
1083 473 1273 520 annuento

93 549 161 618 lleo,
178 540 343 621 amissaque
361 563 418 622 per
433 542 602 602 socordiam
617 543 734 626 ¹denuo
749 543 922 622 recipietis,
948 555 979 605 et
995 544 1082 605 illur'n
1107 544 1237 605 ulcisce-
1256 540 1262 548 ’

96 628 160 693 nisi
172 627 273 704 Neque
293 621 520 708 euim'putetis,
538 639 681 708 tanquam
698 631 767 688 Deo
793 649 841 688 res
867 628 940 690 istas
967 629 1011 689 illi
1029 631 1188 692 lixaseesse
1206 642 1238 690 et
1252 634 1267 666 '⁴

99 711 257 797 mundales.
274 707 348 771 nam
365 718 397 772 et
411 712 479 771 odit
496 731 565 772 eum
583 713 702 792 aliquis,
721 726 757 773 et·
767 711 887 786 metuit,
899 712 1128 788 Athenienses,
1140 728 1171 775 et
1187 714 1237 775 in-
1265 743 1267 748 ·

103 804 171 881 vitpt,
191 816 296 857 eorum
315 796 425 869 etiam,
444 795 497 877 qui
515 806 596 856 nunc
613 799 649 857 ‘ei
667 799 809 858 videntur
832 818 898 857 esse
922 798 1186 868 coniunctissimis
1205 812 1237 860 rt

97 886 222 962 traheres,
244 901 322 961 quae
347 882 462 941 fere=in
479 881 546 942 aliis
560 882 885 955 hominibus-insunt,
911 904 945 942 ea
968 879 1001 942 in
1020 884 1085 942 eius
1111 905 1235 965 quoque
1269 914 1272 918 ¹
1302 911 1306 914 ·

98 965 262 1032 familiaribus
282 966 514 1026 existimandum
533 980 579 1027 est
597 967 704 1027 inesse.
724 967 814 1028 Nunc
831 979 933 1027 tamen
952 967 1025 1028 haec
1044 970 1145 1028 omnia
1163 991 1247 1049 sup..

95 1056 252 1138 primuntur,
270 1051 477 1111 cum-nullum
495 1053 672 1134 confugium
690 1052 834 1126 habeant,
852 1065 979 1134 propter
995 1066 1125 1112 vestram
1139 1055 1235 1114 tardi-

23 1185 29 1193 .
94 1153 168 1201 tatem
181 1149 209 1196 et
222 1136 409 1196 socordiam:
426 1158 516 1216 quam
533 1136 743 1217 deponendam
760 1159 825 1198 esse
841 1138 909 1197 dico
924 1137 991 1196 iam.
1008 1137 1129 1211 Videtis
1143 1137 1236 1210 enhn,

92 1222 287 1300 Athenienses,
303 1243 383 1281 reme
412 1243 474 1302 quo
492 1221 694 1301 improbitatis
712 1222 805 1282 bomo
825 1223 969 1295 evaserit,
988 1224 1041 1303 qui
1058 1243 1119 1283 nec·
1133 1222 1255 1304 optio-u

91 1324 149 1370 nem
162 1305 246 1367 robis·
257 1307 309 1366 dat
326 1329 375 1375 res
393 1306 538 1389 gerendi,
557 1320 609 1367 aut
627 1308 823 1388 quiescendi:
848 1309 901 1368 sed
919 1307 1085 1368 minitatur·
1096 1320 1127 1367 et
1143 1288 1235 1368 verba
1289 1381 1292 1385 ι

91 1391 205 1478 superba,
219 1403 262 1450 ut·
272 1391 369 1466 aiunt,
386 1403 526 1472 usurpat:
545 1404 576 1451 et
593 1393 630 1452 iis
650 1393 806 1466 habendis,
822 1392 1051 1475 qua-e‘subegit,
1068 1404 1234 1452 contentus
1263 1422 1265 1426 ⁷

89 1499 142 1540 esse
156 1497 213 1537 uon
230 1487 346 1556 potest:
361 1477 440 1556 quin
458 1498 578 1558 semper
593 1480 679 1557 plura
690 1478 833 1552 molitur,
852 1491 883 1538 et
898 1477 1011 1539 circum
1026 1477 1164 1557 undique
1172 1497 1234 1537 ¹vos

87 1573 243 1625 muctantes
260 1573 292 1621 et
309 1562 483 1622 desidentes
502 1561 619 1623 irretit
637 1564 769 1638 Quando
787 1562 892 1646 igitur,
908 1562 1124 1635 Athenienses,
1141 1557 1234 1645 ag‘en-

47 1717 56 1728 ·
84 1647 114 1711 da
130 1667 198 1726 quae
216 1658 304 1719 sunt,
323 1647 440 1728 agetis?
460 1646 520 1707 Ubi
538 1648 835 1727 ,aliquidsaccideriti
860 1648 931 1723 Ubi,
950 1649 1057 1720 eredo,
1065 1647 1234 1708 necessitas
1249 1643 1250 1647 ’
1267 1674 1269 1678 ⁴

80 1732 166 1811 aliqua
179 1730 292 1792 suerit?
311 1731 394 1806 Quid
412 1733 536 1795 verode
552 1733 694 1813 iis‘,›qua‘e
713 1755 796 1793 nunc
813 1733 901 1806 fiunt,
919 1747 967 1792 est
982 1731 1235 1796 existimandum?
1288 1727 1290 1731 ’

77 1817 142 1876 Nam
160 1836 219 1898 ego
236 1817 359 1896 quidem
376 1816 508 1876 arbitror
525 1817 630 1877 liberis
646 1818 998 1878 horninibusmaximam
1012 1818 1083 1877 esse
1100 1816 1234 1877 necessi-
1261 1850 1266 1862 ·

77 1913 358 1983 tatem-susceptum
372 1901 405 1962 in
427 1901 520 1961 rebus
545 1904 686 1985 gerendis
712 1903 852 1962 dedecus.
878 1903 971 1961 *Num
985 1902 1077 1961 vultis
1104 1901 1257 1961 circum-¹

76 1981 270 2046 euntes-alius
287 1987 459 2067 percontari
475 1988 569 2048 aliurn
586 1988 620 2047 in
637 1989 722 2048 loro:
751 1988 818 2070 Age
838 1987 886 2047 dic
904 1986 996 2061 mibi,
1022 1985 1171 2066 numquid
1189 1985 1233 2044 alu
1266 2004 1268 2011 ’
1299 2012 1302 2017 ’

72 2072 162 2131 lemur
186 2071 278 2131 nori?
310 2073 455 2132 Potestne
475 2073 548 2151 quid
573 2073 668 2155 magis
686 2072 800 2132 novum
817 2071 898 2144 fieri,
929 2074 1019 2152 quam
1037 2072 1119 2152 quod
1139 2069 1236 2131 borno
1283 2100 1288 2108 ·

70 2156 190 2216 Macedo
217 2156 334 2239 subigit
351 2157 556 2217 Athenienses
582 2172 613 2218 et
631 2158 790 2217 Graeciam
814 2156 1024 2217 administrat?
1055 2152 1143 2215 Obiit
1159 2155 1232 2215 Phi-

71 2241 182 2322 lippus?
200 2240 272 2300 Non
290 2238 524 2322 certe'quidem,
543 2245 596 2316 sed
615 2254 758 2326 aegrotat.
781 2243 864 2317 Quid
881 2263 960 2302 vero
972 2222 1077 2303 vestri
1088 2239 1232 2302 interest?

66 2326 129 2385 Etsi
147 2325 228 2385 enim
246 2326 362 2406 aliquid
378 2328 405 2386 ei
419 2328 571 2400 acciderit,
588 2329 728 2388 celeriter
743 2348 797 2387 vos
814 2328 905 2387 alium
918 2327 1093 2408 Philippum
1108 2325 1234 2397 facietis,
1280 2395 1288 2406 Ἴ
1305 2377 1307 2380 ⁴

65 2411 91 2471 si
106 2411 199 2471 rebus
217 2412 258 2470 ita
278 2411 361 2471 eritis
380 2412 498 2472 intenti.
526 2415 634 2494 Neque
654 2414 744 2473 etiam
761 2424 821 2472 tam
841 2413 902 2486 suis
920 2412 1040 2480 viribus,
1053 2424 1159 2473 auctus
1178 2418 1234 2483 est,

65 2517 155 2576 quarn
172 2509 271 2556 vestra
288 2495 484 2580 negligentia.
509 2496 794 2580 Quamquam'illud
813 2498 957 2571 etiamsi
976 2496 1049 2576 quid
1068 2496 1097 2555 ei
1114 2495 1232 2558 occide·
1251 2503 1307 2558 29·

64 2594 127 2654 ret,
146 2593 178 2641 et
195 2581 336 2641 fortunae
353 2583 440 2642 favor
456 2583 553 2643 nobis»
565 2585 692 2657 adesset,
711 2604 787 2663 quae
805 2603 925 2662 semper
941 2602 999 2640 nos
1017 2580 1125 2641 melius
1144 2600 1234 2660 quarn
1306 2656 1307 2661 ἵ

61 2666 245 2747 nosmetipsi
261 2688 400 2727 curamus
418 2667 547 2744 (etenim
565 2669 693 2728 fortasse
711 2668 848 2728 absolvet
863 2689 944 2740 rem,
971 2687 1121 2747 suumque
1139 2664 1234 2725 bene-

63 2748 174 2810 ficium
192 2765 429 2812 consummatum
451 2754 586 2832 reddet):
611 2754 685 2813 scite
702 2773 774 2823 vos,
799 2753 825 2810 si
842 2772 938 2831 prope
965 2751 1069 2809 essetis
1095 2761 1125 2808 et
1142 2742 1243 2818 rebus‘

27 2847 37 2857 ”
61 2835 210 2895 omnibus
228 2836 573 2920 turbatisingrueretis,
609 2859 658 2909 eas
675 2858 730 2897 vos
747 2849 855 2896 vestro.
868 2835 1020 2894 arbitratu
1031 2854 1121 2915 posse
1138 2832 1234 2893 admi·
1305 2907 1307 2914 Ι

60 2920 202 2981 nistrare.
237 2923 279 2982 Ut
293 2943 369 2983 vero
387 2945 470 2983 nunc
488 2924 575 2997 estis,
603 2944 660 2982 nec
678 2923 703 2982 si
721 2922 807 2981 vobis
825 2933 963 3002 tempora
981 2920 1089 2979 darent
1105 2917 1234 2998 Amphi·
1272 2962 1275 2972 .

58 3004 176 3086 polim,
204 3006 341 3088 accipere
359 3009 507 3090 possetis,
535 3009 642 3069 vestris
661 3007 851 3089 apparatibus
871 3019 902 3064 et
919 3003 1026 3064 animis
1043 3002 1234 3064 fluctuantes.
1269 3058 1272 3074 ,

58 3093 168 3170 ltaque
187 3091 263 3151 illud
281 3094 500 3172 praetermitto,
520 3095 661 3174 oportere
679 3112 734 3151 vos
750 3092 833 3150 ultro
852 3091 890 3150 ad
906 3089 1078 3149 faciendum
1096 3087 1234 3154 officium
1282 3143 1289 3151 ,

59 3196 171 3235 omnes
187 3197 253 3236 esse
271 3192 408 3258 paratos:
423 3192 566 3258 tanquam
583 3183 638 3238 vos
656 3178 695 3236 ita
713 3174 861 3249 sentiatis,
879 3176 971 3255 idque
987 3183 1166 3255 persuasum
1181 3171 1234 3230 ha-

58 3260 166 3320 beatis.
189 3263 243 3322 De'
251 3259 372 3324 ratione
387 3276 488 3325 autem
504 3262 724 3337 instructionis,
743 3283 800 3341 qua
816 3282 870 3320 vos
885 3260 995 3320 talibus
1009 3257 1131 3318 liberari
1144 3276 1234 3340 posse

58 3346 194 3428 negotiis
212 3360 335 3428 putem,
355 3361 386 3409 et
403 3349 566 3413 multitudo
587 3360 698 3429 quanta
717 3367 783 3406 esse
801 3346 924 3419 debeat,
944 3357 975 3404 et
988 3340 1250 3425 quae-pecuniae*

61 3431 211 3504 subsidia,
245 3435 432 3514 caeteraque
448 3446 483 3493 ut
505 3434 581 3493 mibi
603 3433 772 3494 rectissime
797 3444 828 3491 et
850 3430 1005 3519 celerrime
1035 3427 1234 3509 comparanda

61 3515 238 3591 videantur,
263 3521 405 3598 equidem
424 3525 550 3601 operam
565 3520 644 3595 dabo
661 3530 698 3578 ut
715 3517 827 3576 dicam:
853 3529 968 3577 tanturn
987 3526 1161 3600 precatus‘a
1178 3531 1234 3572 vo·

59 3599 310 3683 bis,.postquam
335 3604 491 3677 audieritis
510 3605 634 3677 omnia,
658 3615 694 3662 ut
715 3601 882 3676 iudicetis,
899 3599 1000 3681 neque
1024 3596 1234 3659 antev‘ertatis:

57 3706 178 3766 neque,
194 3690 317 3750 tametsi
334 3690 464 3770 primum
481 3689 611 3750 uidebor
627 3710 736 3753 novam
753 3687 986 3748 instructionem
1006 3685 1123 3758 dicere,
1149 3703 1198 3743 res
1217 3702 1234 3741 a

58 3792 110 3832 me
129 3772 247 3834 differri
266 3770 425 3855 quisquam
444 3775 602 3835 existimet.
632 3775 740 3854 Neque
760 3772 850 3845 enim,
868 3772 924 3852 qui‘
938 3770 1075 3832 festinari
1093 3781 1124 3828 et
1141 3765 1235 3834 bodie

58 3860 215 3940 remgeri
228 3858 353 3933 iubent,
372 3852 629 3941 oppbrtunissime
648 3859 755 3919 dicunt
772 3856 871 3940 (curn,
891 3877 952 3937 quo
972 3856 1093 3937 quidem
1112 3853 1145 3912 in
1164 3852 1234 3941 loco

58 3964 111 4002 res
128 3938 212 4005 nunc
229 3957 319 4025 sunt,
348 3944 484 4018 auxiliis,
517 3966 592 4025 quae
612 3966 694 4004 nunc
711 3943 875 4016 mittimus,
906 3940 1040 4024 pericula
1057 3936 1236 4021 propulsare

33 4054 38 4059 ·
59 4049 129 4089 non-
144 4027 327 4112 possimur):
344 4030 397 4105 sed
416 4029 470 4111 qui
487 4028 673 4102 ostenderit,
699 4047 776 4109 quae
795 4041 826 4088 et
849 4038 960 4111 quanta
977 4024 1138 4085 instructio
1158 4042 1252 4095 esse,-

61 4126 96 4174 et
117 4115 201 4175 unde
225 4113 395 4198 comparari
412 4126 503 4196 atque
520 4113 647 4176 retineri
664 4115 776 4196 possit:
802 4115 901 4174 donec
923 4122 976 4170 aut
999 4129 1104 4190 pacem
1128 4107 1233 4188 aequis

61 4200 294 4261 conditionibus
312 4199 483 4274 fecerimus,
500 4213 554 4261 aut
570 4200 674 4260 hostes
693 4198 901 4276 devicerimus.
923 4194 974 4255 Sic
992 4195 1072 4255 enim
1085 4193 1235 4273 deinceps

54 4285 261 4354 -uullisrualis
289 4284 539 4348 conflictabimur.
564 4286 615 4346 Me
639 4283 734 4368 igitur
757 4284 833 4344 baec
854 4299 945 4363 posse
963 4281 1065 4341 dicere
1088 4277 1234 4355 arbitror:

64 4363 331 4459 neclimpedio,·si
349 4372 416 4452 quis
434 4371 509 4432 alius
527 4371 690 4459 pollicetur
706 4368 830 4450 aliquid.
847 4366 893 4426 hc
909 4357 1092 4446 promissum
1110 4359 1234 4441 quidem

1048 4620 1063 4646 ἱ
1223 4644 1230 4659 1
