2722 4754
388 270 396 277 .
431 222 479 308 nt
513 217 806 315 rutilorum
828 221 848 278 1.
1067 206 1080 290 ζ
1185 227 1226 283 25
1316 257 1327 272 ·

80 397 137 466 p⁰¹⁹
150 372 246 455 copias
259 391 321 432 nos
335 373 446 445 habere
461 385 610 454 putamus,
629 393 692 445 eae,
708 394 779 455 pum
793 358 835 433 ad
843 374 939 454 ipsam
950 393 1015 433 rem
1031 386 1157 434 ventum
1170 388 1226 449 est,
1247 406 1251 413 ¹

19 532 21 539 Ι
81 463 139 529 „ihil
152 478 236 541 posse
253 477 365 540 gerere
384 457 660 539 deprehenduntnr.
683 457 736 516 llle
755 471 863 530 autem⁸
874 480 911 520 eo
929 459 1014 522 venit
1031 458 1225 538 insolentiae,
1238 468 1260 509 ·'
1285 538 1289 544 ἢ

19 548 21 557 '
82 564 109 613 nt
120 542 470 629 scribatduboeensibus
486 544 562 604 tales
581 543 640 604 iam
657 542 766 604 literas.
795 558 796 562 ’

494 730 791 819 nicenam'

147 888 220 946 llaec
237 884 346 967 igitur,
362 883 576 960 Athenienses,
595 903 673 966 qnae
689 875 772 946 lecta-
785 881 871 959 s'unt',
889 907 961 946 vera
978 887 1124 968 pleraque
1142 903 1227 963 sunt,
1274 936 1278 945 .

87 975 151 1036 aliter
164 969 442 1050 quamoportcbat:
459 991 523 1029 non
542 983 641 1030 autem
655 971 782 1031 sortasse
799 970 931 1030 iucunda
946 969 1017 1033 sunt
1031 974 1143 1033 auditu.
1161 977 1224 1034 Ve-

85 1081 143 1132 rum,
157 1057 249 1128 sires,
267 1054 451 1141 olfeqsiunis
468 1055 723 1129 vitandae-causa,
741 1069 777 1115 ut
788 1057 880 1116 taceri
896 1057 1055 1130 adicente,
1073 1059 1115 1118 sic
1134 1059 1223 1118 etiam

83 1165 164 1205 revera
179 1151 303 1221 possent
320 1141 469 1200 amoveri:
494 1141 537 1200 ad'
550 1140 736 1222 voluptatem
762 1143 934 1201 auditorum
953 1143 1117 1203 conciones
1135 1142 1223 1203 insti-

83 1228 188 1289 tuendae
204 1236 313 1284 essent.
349 1224 404 1284 Sin
424 1224 568 1285 orationis
586 1224 774 1299 iucunditas,
797 1226 898 1286 alieno
915 1239 1053 1308 tempore
1063 1228 1225 1309 usurpata,

81 1336 108 1374 re
118 1309 398 1394 ipsedetrimentosa
411 1311 461 1370 fit:
478 1323 567 1390 turpe
583 1324 629 1371 est
639 1311 835 1391 semetipsum
849 1311 999 1393 decipere,
1018 1326 1048 1373 et
1062 1335 1095 1374 ea
1113 1315 1225 1387 omnia,
1246 1321 1247 1324 ’

83 1419 146 1478 quae
159 1395 278 1455 molesta
297 1408 387 1468 sunt,
415 1396 586 1455 differendo
602 1397 885 1478 negligere-omnes
897 1397 948 1457 rei
966 1399 1117 1481 gerendae
1137 1420 1223 1459 occa-

64 1484 226 1542 ·siones:.ac
242 1501 282 1539 ne
301 1479 379 1539 illud
397 1480 519 1560 quidem
537 1486 626 1560 posse
644 1481 842 1562 intelligere,
859 1476 966 1542 corum
986 1504 1050 1544 esse
1077 1483 1223 1558 officium,
1236 1478 1283 1544 34

79 1568 122 1647 qui
139 1565 244 1626 bellum
262 1564 490 1639 administrant,
509 1585 577 1625 non.
590 1567 676 1645 sequi
694 1587 761 1638 rcs,
780 1567 833 1626 sed
850 1567 942 1627 rebus
970 1568 1165 1630 antecedere:
1194 1581 1225 1630 et

54 1650 312 1732 quemadmodum
328 1663 484 1730 receptum
501 1660 566 1724 est,
583 1663 619 1710 ut
637 1651 801 1710 exercitum
821 1653 911 1712 ducat
928 1653 1107 1733 imperator,
1132 1654 1225 1727 ,sicet

75 1735 217 1797 acordatis'
233 1734 306 1795 viris
319 1757 369 1795 res
386 1736 631 1809 ducendascsse,
648 1748 693 1809 nt,
712 1736 878 1816 quaeipsis
895 1737 1047 1812 uidentur,
1067 1760 1100 1798 ea
1116 1760 1224 1821 geran-

74 1835 129 1894 tur,
145 1841 204 1880 non
221 1832 258 1879 nt
276 1834 418 1881 eventum
435 1821 578 1901 persequi
597 1833 752 1902 cogantur.
771 1824 852 1880 ¹'Vos
872 1834 990 1896 autem,
1008 1821 1225 1897 Athenienses,

74 1923 130 1966 cum
148 1905 248 1985 copias
265 1905 400 1965 habeatis
420 1907 556 1964 omnium
574 1906 726 1978 maximas,
744 1904 902 1980 triremes,
920 1906 1057 1989 legiones
1068 1909 1225 1988 „equites,

70 1989 348 2072 pecnniae'reditus,
366 2012 405 2049 ne
424 1990 534 2050 harum·
549 1990 673 2071 quidem
691 2012 792 2050 rerum
807 1993 839 2051 in
852 1991 934 2051 hunc
951 2013 1048 2071 usque
1063 1986 1148 2055 diem
1162 1991 1225 2052 nlla
1253 2044 1256 2049 r

69 2097 190 2154 unquam
219 2088 392 2155 opportune
412 2075 484 2136 estis
508 2076 575 2150 usi,
604 2088 643 2136 et·
659 2077 812 2154 neminem
838 2098 902 2136 non
918 2077 1106 2157 sequimini:
1132 2089 1163 2136 et
1187 2088 1224 2136 ut
1298 2144 1305 2155 ,

67 2159 181 2220 Barbari
199 2160 318 2241 pugiles
335 2161 602 2235 dimicaresolent,
620 2162 661 2220 ita
675 2183 730 2221 vos
745 2161 859 2226 bellum
877 2162 982 2244 geritis
995 2184 1062 2221 cum
1075 2161 1224 2242 Philippo.
1245 2177 1250 2189 ³

67 2246 108 2304 Ex
124 2245 157 2304 iia
175 2244 256 2304 enim
275 2246 320 2318 is,
345 2247 398 2326 qui
416 2247 493 2306 ictus
513 2260 576 2321 est,
603 2247 678 2306 ictui
697 2268 817 2327 semper
834 2246 981 2306 inhaeret:
1010 2247 1093 2326 quod
1111 2247 1137 2306 si
1155 2267 1225 2306 enm

65 2330 131 2390 alibi
147 2329 298 2403 verberes,
314 2330 370 2390 illo
386 2354 491 2407 manus
504 2332 662 2392 transfert:
680 2332 773 2391 ictum
789 2344 889 2391 autem
905 2331 1066 2412 depellere,
1085 2344 1137 2392 aut
1151 2352 1224 2391 con-

64 2427 106 2474 tra
123 2415 234 2475 intueri
252 2411 356 2494 neque
372 2417 437 2490 scit,
457 2418 646 2517 nequeuult.
664 2420 707 2476 lta
723 2431 754 2477 et
766 2438 828 2476 uos.
851 2417 885 2474 Si
904 2438 968 2476 csse
987 2417 1019 2475 in
1032 2413 1225 2499 Chersoneso
1317 2478 1321 2482 ,

55 2499 231 2582 Philippum
249 2501 360 2560 auditis
367 2494 383 2560 i·
392 2502 465 2560 illue
482 2503 629 2562 mrtte‘nda
648 2523 713 2560 esse
731 2502 839 2561 auxilia
856 2501 1028 2561 decernitis.
1046 2501 1072 2560 si
1088 2502 1120 2559 in
1132 2500 1226 2584 Pylis,

62 2586 133 2645 illuc
149 2585 207 2644 itis.
224 2585 251 2644 si
267 2585 341 2663 alibi
357 2585 491 2667 uspiam:
516 2584 705 2647 assectamini
724 2608 843 2646 sursum
862 2600 895 2646 et
911 2588 1083 2659 deorsum,
1098 2597 1128 2645 et
1147 2606 1227 2667 eum,

60 2683 95 2730 ut
113 2671 220 2730 ducem
237 2670 366 2744 milites,
393 2672 569 2751 sequimini:
595 2693 695 2751 neque
713 2672 809 2731 ulhrm
827 2671 914 2730 vobis
931 2671 1008 2730 utile
1027 2670 1064 2729 de
1082 2670 1154 2728 belli
1173 2690 1226 2752 ge-

59 2754 151 2814 rendi
164 2755 279 2814 ratione
293 2755 454 2815 consilium
468 2757 565 2816 initis:
581 2777 681 2835 neque
695 2757 855 2836 quicquam
866 2754 1050 2835 prospicitis,
1067 2767 1228 2833 antequam

45 2851 112 2899 aut
130 2839 243 2898 sactum
255 2860 332 2921 ‘esse
351 2840 483 2920 aliquid,
502 2853 554 2901 aut
571 2840 638 2899 fieri
656 2840 790 2900 audiatis.
826 2839 885 2899 lsta
902 2860 974 2900 uero
993 2839 1128 2898 factitare
1154 2837 1228 2897 olim

58 2924 188 2983 fortasse
198 2924 306 2999 licuit:
325 2948 407 2985 nnnc
424 2927 456 2985 in
475 2927 574 3006 ipsum
593 2926 755 3003 discrimen
772 2946 876 2984 rerum
893 2937 1017 2984 ventum
1033 2937 1090 2983 est
1123 2925 1226 2998 Quare

59 3029 122 3069 non
136 3009 195 3067 iam
208 3008 289 3068 idem
304 3009 387 3070 licet.-
401 3011 448 3070 Ac
464 3011 539 3070 mihi
557 3009 704 3092 cogitanti
721 3010 851 3083 videtur,
868 3009 1079 3082 Athenienses,
1098 3008 1226 3067 deorum

19 3118 24 3133 ¹
59 3093 183 3173 aliquis,
201 3115 295 3173 qnem-
309 3107 432 3158 nostrae
448 3095 534 3155 urbis
552 3088 659 3176 uicem,
678 3116 783 3155 eorum
801 3110 878 3175 quae
896 3095 991 3168 fiunt,
1008 3094 1121 3174 pudet,
1139 3092 1228 3152 illum
1322 3096 1324 3101 ’

60 3199 160 3238 rerum
178 3181 380 3261 gerendarum
398 3182 536 3240 ardorem
554 3180 695 3240 iniecisse
710 3179 860 3260 Philippo.
879 3179 941 3254 Qui
956 3179 991 3252 si,
1010 3200 1086 3259 quae
1105 3177 1228 3260 subegit

61 3276 92 3323 et
104 3263 276 3345 intercepit,
295 3286 329 3325 ea
343 3278 449 3326 teuerc
464 3278 495 3326 et
509 3260 664 3346 quiescere
679 3265 781 3337 vellet,
799 3285 838 3324 ne
883 3265 1074 3343 equiequam
1093 3276 1227 3344 praeter·
1316 3336 1320 3344 .

61 3368 95 3410 ea
111 3348 286 3421 moliretur:
311 3359 445 3410 vestrum
472 3352 647 3431 quidam-ea
664 3370 727 3409 non
746 3370 833 3432 aegre
862 3349 939 3409 atnri
950 3349 1026 3407 mihi
1042 3349 1228 3422 viderentur,

65 3454 139 3512 quae
154 3433 340 3514 reipublicae
361 3436 492 3496 dedecus
512 3449 543 3496 et
567 3436 703 3519 ignaviae
723 3435 836 3494 crimen
856 3448 886 3494 et
903 3457 1018 3494 summa
1038 3435 1138 3494 omnia
1155 3454 1229 3515 pro-

66 3517 118 3577 bra
135 3519 311 3581 attulissent.
338 3520 438 3594 Nunc,
456 3523 527 3581 dmn
546 3541 665 3601 semper
682 3521 857 3604 aggreditur
873 3519 988 3600 aliquid
1007 3533 1037 3579 et
1051 3520 1118 3600 plus
1136 3527 1244 3600 appe-'

64 3602 117 3662 tit:
134 3603 257 3664 sortasse
275 3626 331 3665 vos
350 3602 497 3680 evocabit,
516 3606 575 3666 nisi
592 3606 734 3665 de-vobis
748 3606 874 3665 omniuo
887 3605 1074 3686 desperastis.
1091 3598 1158 3688 ligo
1176 3625 1228 3664 ve·
1266 3643 1275 3648 -›

65 3707 99 3746 ro
115 3687 216 3763 miror,
234 3684 261 3749 si
280 3712 371 3751 nemo
390 3704 523 3750 vestrum
541 3712 642 3771 neque
662 3691 791 3773 cogitat,
810 3711 911 3772 neque
929 3690 1114 3773 indignatur,
1133 3708 1228 3771 quan-

68 3773 105 3831 do
120 3771 219 3848 videt,
245 3774 471 3849 Athenienses,
498 3777 612 3837 bellum
632 3776 747 3857 cepisse
763 3776 887 3836 initium
905 3777 943 3836 de
960 3776 1137 3836 ulciscendo
1155 3774 1229 3833 Phi-

68 3856 159 3937 lippo:
183 3861 276 3920 linem
295 3873 396 3921 autem
415 3862 447 3920 in
466 3882 502 3921 eo
520 3861 580 3921 iam
604 3853 735 3935 versari,
761 3883 800 3937 ne
819 3850 877 3942 ipsi
903 3860 1037 3923 cladibus
1064 3861 1231 3920 afficiamur

70 3942 240 4026 aPhilippo.
258 3949 374 4005 Verum
394 3965 462 4006 eum
481 3967 545 4007 non
564 3947 747 4027 quieturum,
765 3947 959 4028 perspicuum
975 3960 1030 4020 est,
1049 3945 1108 4023 nisi
1122 3945 1158 4005 'ab
1174 3944 1229 4004 ali-

71 4048 128 4106 qno
145 4028 327 4091 coerceatur.
346 4032 379 4090 Id
398 4032 407 4090 i
430 4031 491 4091 itur
508 4052 565 4092 nos
584 4031 822 4112 expectabimus:
848 4045 880 4093 et
896 4032 1034 4093 triremes
1052 4052 1174 4101 vacuas,
1199 4041 1231 4089 et
1333 4100 1339 4113 .

71 4133 148 4193 spem
163 4135 180 4173 a
198 4115 303 4175 nescio
322 4137 384 4196 quo
408 4054 516 4176 iactam
534 4117 560 4176 si
586 4117 746 4190 miseritis,
772 4117 873 4177 omnia
899 4117 1048 4197 praeclara
1066 4137 1097 4175 se
1115 4114 1228 4175 habere

71 4197 228 4277 putabitis?
251 4189 325 4260 Non
343 4201 552 4284 egrediemur?
578 4223 643 4262 non
661 4201 807 4262 exibimus
826 4201 884 4283 ipsi
902 4213 986 4281 parte
1005 4200 1110 4264 saltem
1129 4198 1229 4277 aliqua
1255 4240 1259 4245 -

73 4283 302 4345 domesticorum
319 4285 449 4345 militum
462 4308 554 4361 nunc,
572 4287 722 4368 siquidem
734 4286 766 4346 id
779 4287 862 4368 prius
879 4285 991 4345 factum
1005 4306 1068 4344 non
1083 4283 1146 4343 est?
1163 4302 1227 4341 non

73 4367 213 4432 ditionem
227 4368 299 4430 eins
318 4370 410 4431 classe
428 4371 623 4434 invademus?
641 4370 684 4434 At
701 4393 765 4452 quo
776 4369 988 4455 appellemus?
1005 4379 1095 4451 roget
1111 4363 1227 4446 aliquit·
1274 4418 1278 4431 .

299 4560 303 4567 .
393 4538 405 4565 -d
