2722 4754
295 141 299 146 Ι
362 90 367 123 l

384 167 657 257 aurursus
687 128 1004 266 ,ιιιιιιιιιιιιι
1174 142 1310 264 *423²

100 334 136 384 et
156 304 349 384 contendere
363 320 638 404 coepit-arbitrum
657 321 715 383 sihi
734 343 799 383 esse
816 310 1010 397 Aristoclem,
1027 323 1205 384 Phocriturn
1223 330 1277 384 aoss

99 421 172 469 tem
184 421 216 469 ct
228 428 277 468 me
290 429 354 468 non
368 408 450 474 alind
458 407 572 485 habere
586 407 784 481 auctoritatis,
802 409 862 469 nisi
878 411 995 492 negotii
1008 431 1068 471 una
1080 410 1278 492 transigendi,

100 495 210 559 Verba
228 493 302 555 hacc
320 493 526 576 aegre-ferens
545 492 694 552 Parmeno
711 493 903 574 postulabat,
921 508 956 554 ut
972 495 1140 572 Aristocles
1159 495 1276 557 tabulas

100 581 275 661 proferret,
301 600 365 639 ιιοιι
380 576 490 658 procul
509 597 574 636 esse
599 577 818 656 quaerendum·
832 594 1044 661 argumentum
1063 577 1225 655 dictitans,
1251 582 1277 645 si

100 688 166 746 qua
183 665 265 724 fraus
283 663 315 723 in
334 661 444 743 tabulis
463 663 622 722 commissa
640 676 729 737 esset,
747 670 942 743 quas'servus
961 664 1138 745 scripsisset
1161 666 1281 727 As'sen-¹
1313 722 1318 727 .

100 770 156 811 sus
174 748 360 823 Aristocles,
378 769 410 807 se
429 747 617 827 prolaturum
630 749 807 830 pactionem
825 749 858 808 in
877 763 1090 829 conspectum,
1109 773 1165 811 nec
1183 751 1276 812 hodie

99 835 329 917 protulit·:„sed
347 834 384 907 ad
403 833 512 897 dietam
531 832 611 892 diem
629 831 661 892 in
680 835 754 895 aede
772 833 902 894 Vulcani
918 835 1076 913 nobiscum
1095 857 1276 918 congressus

101 919 483 1002 praetexebat,'puerum,
509 919 580 977 dum
598 918 675 978 scis
695 932 899 1000 exspectaret,
916 918 1051 978 amisisse
1069 919 1185 979 tabulas
1204 923 1276 981 dor-

63 1017 66 1021 ’
101 1005 259 1065 inientem.
277 1003 396 1063 Auctor
410 1015 512 1068 autern
526 1015 557 1063 et
570 1003 692 1064 adiutor
708 1005 796 1064 istius
815 1005 980 1065 commenti
993 1017 1042 1066 est
1052 1003 1103 1063 ille
1120 1025 1136 1062 e
1149 1004 1275 1066 Piraeeo

101 1091 241 1151 medicus
259 1088 396 1172 Eryxias,
412 1087 558 1147 Aristocli
576 1088 740 1163 familiaris,
759 1112 812 1170 qm
803 1089 920 1164 idem,
939 1089 1050 1170 quod
1040 1088 1183 1148 mimicus
1200 1089 1276 1148 mihi

53 1229 58 1237 ,
102 1188 161 1276 est,
179 1175 213 1234 in
226 1172 292 1234 hoc
309 1173 472 1233 discrimen
490 1194 538 1231 me
552 1173 683 1234 adduxit
701 1175 747 1233 Ac
763 1175 969 1259 praetendisse
982 1174 1166 1237 Arrstoclem
1184 1173 1274 1237 amis-
1294 1218 1301 1233 s

23 1321 25 1328 ,
100 1260 223 1321 sionem
241 1258 422 1371 tabularum,
440 1277 457 1317 e
474 1257 658 1320 testimoniis
678 1258 815 1320 audietis.

505 1409 873 1455 lESTlMONlA

188 1502 281 1572 lam
281 1511 375 1596 igitur
400 1490 548 1571 abolitum
575 1524 658 1572 erat
664 1513 915 1597 compromissum
944 1515 1116 1622 pactione
1110 1513 1223 1574 abolita
1241 1527 1273 1574 et

35 1608 41 1619 ’
98 1597 223 1659 arbitris
240 1596 414 1678 repudiatis
449 1596 549 1656 Aliam
574 1609 676 1658 autem‘
695 1598 827 1660 scribere
852 1599 1025 1679 pactionem
1044 1597 1116 1667 cum
1130 1599 1271 1660 instituess
1286 1610 1289 1615 ’

25 1714 30 1759 2
97 1696 185 1769 rent:
205 1683 243 1742 de
262 1703 296 1743 ea
315 1682 533 1755 dissenserunt,
552 1683 662 1765 quod
653 1696 711 1744 rste
724 1685 760 1744 ad
775 1683 969 1758 Aristoclem,
988 1685 1136 1745 Parmeno
1154 1686 1192 1744 ad
1209 1697 1272 1745 tres

98 1770 183 1841 illos,
202 1766 339 1848 quibus
330 1767 420 1826 mitio
439 1766 597 1827 commissa
616 1782 714 1842 esset,
731 1791 796 1833 rem
816 1770 927 1829 delerri
945 1769 1074 1830 nolebat.
1091 1756 1273 1844 Caeterum,

100 1847 244 1955 pactione
262 1853 318 1912 alia
336 1873 400 1911 non
418 1850 528 1933 scripta
545 1853 703 1933 primaque
720 1854 849 1929 abolita,
868 1875 905 1914 eo
925 1839 1131 1935 impudentiae
1148 1875 1272 1954 profes·
1303 1875 1323 1920 .·

55 1975 63 1995 ,
100 1941 143 1999 sit
160 1938 269 2018 inqua
259 1936 418 1997 ‘'tabulas
409 1918 614 2011 aboleverat,
633 1952 668 1998 ut
685 1938 751 2019 ipse
767 1961 851 1999 unus
864 1962 897 1999 se
913 1959 972 2020 pro
990 1938 1116 1999 arbitrio
1134 1935 1271 2019 pron'un-
1283 1946 1284 1949 ’

98 2025 245 2089 tiaturum
264 2022 435 2082 affirmaret.
469 2022 619 2085 Parmeno
637 2035 754 2121 autem,
779 2020 908 2085 testibus
927 2025 1098 2100 advocatis,
1116 2023 1273 2113 interdixit

29 2162 36 2177 ,
98 2107 259 2182 Aristocli,
282 2127 321 2166 ne
341 2119 446 2166 contra
463 2106 633 2201 pactionem
653 2107 719 2166 sine
738 2109 896 2168 coarbitris
915 2120 1072 2167 contrane
1090 2106 1272 2168 serretsen-

98 2193 236 2271 tentiam,
253 2191 299 2253 Ac
317 2191 428 2272 quihus
446 2186 655 2275 praesentibus
674 2193 816 2267 vetuerit,
835 2192 937 2253 audite
957 2191 1191 2304 testimoninm..

453 2343 892 2420 TESTIMONIUM.
969 2307 974 2314 Ι

77 2450 81 2457 “
184 2447 260 2507 Post
277 2446 351 2506 haec
369 2446 590 2506 Parmenonem
609 2445 720 2507 acerba
733 2447 831 2507 clades
850 2445 1019 2527 oppressit,
1038 2445 1164 2505 ludices
1192 2442 1270 2544 Cum

34 2578 39 2587 „
83 2529 201 2605 cuim,
225 2545 262 2593 ut
278 2529 374 2612 patria
392 2531 515 2623 ιιιιΙιιιε,
540 2530 878 2615 Ophrymphabrtaret
899 2531 954 2593 illo
971 2529 1193 2615 terraemotu,
1216 2528 1270 2609 qui

97 2616 235 2677 accidit
225 2639 258 2676 ιιι
277 2602 487 2690 Chersoneso,
506 2617 644 2695 collapsis
663 2617 798 2691 aedibus,
818 2631 849 2678 et
865 2637 944 2677 uxor
961 2616 1026 2677 eius
1045 2627 1077 2675 et
1093 2613 1183 2681 liberi
1200 2635 1270 2701 pep-

98 2701 207 2762 ierunt.
243 2701 338 2776 Qua
328 2721 394 2781 lpse
413 2659 579 2761 calainitate
598 2702 716 2775 audita,
741 2722 817 2763 nave
835 2717 985 2765 concensa
1001 2700 1073 2761 hinc
1091 2698 1173 2761 abiit
1198 2678 1270 2759 Ari-
1332 2747 1339 2755 ,

94 2780 209 2848 stocles
228 2798 347 2859 autem,
365 2807 435 2845 cum
452 2787 601 2849 Parmeno
619 2784 747 2847 testibus
765 2787 907 2850 adhibitis
925 2782 1098 2856 uetuisset,
1104 2799 1153 2857 ne
1163 2795 1291 2847 contra

52 2871 57 2875 ’
99 2892 134 2931 se
149 2869 263 2952 absque
281 2869 439 2930 coarbitris
456 2870 683 2951 pronuntiaret.
702 2866 826 2931 homine
841 2885 968 2952 propter
980 2866 1181 2935 calamitatem
1198 2868 1271 2929 hinc
1298 2881 1338 2936 58

95 2953 249 3036 prolecto,
267 2955 422 3015 absentem
434 2955 661 3015 condemnavit
680 2957 725 3015 Ac
744 2977 803 3038 ego
822 2957 945 3036 quidem
958 2969 988 3016 et
999 2941 1183 3037 Phocritus
1175 2976 1207 3013 ιιι
1220 2974 1270 3013 ea-

98 3040 167 3100 dem
186 3040 328 3120 pactione
347 3040 480 3120 scripti,
488 3040 632 3120 quoniam
650 3040 707 3099 iste
727 3041 945 3114 contenderat,
969 3061 1036 3101 non
1053 3060 1118 3098 esse
1137 3038 1195 3098 sibi
1213 3059 1270 3099 nos

42 3192 51 3203 .
70 3146 78 3182 5
96 3120 239 3198 arbitros,
257 3124 458 3193 abstinuimus
477 3124 616 3185 arbitrio:
634 3124 684 3184 ille
702 3139 814 3225 autem,
831 3147 900 3186 cum
919 3146 983 3192 ιιοιι
1001 3125 1094 3184 modo
1113 3145 1177 3189 non
1196 3143 1270 3183 corr-⁴

46 3257 50 3261 .
97 3231 234 3282 cessum,
267 3211 320 3270 se'd
346 3210 541 3270 interdictum
567 3203 657 3269 etiarn
682 3210 712 3296 ei
737 3223 832 3285 esset,
862 3210 1062 3271 nibilominus
1087 3208 1274 3284 sententiam

95 3295 182 3355 tulit.
204 3295 237 3354 id
256 3294 340 3374 quod
358 3316 459 3374 neque
476 3308 626 3369 vestrm,
644 3315 744 3395 neque
762 3295 951 3396 reliquorum
970 3280 1268 3359 Atheniensiumia

34 3379 39 3382 ’
97 3400 167 3441 cere
185 3380 347 3478 quisquam
365 3382 497 3440 auderet
541 3379 660 3454 Quae
651 3379 746 3462 igitur
762 3403 795 3440 ιιι
813 3380 980 3441 abolitione
998 3379 1169 3441 tabularum
1187 3379 1268 3441 etin
1334 3454 1337 3460 ι

43 3488 56 3500 ·
96 3464 249 3526 sententia
267 3465 384 3524 arbitrii
397 3464 562 3545 Apaturius
582 3477 613 3523 et
630 3465 743 3525 arbiter
759 3465 810 3526 ille
831 3461 1073 3548 designarunt,
1064 3486 1105 3536 rs,
1124 3483 1183 3530 cur
1164 3463 1270 3523 lacta
1301 3462 1318 3532 J

96 3563 144 3611 est
162 3550 289 3624 iniuria,
308 3573 333 3610 ιι
325 3551 475 3650 quando
493 3548 619 3613 redierit
636 3550 816 3624 incolumis,
833 3551 1005 3611 ulciscetur.
1032 3549 1197 3649 Postquam
1215 3570 1268 3613 au

96 3649 158 3696 tem
178 3657 216 3695 eo
235 3635 385 3717 processit
401 3635 607 3735 impudentiae
624 3634 806 3715 Apaturius,
825 3629 861 3695 ut
879 3649 910 3696 et
927 3656 975 3695 me
994 3634 1026 3697 in
1044 3634 1091 3695 ius
1109 3646 1216 3733 vocet,
1235 3654 1269 3693 ac

97 3721 294 3795 criminetur,
312 3741 378 3793 me,
397 3721 502 3820 quanti
521 3720 714 3780 damnaretur
730 3721 899 3793 Parmeno,
917 3721 1089 3781 soluturum
1107 3718 1269 3798 recepisse,

77 3819 130 3872 ‚et
142 3828 195 3867 me
214 3826 396 3906 sponsorem
414 3805 445 3867 iu
465 3804 603 3865 tabulis
592 3806 772 3886 inscriptum
791 3826 856 3869 esse
875 3805 949 3865 aiat.
959 3806 1018 3866 ita
1035 3805 1082 3865 uti
1101 3805 1191 3864 decet
1206 3802 1270 3863 tale·

97 3891 230 3952 refutare
250 3891 385 3969 crimen,
413 3889 543 3971 primum
562 3889 655 3951 vobis
668 3892 813 3951 adducam
830 3904 944 3964 testes,
972 3911 1036 3954 ιιοιι
1054 3911 1103 3949 me
1120 3910 1176 3969 pro
1194 3888 1268 3970 Par·

98 3997 231 4037 menone
255 3975 481 4076 spopondisse,
504 3976 557 4036 sed
581 3973 769 4057 Archippum
795 3975 1053 4060 Myrrhinusium,
1080 3986 1152 4074 post
1176 3966 1268 4042 ctiam

97 4060 284 4144 argumentis
311 4067 359 4120 me
385 4060 564 4134 delendam,
591 4060 718 4121 ludices.
760 4065 821 4120 lam
847 4063 977 4143 primum
1006 4059 1143 4119 omnium
1167 4059 1301 4158 ίιιιιιιιι

96 4147 166 4207 mihi
183 4160 319 4228 tempus,
333 4145 515 4209 ementitum
531 4165 599 4205 esso
612 4145 745 4221 crimen,
740 4156 890 4207 testatrrr.
909 4143 1173 4227 Compromissum
1185 4143 1267 4211 enim

96 4232 130 4293 ah
155 4233 218 4292 isto
245 4245 277 4292 et
299 4232 489 4292 Parmenone
513 4251 593 4298 anno
618 4231 728 4293 abhinc
751 4230 855 4297 tertio
867 4232 980 4311 lactum
1005 4242 1051 4290 est
1075 4242 1107 4316 et
1129 4228 1267 4314 cognitio
1292 4271 1296 4281 ι

29 4343 36 4348 ·
96 4317 276 4388 Aristoclisz
312 4315 487 4383 sortitiones
518 4328 618 4377 autem
647 4315 830 4395 iudiciorum
859 4314 1077 4413 mercatoribus
1106 4326 1267 4393 semestres
1319 4356 1324 4370 .
