2722 4754
83 130 254 268 „eoas
406 113 820 290 ndnosrnnms
812 101 1027 242 onemo
1114 150 1136 235 .'

41 362 51 401 ί
132 352 189 425 ,ΒΒ
194 336 413 402 transactiones
440 355 508 394 cum
532 284 660 413 reliquis
685 288 888 398 creditoribus
914 312 975 399 huc
993 334 1182 407 conferenti:
1207 320 1260 393 sed
1278 337 1315 395 ad

69 445 79 461 ·
130 394 358 509 xs'yirgrapham.
366 442 435 485 eum
453 432 593 484 revocate
612 431 642 478 et
661 420 698 479 ad
717 418 853 493 eriora,
878 442 955 499 quae
974 421 1005 479 in
1025 403 1198 519 syngrapha
1217 420 1315 479 conti-

50 503 61 521 ‘
145 521 265 569 nentur.
300 507 376 568 Nam
394 505 469 569 illud
488 504 564 564 mihi
586 504 714 584 amplius
743 505 892 569 edocendi
912 506 999 579 estis,
1028 526 1090 585 quo
1116 504 1174 564 iste
1194 505 1316 584 potissi-

43 607 60 649 Β.
100 596 106 645 ἶ
144 614 227 652 mum
245 591 375 664 nititur,
398 612 553 664 asserens,
579 602 754 650 conservata
774 600 848 649 nav'e
865 591 1071 658 reddendum
1075 611 1142 649 esse
1148 590 1315 649 ‘amutuum

144 687 201 738 nos
227 697 351 755 quoque
377 677 580 748 contendere,
606 675 650 734 sic
674 695 739 735 esse
762 664 955 734 laciendum.
972 677 986 733 Ι
985 675 1072 736 ubet
1096 687 1200 734 autem
1225 696 1262 733 ex
1287 687 1320 734 te.

60 774 121 828 323
145 763 224 843 ipso
233 764 394 841 quaerere,
419 774 529 821 utrum
542 761 578 819 de
597 775 673 819 nave
695 772 730 819 ut
748 761 882 841 perdita,
909 782 947 819 an
965 781 1037 820 vero
1056 772 1092 819 ut
1111 761 1148 819 de
1168 759 1315 818 incolumi

62 919 65 927 .
146 849 283 909 disseras
325 847 445 909 Nam
421 869 445 906 s1
464 846 547 906 navis
567 858 708 924 corrupta
726 859 772 904 est
790 858 880 923 atque
899 846 1031 906 interiit:
1064 846 1138 925 quid
1159 845 1197 903 de
1207 845 1314 905 usuris

110 960 113 965 ⁴
143 924 324 1006 contendis,
353 945 383 991 et
406 932 502 1012 petis,
528 943 563 989 ut
589 951 693 989 usuras
719 930 910 990 Rhodienses
935 932 1133 1010 accipiamus,
1163 951 1233 989 cum
1260 950 1313 990 nec
1344 960 1347 966 ·

143 1040 268 1090 usuras,
293 1038 357 1093 nec
368 1030 480 1075 sortem
499 1036 555 1075 nos
573 1015 709 1094 recipere
728 1011 906 1074 conveniat?
942 1016 996 1074 Sin
1014 1014 1178 1075 incolumis
1199 1028 1246 1073 est
1263 1038 1314 1075 na-

18 1168 20 1176 ,
137 1104 188 1170 ,vis
208 1116 319 1162 etnon
338 1102 469 1161 interiit:
496 1100 656 1160 curnobis
674 1100 837 1199 pecuniam
853 1121 916 1160 non
933 1103 1052 1174 reddis,
1079 1123 1183 1183 quam
1190 1100 1223 1158 in
1242 1122 1312 1184 syn

55 1188 57 1199 '
98 1213 101 1218 ⁴
143 1188 255 1270 grapha
273 1185 459 1266 promisisti?
477 1185 593 1243 Unde
584 1184 689 1265 igitur
696 1185 860 1245 certissime
879 1187 1083 1267 cognoscetis,
1094 1184 1314 1285 Athenienses,

53 1283 63 1339 '.
108 1325 110 1330 ,
142 1292 250 1332 navem
269 1293 334 1339 esse
352 1269 577 1355 conservatam?
596 1269 723 1331 Maxime
742 1291 778 1328 ex
796 1291 833 1329 Βο
851 1271 928 1350 ipso,
947 1273 1030 1350 quod
1049 1270 1131 1330 eain
1145 1270 1312 1352 navigatio-

64 1376 75 1415 ¹.
93 1352 113 1421 f
141 1377 182 1423 ΒΒ
201 1369 258 1416 est:
280 1377 387 1443 neque
398 1357 499 1416 minus
517 1368 618 1415 tamen
638 1376 673 1413 ΒΒΒ
691 1356 764 1435 ipsis
782 1355 910 1414 istorum
926 1356 1034 1415 verbis.
1049 1354 1216 1442 l'ostulant
1235 1356 1312 1415 eninr

53 1461 63 1480 ⁸
141 1462 168 1502 a
182 1441 289 1514 nohis,
314 1455 350 1501 ut
374 1455 486 1502 sortem
510 1430 691 1521 recipiamus
715 1453 746 1500 et
766 1453 884 1521 partem
899 1443 1053 1525 quandam
1077 1461 1256 1513 usurarum,
1278 1454 1313 1502 ut

50 1598 52 1603 ‚
88 1568 91 1573 .
129 1523 230 1606 quac,
247 1548 315 1585 cum
334 1527 471 1598 evaserit,
489 1533 555 1585 non
569 1538 682 1585 tamen
690 1545 824 1591 omnem
831 1547 953 1585 cursum
971 1526 1144 1588 absolverit.
1173 1525 1311 1605 Spectato

139 1616 261 1694 autem,
286 1610 506 1686 Athenienses,
532 1630 644 1682 nosne,
668 1631 706 1668 an
719 1608 775 1669 isti
799 1611 1016 1692 syngraphae
1007 1631 1073 1670 mre
1091 1623 1234 1695 utantur,
1260 1633 1310 1690 qm
1330 1650 1336 1661 .

58 1722 69 1736 Β
141 1716 242 1774 neque
261 1693 293 1754 in
312 1693 511 1755 constitutum
529 1708 694 1755 mercatum
713 1695 900 1778 navigarunt,
919 1697 972 1755 sed
991 1696 1137 1755 Rhodum
1147 1707 1187 1754 et
1205 1696 1238 1754 in
1252 1695 1308 1756 Ac

141 1793 285 1865 gyptum,
311 1793 342 1840 et
360 1792 535 1840 conservata
553 1801 661 1853 nave,
671 1801 734 1839 non
752 1781 886 1860 perdita,
912 1801 944 1840 se
968 1781 1183 1861 remissionem
1207 1802 1310 1840 usura-

61 1864 68 1911 ἶ
83 1874 106 1909 ,⁴
140 1879 209 1925 rum
227 1866 405 1925 inventuros
423 1876 555 1945 sperant,
573 1865 743 1958 syngrapha
760 1865 890 1924 ΒίοΙΒΒΒΒ
902 1888 970 1925 cum
989 1866 1047 1946 ip'si
1066 1887 1102 1924 ex
1116 1865 1311 1947 nayigatione

57 2020 62 2025 ι
139 1946 335 2010 frumentaria
353 1949 523 2010 Rhodiensi
542 1971 667 2032 magnos
687 1962 829 2029 quaestus
847 1950 985 2024 fecerint,
1003 1960 1203 2030 nostramque
1221 1973 1310 2032 pecu-

138 2032 223 2094 ariam
247 2035 407 2116 alterum
397 2057 455 2094 ram
481 2035 592 2095 annum
617 2047 741 2094 teneant
765 2047 796 2093 et
819 2048 984 2094 exerceant.
1020 2037 1143 2096 Novum
1162 2049 1265 2097 autem
1283 2050 1310 2096 et

139 2120 318 2180 inusitatum
337 2119 507 2199 quiddam
498 2121 548 2179 asti
566 2120 743 2178 moliuntur.
763 2120 839 2179 Nam
858 2134 927 2178 curn
945 2134 1059 2181 sortem
1077 2112 1227 2201 pectiniae
1246 2145 1308 2183 ΒΒΒ-

28 2218 34 2235 ’
55 2258 58 2263 .
111 2209 116 2215 ’
139 2217 210 2269 tuae
228 2203 334 2276 nobis,
352 2217 387 2262 ut
405 2217 520 2264 servata
538 2220 631 2276 nare,
655 2205 845 2277 restituant,
851 2205 951 2264 usuris
961 2205 1157 2279 fraudandos
1176 2214 1309 2280 c‘enseat,

56 2320 63 2335 ι
98 2300 281 2367 ‘tanquam
299 2289 425 2368 perdita.
461 2289 638 2371 syngrapha
657 2308 728 2348 vero
748 2306 811 2347 non
829 2277 911 2349 aliud
931 2290 1003 2349 dicit
1022 2293 1060 2350 de
1078 2292 1198 2364 usuris,
1226 2292 1307 2352 aliud
1342 2282 1345 2287 ¹

91 2381 114 2401 ⁴*
139 2374 177 2431 de
196 2386 278 2431 sorte
295 2373 408 2441 mutui:
427 2375 480 2435 sed
500 2373 671 2435 communia
690 2371 754 2432 iura
773 2374 810 2432 de
829 2373 1031 2455 hisutrisq'ue
1050 2389 1136 2450 sunt,
1153 2390 1185 2438 et
1201 2379 1305 2438 eadem

88 2472 91 2487 ¹
137 2457 317 2537 reposcendi
335 2471 477 2538 potestas.
520 2459 626 2536 Recita
645 2459 719 2536 mihi
737 2459 838 2518 denuo
857 2461 1070 2542 syngrapham.
1190 2486 1215 2543 j

552 2609 894 2663 SYNGRAPHA

157 2708 378 2770 Athenis
370 2734 402 2770 rn
417 2672 613 2794 Aegyptum,
638 2725 668 2772 et
687 2734 723 2772 er
740 2712 884 2814 Aegypto
903 2714 1047 2775 Athenas.

52 2832 54 2841 .
94 2814 97 2821 ·
177 2797 342 2855 Auditis
368 2797 587 2856 Athenienses.
594 2796 784 2872 Athenis,
795 2799 928 2880 inquit,
937 2801 969 2860 iu
993 2786 1191 2884 Aegyptum,
1218 2815 1248 2862 et
1271 2825 1306 2863 ea

31 2904 33 2916 ·
137 2878 281 2963 Aegypto
300 2881 443 2942 Athenas.
487 2882 543 2941 Dic
562 2856 687 2962 reliqua.

1126 2994 1208 3039 ΓΒ,
1268 3022 1271 3033 Ι

550 3035 889 3080 SYNGRAPHA.
1025 3034 1088 3064 ΓΡ

222 3136 372 3195 Incolumi
388 3154 506 3195 reversa
524 3157 599 3198 nare
617 3138 651 3201 in
667 3138 833 3213 Piraeeum

219 3220 358 3291 ludices,
375 3221 470 3279 facilis
490 3214 615 3299 omnino
633 3224 712 3297 ratio
729 3224 816 3285 robis
837 3236 881 3284 cst
899 3224 989 3289 huius
1008 3247 1116 3289 causae
1137 3207 1301 3286 diiudican-

92 3305 203 3377 dae,
221 3327 322 3384 neque
341 3306 443 3365 multis
460 3307 559 3366 verbis
580 3321 626 3367 est
644 3329 728 3388 opus.
753 3310 867 3368 Navem
887 3309 966 3368 enirn
984 3309 1079 3369 luisse
1099 3325 1301 3371 conservatam·
1346 3324 1349 3329 '

52 3397 115 3471 324
137 3403 168 3450 ΒΒ
180 3411 245 3450 esse
260 3391 455 3462 incolumem,
473 3392 563 3452 etiam
579 3393 635 3452 isti
648 3392 705 3474 ipsi
696 3393 922 3453 confitentur:
940 3395 1055 3475 alioqui
1073 3417 1176 3476 neque
1193 3409 1301 3465 sortem
1327 3465 1330 3473 Ι

48 3499 57 3529 Β
95 3477 314 3549 redderent,
341 3498 397 3536 nec
415 3499 580 3538 usurarum
604 3492 719 3559 partem
744 3479 856 3538 ullam.
878 3481 921 3538 At
943 3500 1006 3540 non
1030 3483 1178 3560 perduota
1205 3493 1262 3547 est,
1271 3482 1300 3541 in

66 3590 83 3648 j
135 3558 302 3621 Piraeeum.
337 3561 411 3620 Eo'
402 3583 468 3642 ipso
486 3584 543 3622 nos
564 3564 756 3624 creditores
748 3564 888 3666 rniurqam
908 3564 1034 3624 dicimus
1053 3566 1121 3626 fieri
1140 3566 1303 3638 nohis,et

51 3653 53 3657 '
118 3657 190 3706 'vos
209 3668 392 3730 accusamus,
411 3649 521 3725 quod
511 3671 543 3706 ΒΒ
562 3649 761 3723 constitutum
778 3656 942 3708 mercatum
962 3672 1024 3709 non
1043 3650 1212 3743 appulerit:
1229 3651 1315 3732 Dio-p

135 3733 308 3815 nysodorus
327 3744 426 3792 autem
446 3752 477 3791 se
496 3754 619 3814 peccare
638 3747 729 3816 negat
746 3747 872 3814 propter
890 3736 974 3794 hoc
965 3758 1078 3815 ipsum:
1100 3757 1205 3817 neque
1224 3738 1302 3797 enim

18 3824 42 3883 ¹,
134 3818 303 3877 reddendas
322 3838 387 3877 esse
404 3839 509 3877 usuras
530 3839 653 3891 omnes,
681 3842 748 3878 cum
767 3820 850 3880 navis
869 3819 900 3879 in
919 3821 1076 3881 Piraeeum
1095 3844 1160 3882 non
1180 3825 1303 3904 appule-

27 3904 32 3976 j
103 3906 114 3929 ‘'
135 3903 183 3962 rit
219 3903 303 3985 Quid
322 3915 422 3963 autem
440 3906 627 4002 sy·ngrapha
625 3904 720 3963 dicit?
751 3905 838 4005 Non,
866 3905 906 3965 ita
924 3927 972 3965 me
991 3922 1071 3968 amet
1088 3909 1225 3988 luprter,
1256 3929 1302 3969 ea-

67 4030 72 4039 .
113 3988 238 4077 dem,
251 4009 327 4066 quae
352 4001 404 4063 tu,
429 3987 673 4072 Dionysodore:
696 3991 798 4053 sed
768 3991 826 4050 msi
849 3990 1019 4053 reddideris
1045 4006 1162 4053 sortem
1183 4007 1214 4053 et
1232 4017 1304 4057 usu-

95 4114 97 4121 .
135 4073 200 4143 ras,
223 4085 276 4132 aut
293 4074 318 4132 si
337 4074 415 4152 quid
429 4074 510 4132 aliud
530 4087 634 4135 contra
652 4076 852 4158 syngrapham
872 4077 1075 4153 commiseris,
1099 4079 1226 4160 duplam
1245 4080 1303 4140 sol-

137 4174 208 4215 vere
232 4158 411 4238 pecuniam
419 4172 449 4218 te
472 4159 565 4219 iubet.
599 4161 681 4242 Age
692 4160 784 4220 hoc*
775 4179 873 4241 ipsum
900 4159 974 4221 mihi
998 4165 1193 4275 syngraphae
1216 4177 1304 4291 eaput

18 4260 20 4264 ·
68 4271 88 4287 ι·
136 4241 249 4347 recita.
378 4282 384 4297 .
475 4285 479 4293 .
623 4266 633 4301 Β
