2746 4748
126 174 194 235 ιιι
272 120 305 193 ’3
383 119 1041 264 υι·ιιρ,ειιιιιιιίειιιοιιιιι.ο
1131 206 1137 210 ›

20 391 24 397 ,
84 362 98 402 g
127 339 201 390 sunt
217 348 234 390 a
251 325 358 388 Sextili
374 317 472 405 usque
491 325 529 386 ad
546 325 704 398 Martium,
722 338 767 400 ut,
784 325 832 410 ius
846 348 940 386 suum
957 326 1063 387 statim
1081 324 1205 406 adepti,
1221 320 1291 385 uari-
1310 330 1317 347 '

128 426 210 498 g'eut.
246 412 367 488 Quodsi
391 431 449 494 ego
481 431 585 471 revera
612 430 750 492 sponsor
772 410 819 470 su'i
842 411 1060 472 Parmenonis-r
1095 433 1154 488 eur
1176 410 1290 492 primun

128 521 194 561 uon
211 498 328 571 statim,
345 498 421 557 facta
433 496 632 578 cognitione,
657 517 804 576 sponsum
823 497 981 579 exigebat?
1007 517 1068 557 uec
1088 496 1175 556 euim
1193 496 1292 556 scilieet

95 625 100 635 ›
129 584 189 644 boc
216 576 324 642 dicere¹
340 594 459 662 potest,
485 601 518 640 se
543 594 670 661 propter
694 580 864 675 amicitiam·
881 595 1017 643 nostram
1040 583 1218 666 molestum
1240 601 1291 641 esse

129 667 205 729 mihi
223 667 367 727 uoluisse.
392 667 459 749 Ego
480 665 564 724 enim
582 664 664 724 mille
683 666 838 726 drachmas
857 663 1061 733 Parmenonis
1082 663 1197 745 o‘diose
1213 667 1291 726 abeo

97 787 104 803 ν
129 772 313 835 exegeram
333 765 363 812 et
381 772 450 810 cum
468 771 574 810 navem
592 749 810 831 protraheret,
827 751 902 812 clam
920 775 953 813 se
971 753 1189 813 subducturus
1208 765 1237 812 et
1251 751 1292 811 de-

125 837 196 900 bito
214 837 364 903 mensurio
384 836 593 911 fraudaturus,
617 858 634 894 a
652 857 700 894 me
718 834 892 917 prohibitus
909 838 1016 921 fuerat
1045 837 1191 897 Proinde
1207 837 1233 896 si
1244 856 1293 918 ego

101 948 104 952 ·
130 943 186 1005 pro
211 923 402 982 Parmenone
426 919 519 980 fidem
541 941 638 980 meam
664 920 908 981 obstrinxissem:
934 944 998 983 uon
1022 923 1127 983 tertio.
1149 943 1231 982 anno
1252 922 1293 980 de-

130 1029 229 1082 mum,
257 1006 312 1067 sed
329 1018 394 1066 tu'm
411 1005 511 1065 statim
531 1026 580 1067 me
598 1006 636 1065 de
654 1006 820 1087 sponsione
838 1007 1025 1103 appellasset
1071 1007 1117 1067 At
1135 1006 1294 1066 abundabat

27 1084 40 1102 ”
122 1092 258 1175 opibus,
276 1093 389 1163 credo,
412 1102 449 1150 ut
474 1090 502 1148 ei
526 1090 616 1150 etiam
640 1104 711 1171 post
735 1112 784 1151 me
809 1094 973 1152 convenire
997 1093 1126 1153 liceret:
1151 1099 1221 1152 'tum
1236 1111 1294 1151 vero
1325 1122 1330 1135 ·

130 1176 302 1261 navigando
322 1187 385 1236 erat
403 1189 575 1256 occupatas.
594 1179 657 1235 Imo
676 1187 803 1257 propter
817 1177 956 1258 inopiam*
967 1176 1110 1238 et‘bonis
1127 1178 1294 1252 suiscesse-

59 1326 64 1335 ,
131 1275 179 1325 rat
193 1275 224 1322 et
237 1281 343 1324 navem
360 1248 545 1322 vendiderat.
563 1259 609 1320 Ac
622 1273 659 1320 ut
673 1262 800 1320 maxime
814 1259 1025 1344 impedimenti
1041 1263 1168 1343 aliquid
1182 1263 1212 1322 ei
1225 1261 1294 1322 obie-

104 1410 117 1424 ,1
131 1360 215 1409 ctum
232 1347 291 1422 sit,
327 1345 507 1426 quominus
526 1356 600 1423 tum·
609 1346 709 1407 statim
734 1347 766 1405 iu
791 1345 838 1435 ius
855 1367 905 1406 me
919 1361 1062 1408 uocaret:
1097 1347 1296 1430 quamobrem,

131 1453 213 1494 anuo
231 1420 389 1514 superiore
408 1431 457 1492 bic
474 1443 626 1504 versatus,
652 1431 765 1490 nedum
783 1431 816 1490 in
834 1433 889 1491 ius·
900 1454 1025 1506 vocare,
1052 1434 1109 1492 sed
1129 1454 1192 1493 uec
1209 1432 1295 1513 appel-

132 1519 194 1578 lare
212 1538 261 1578 me
279 1537 368 1577 ausus
386 1515 467 1576 fuit?
502 1514 599 1595 Atqui
617 1515 836 1591 conveniebat,
863 1517 889 1576 si
907 1531 939 1578 et
955 1519 1108 1578 Parmeno
1129 1518 1246 1578 iudicio
1260 1516 1295 1576 vi·
1325 1562 1340 1585 .,

65 1616 105 1673 59
133 1604 248 1673 ctus‘ei
260 1601 397 1663 debebat
415 1614 446 1661 et
463 1619 527 1682 ego*
540 1593 781 1681 spoponderam,
800 1622 870 1666 eum
887 1603 925 1662 ad
942 1603 1149 1664 me-testibus
1168 1601 1295 1663 adhibitis

73 1754 77 1761 ,
102 1680 277 1749 ‘accedere
292 1705 509 1768 sponsumque
538 1685 710 1768 postulare,
737 1686 764 1746 si
781 1707 845 1746 non
870 1687 981 1747 abhinc
1007 1689 1124 1763 tertio,
1152 1687 1295 1770 superiore

101 1768 104 1773 ’
132 1773 240 1835 saltem
257 1793 349 1845 anuo,
367 1778 411 1845 a'c,
429 1772 455 1832 si
471 1771 704 1852 praestitissem,
722 1772 859 1845 auferre,
876 1772 925 1831 sin
941 1771 1062 1847 miuus,
1080 1773 1204 1853 iudicio
1221 1792 1296 1854 erpt-

36 1901 40 1910 ·
132 1858 195 1920 riri.
240 1861 273 1918 ln
300 1857 408 1917 talibus
428 1857 514 1923 ,euim
534 1856 630 1917 causis
649 1875 754 1916 omues
772 1857 928 1936 postulare
942 1858 1050 1938 prius,
1078 1880 1176 1939 quam
1194 1858 1297 1919 infore

105 1959 113 1976 ·
134 1944 321 2015 contendere
340 1954 572 2004 consueverunt
615 1941 714 2007 Nemo
732 1954 834 2001 autem
852 1955 913 2014 cst,
937 1942 991 2020 qui
1007 1955 1184 2004 testatorus
1202 1944 1253 2016 sit,
1270 1962 1297 2002 se
1338 1938 1340 1943 ’

89 2018 96 2029 ’
133 2025 284 2100 adfuisse,
309 2047 378 2086 cum
395 2025 453 2086 istc
471 2025 696 2106 velsuperiore
712 2047 811 2099 auno,
829 2027 986 2106 vel-tertio
1004 2026 1139 2103 abhinc,
1162 2043 1217 2095 aut
1229 2028 1297 2088 diem

135 2112 211 2173 mihi
228 2110 354 2182 dixerit,
385 2121 438 2169 aut
454 2109 552 2191 ullum
570 2111 650 2189 apud
666 2130 716 2170 me
734 2111 860 2171 verbum
878 2111 987 2170 iecerit
1003 2111 1052 2170 bis
1072 2113 1112 2172 de
1133 2113 1238 2187 rebus,
1261 2112 1293 2170 de

134 2195 248 2276 quibus
266 2214 348 2255 nuuc
365 2193 485 2276 litigat
514 2194 622 2253 Fuisse
646 2206 748 2254 autem
771 2216 842 2255 eum
859 2194 909 2267 nic
926 2191 1008 2256 auno
1025 2200 1218 2277 praeterito,
1239 2190 1298 2258 com

131 2280 247 2342 ‘iudicia
264 2292 492 2354 exercerentur,
515 2279 643 2341 recitato
660 2279 839 2341 testimonio
857 2282 1058 2365 cognoscetis.
1220 2288 1232 2305 ¹

412 2483 415 2488 ,
514 2430 987 2493 rusuruou1un:

45 2566 52 2587 ι
149 2552 163 2571 ‘
220 2536 308 2617 Age,
330 2534 429 2618 legem
452 2532 561 2608 etiam,
584 2553 663 2614 quae
686 2535 868 2614 sponsiones
886 2557 1000 2596 annuas
1020 2554 1088 2597 esse
1106 2537 1224 2611 iubet,
1239 2526 1303 2596 mibi

135 2620 237 2681 recita
270 2620 379 2700 Neque
397 2614 479 2692 vero⁸
490 2614 524 2679 e'a
541 2620 610 2702 lege
628 2619 669 2678 ita
687 2620 785 2694 nitor,
808 2633 861 2693 ut,
886 2621 912 2680 si
930 2617 1175 2702 spoponderim,
1200 2642 1303 2704 poenas

136 2706 207 2766 dare
226 2726 274 2765 me
288 2717 531 2806 monoporteat:
543 2705 602 2789 sed
621 2725 687 2764 eam
705 2705 800 2787 ipsam
818 2706 927 2786 legem,
944 2727 1008 2767 uon
1026 2708 1238 2788 spopondisse
1255 2726 1304 2778 me,

135 2790 408 2873 testimoniolmibr
426 2811 492 2851 esse
509 2790 636 2850 affirmo.
661 2789 737 2848 Nam
756 2811 792 2851 ex
810 2810 924 2871 sponsu
942 2792 1056 2874 egisset
1074 2813 1219 2867 mecum,
1232 2804 1304 2852 'tem-

136 2894 211 2956 pore
230 2875 286 2936 bac
304 2877 372 2956 lege
390 2876 560 2957 praefinito.
1176 2904 1179 2909 ·

518 3046 563 3087 ,2
625 2999 776 3073 'nera

222 3127 269 3187 Sit
296 3126 393 3209 igitur
418 3128 479 3188 boc
508 3129 600 3188 etiam
625 3128 713 3213 uobis
741 3146 939 3215 argumento,
968 3134 1092 3194 mentiri
1121 3135 1303 3215 Apaturium.

134 3212 230 3286 Nem,
248 3211 274 3273 si
292 3212 321 3272 ei
338 3233 394 3294 pro
413 3214 603 3275 Parmenone
621 3219 872 3298 spopondissem,
885 3232 953 3278 ‘nou
970 3218 1080 3298 utique
1098 3220 1194 3279 istius
1209 3217 1303 3293 iuimi-

130 3294 220 3357 citias
244 3309 371 3379 propter
394 3298 480 3359 illum
504 3301 722 3380 suscepissem,
751 3303 823 3362 dum
846 3301 1134 3384 procidebamsne
1163 3304 1298 3373 amitteret

136 3400 188 3455 ea,
213 3401 291 3461 quae
309 3404 366 3463 per
382 3406 430 3445 me
448 3385 499 3445 isti
516 3399 682 3445 mutuarat:
700 3386 765 3467 ipse
782 3407 857 3447 vero
875 3389 960 3461 mibi,
977 3400 1107 3468 propter
1126 3390 1212 3450 illum
1226 3384 1299 3466 apud

136 3466 228 3529 istum
243 3468 410 3547 sponsione
424 3468 571 3553 obligato,
586 3493 649 3532 non
661 3472 814 3532 cavissem.
833 3473 1009 3548 Quid‘enim
1026 3473 1094 3552 spei
1110 3474 1225 3534 babere
1237 3482 1301 3553 pot-

136 3571 236 3627 eram,
258 3551 352 3613 istum
377 3555 452 3616 mibi
469 3577 646 3636 parsurum,
671 3577 762 3636 quem
786 3559 852 3638 ipse
871 3566 1027 3639 coegeram
1046 3557 1093 3617 iili
1113 3553 1301 3620 satisfacere?

136 3638 245 3719 Aque
264 3641 442 3700 mensariam
466 3642 670 3720 sponsionem,
683 3641 790 3702 odiose
808 3663 983 3725 exegeram,
1008 3642 1085 3721 quid
1108 3645 1151 3705 ab
1176 3665 1214 3705 eo
1237 3639 1300 3701 uiti

135 3722 371 3807 exspectandum
396 3725 577 3786 arbitrarer?
608 3726 694 3800 Quin
720 3725 796 3787 illud
821 3729 916 3788 etium
941 3726 1170 3802 considerare,
1185 3728 1314 3797 ludicra·

135 3822 182 3871 est
200 3826 311 3891 operae
328 3809 479 3890 pretium,
512 3812 538 3870 si
555 3811 807 3892 spopondissem,
839 3832 887 3873 me
907 3830 1064 3891 uunquam
1080 3811 1181 3875 fuisse
1199 3815 1299 3874 iturum

133 3893 261 3959 infitiata
288 3893 386 3954 multo
405 3896 486 3955 euim
505 3897 665 3956 confitenti
681 3897 758 3956 mibi
775 3898 862 3957 suad
878 3897 1057 3978 pactionem
1071 3900 1182 3973 eunti,
1200 3918 1235 3960 ea
1250 3913 1299 3976 qui
1336 3894 1339 3899 ’

132 3980 245 4045 iactum
264 3978 323 4041 tuit
342 3981 604 4062 compromissum,
622 3981 740 4041 firmior
756 3994 838 4043 esset
855 3982 1001 4054 defensio.
1028 3983 1146 4044 Tribus
1166 3985 1244 4044 euim
1260 4000 1297 4040 ar·
1338 4010 1340 4097 p

133 4062 222 4133 Meris
240 4084 306 4127 rem
324 4064 417 4129 fuisse
436 4065 628 4150 permissam,
646 4070 791 4128 testatum
802 4067 895 4143 ‚vobis
914 4079 968 4127 est
986 4060 1064 4138 Cum
1084 4089 1163 4129 vero
1180 4091 1198 4130 a
1213 4065 1297 4129 an'tu
1336 4102 1340 4111 -

78 4198 81 4203 ·
208 4182 216 4199 ¹
275 4151 370 4217 untia
397 4173 460 4217 nou
486 4153 542 4213 sit:
569 4153 641 4236 quid
666 4154 807 4236 neganda
829 4153 995 4233 sponsione
1020 4144 1101 4214 mibi
1124 4146 1296 4215 voluisset?
1337 4124 1340 4277 1

279 4256 322 4305 Μ
335 4235 416 4301 enim
431 4238 599 4299 secuudum
613 4237 787 4321 pactionem
802 4238 969 4310 nouiaeta,
984 4258 1043 4298 nec
1058 4259 1119 4322 ego
1138 4240 1201 4300 iam
1217 4254 1295 4319 spou-
1337 4296 1340 4311 ⁴

80 4148 375 4468 “bs-r
395 4325 499 4403 Quare
517 4324 866 4407 nequaquam-ludices,
882 4324 1096 4406 praetermissa
1113 4345 1186 4386 vera
1204 4321 1293 4414 deim-
1336 4314 1340 4417 1

679 4478 812 4504 s·
1103 4480 1210 4523 ’,ι
