<?xml version="1.0" encoding="UTF-8"?>
<!DOCTYPE html PUBLIC "-//W3C//DTD XHTML 1.0 Transitional//EN"
    "http://www.w3.org/TR/xhtml1/DTD/xhtml1-transitional.dtd">
<html xmlns="http://www.w3.org/1999/xhtml" xml:lang="en" lang="en">
 <head>
  <title>
</title>
<meta http-equiv="Content-Type" content="text/html;charset=utf-8" />
  <meta name='ocr-system' content='tesseract 3.04.00' />
  <meta name='ocr-capabilities' content='ocr_page ocr_carea ocr_par ocr_line ocrx_word'/>
</head>
<body>
  <div class='ocr_page' id='page_1' title='image "./demosthenisquae04schgoog_0389.png"; bbox 0 0 2722 4754; ppageno 0'>
   <div class='ocr_carea' id='block_1_1' title="bbox 45 146 1111 301">
    <p class='ocr_par' dir='ltr' id='par_1_1' title="bbox 45 146 1111 301">
     <span class='ocr_line' id='line_1_1' title="bbox 45 146 1111 301; baseline -0.011 -31"><span class='ocrx_word' id='word_1_1' title='bbox 45 182 47 186; x_wconf 47' lang='lat'><strong><em>⁴</em></strong></span> <span class='ocrx_word' id='word_1_2' title='bbox 100 160 199 268; x_wconf 70' lang='grc' dir='ltr'><strong>ἰιι</strong></span> <span class='ocrx_word' id='word_1_3' title='bbox 311 167 335 262; x_wconf 62' lang='grc'><strong>’.</strong></span> <span class='ocrx_word' id='word_1_4' title='bbox 405 146 1040 301; x_wconf 52' lang='lat' dir='ltr'><strong>nnnossnu&#39;ussonlrio,</strong></span> <span class='ocrx_word' id='word_1_5' title='bbox 1106 168 1111 180; x_wconf 81' lang='grc'><strong>’</strong></span> 
     </span>
    </p>
   </div>
   <div class='ocr_carea' id='block_1_2' title="bbox 1263 174 1276 207">
    <p class='ocr_par' dir='ltr' id='par_1_2' title="bbox 1263 174 1276 207">
     <span class='ocr_line' id='line_1_2' title="bbox 1263 174 1276 207; baseline 0 0"><span class='ocrx_word' id='word_1_6' title='bbox 1263 174 1276 207; x_wconf 86' lang='lat' dir='ltr'><em>l</em></span> 
     </span>
    </p>
   </div>
   <div class='ocr_carea' id='block_1_3' title="bbox 136 338 1329 456">
    <p class='ocr_par' dir='ltr' id='par_1_3' title="bbox 136 338 1329 456">
     <span class='ocr_line' id='line_1_3' title="bbox 136 338 1329 456; baseline -0.009 -35"><span class='ocrx_word' id='word_1_7' title='bbox 136 360 193 421; x_wconf 87' lang='lat' dir='ltr'><strong>Est</strong></span> <span class='ocrx_word' id='word_1_8' title='bbox 209 359 291 431; x_wconf 84' lang='lat' dir='ltr'><strong>enim</strong></span> <span class='ocrx_word' id='word_1_9' title='bbox 309 340 368 418; x_wconf 89' lang='lat' dir='ltr'><strong>boc</strong></span> <span class='ocrx_word' id='word_1_10' title='bbox 385 367 479 417; x_wconf 83' lang='lat' dir='ltr'><strong>status</strong></span> <span class='ocrx_word' id='word_1_11' title='bbox 498 354 652 436; x_wconf 87' lang='lat' dir='ltr'><strong>popularis</strong></span> <span class='ocrx_word' id='word_1_12' title='bbox 670 353 903 456; x_wconf 75' lang='lat' dir='ltr'><strong>munimentum,</strong></span> <span class='ocrx_word' id='word_1_13' title='bbox 921 354 1034 414; x_wconf 88' lang='lat' dir='ltr'><strong>bostes</strong></span> <span class='ocrx_word' id='word_1_14' title='bbox 1043 353 1093 416; x_wconf 75' lang='lat' dir='ltr'><strong>tel</strong></span> <span class='ocrx_word' id='word_1_15' title='bbox 1111 338 1329 415; x_wconf 68' lang='lat' dir='ltr'><strong>consulendo?</strong></span> 
     </span>
    </p>
   </div>
   <div class='ocr_carea' id='block_1_4' title="bbox 35 439 1342 609">
    <p class='ocr_par' dir='ltr' id='par_1_4' title="bbox 35 439 1342 609">
     <span class='ocr_line' id='line_1_4' title="bbox 41 439 1309 542; baseline -0.009 -36"><span class='ocrx_word' id='word_1_16' title='bbox 41 518 54 525; x_wconf 68' lang='lat'><strong>.,</strong></span> <span class='ocrx_word' id='word_1_17' title='bbox 136 445 185 506; x_wconf 82' lang='lat' dir='ltr'><strong>vel</strong></span> <span class='ocrx_word' id='word_1_18' title='bbox 197 445 361 527; x_wconf 80' lang='lat' dir='ltr'><strong>pugnando</strong></span> <span class='ocrx_word' id='word_1_19' title='bbox 375 461 531 542; x_wconf 78' lang='lat' dir='ltr'><strong>superare:</strong></span> <span class='ocrx_word' id='word_1_20' title='bbox 549 439 722 522; x_wconf 84' lang='lat' dir='ltr'><strong>legibus,</strong></span> <span class='ocrx_word' id='word_1_21' title='bbox 697 461 764 500; x_wconf 81' lang='lat' dir='ltr'><strong>sive</strong></span> <span class='ocrx_word' id='word_1_22' title='bbox 775 440 968 514; x_wconf 83' lang='lat' dir='ltr'><strong>volentes,</strong></span> <span class='ocrx_word' id='word_1_23' title='bbox 944 462 1007 501; x_wconf 76' lang='lat' dir='ltr'><strong>sive</strong></span> <span class='ocrx_word' id='word_1_24' title='bbox 1021 450 1142 500; x_wconf 83' lang='lat' dir='ltr'><strong>coactos</strong></span> <span class='ocrx_word' id='word_1_25' title='bbox 1162 456 1309 497; x_wconf 89' lang='lat' dir='ltr'><strong>succum-</strong></span> 
     </span>
     <span class='ocr_line' id='line_1_5' title="bbox 35 521 1342 609; baseline -0.007 -20"><span class='ocrx_word' id='word_1_26' title='bbox 35 578 40 589; x_wconf 40' lang='lat'><strong>,</strong></span> <span class='ocrx_word' id='word_1_27' title='bbox 136 530 216 591; x_wconf 91' lang='lat' dir='ltr'><strong>bere.</strong></span> <span class='ocrx_word' id='word_1_28' title='bbox 245 527 369 606; x_wconf 82' lang='lat' dir='ltr'><strong>Atque</strong></span> <span class='ocrx_word' id='word_1_29' title='bbox 367 526 485 594; x_wconf 85' lang='lat' dir='ltr'><strong>baec</strong></span> <span class='ocrx_word' id='word_1_30' title='bbox 475 548 515 585; x_wconf 92' lang='grc' dir='ltr'><strong>ιιι</strong></span> <span class='ocrx_word' id='word_1_31' title='bbox 526 525 607 585; x_wconf 84' lang='grc' dir='ltr'><strong>ιιιιιιι</strong></span> <span class='ocrx_word' id='word_1_32' title='bbox 624 547 691 609; x_wconf 76' lang='lat' dir='ltr'><strong>geri</strong></span> <span class='ocrx_word' id='word_1_33' title='bbox 682 525 834 586; x_wconf 86' lang='lat' dir='ltr'><strong>&#39;modum</strong></span> <span class='ocrx_word' id='word_1_34' title='bbox 849 540 1009 606; x_wconf 81' lang='lat' dir='ltr'>oportere,</span> <span class='ocrx_word' id='word_1_35' title='bbox 1037 524 1095 583; x_wconf 88' lang='lat' dir='ltr'><strong>iste</strong></span> <span class='ocrx_word' id='word_1_36' title='bbox 1120 524 1187 604; x_wconf 85' lang='lat' dir='ltr'><strong>ipse</strong></span> <span class='ocrx_word' id='word_1_37' title='bbox 1214 521 1310 581; x_wconf 89' lang='lat' dir='ltr'><strong>etiam</strong></span> <span class='ocrx_word' id='word_1_38' title='bbox 1338 555 1342 559; x_wconf 89' lang='lat'><em>-</em></span> 
     </span>
    </p>
   </div>
   <div class='ocr_carea' id='block_1_5' title="bbox 59 607 1355 1796">
    <p class='ocr_par' dir='ltr' id='par_1_5' title="bbox 130 607 1355 1796">
     <span class='ocr_line' id='line_1_6' title="bbox 135 607 1355 706; baseline -0.007 -32"><span class='ocrx_word' id='word_1_39' title='bbox 135 613 293 674; x_wconf 76' lang='lat' dir='ltr'><strong>manifeste</strong></span> <span class='ocrx_word' id='word_1_40' title='bbox 318 623 364 670; x_wconf 90' lang='lat' dir='ltr'><strong>est</strong></span> <span class='ocrx_word' id='word_1_41' title='bbox 387 610 550 671; x_wconf 82' lang='lat' dir='ltr'><strong>consessus.</strong></span> <span class='ocrx_word' id='word_1_42' title='bbox 587 608 663 670; x_wconf 88' lang='lat' dir='ltr'><strong>Cum</strong></span> <span class='ocrx_word' id='word_1_43' title='bbox 688 611 768 671; x_wconf 89' lang='lat' dir='ltr'><strong>enim</strong></span> <span class='ocrx_word' id='word_1_44' title='bbox 792 610 962 694; x_wconf 78' lang='lat' dir='ltr'><strong>Hyperides</strong></span> <span class='ocrx_word' id='word_1_45' title='bbox 988 612 1144 670; x_wconf 88' lang='lat' dir='ltr'><strong>decretum</strong></span> <span class='ocrx_word' id='word_1_46' title='bbox 1168 607 1312 706; x_wconf 76' lang='lat' dir='ltr'><strong>fecisset,</strong></span> <span class='ocrx_word' id='word_1_47' title='bbox 1351 645 1355 650; x_wconf 90' lang='lat'><em>-</em></span> 
     </span>
     <span class='ocr_line' id='line_1_7' title="bbox 134 691 1351 798; baseline -0.006 -41"><span class='ocrx_word' id='word_1_48' title='bbox 134 692 295 798; x_wconf 73' lang='lat' dir='ltr'><strong>postquam</strong></span> <span class='ocrx_word' id='word_1_49' title='bbox 315 695 424 758; x_wconf 86' lang='lat' dir='ltr'><strong>Graeci</strong></span> <span class='ocrx_word' id='word_1_50' title='bbox 442 696 557 756; x_wconf 83' lang='lat' dir='ltr'><strong>cladem</strong></span> <span class='ocrx_word' id='word_1_51' title='bbox 576 692 613 755; x_wconf 90' lang='lat' dir='ltr'><strong>ad</strong></span> <span class='ocrx_word' id='word_1_52' title='bbox 631 692 838 780; x_wconf 81' lang='lat' dir='ltr'><strong>Chaeroneam</strong></span> <span class='ocrx_word' id='word_1_53' title='bbox 856 707 1050 776; x_wconf 75' lang='lat' dir='ltr'><strong>acceperant,</strong></span> <span class='ocrx_word' id='word_1_54' title='bbox 1069 705 1112 754; x_wconf 89' lang='lat' dir='ltr'><strong>et</strong></span> <span class='ocrx_word' id='word_1_55' title='bbox 1118 706 1245 770; x_wconf 86' lang='lat' dir='ltr'><strong>nostrae</strong></span> <span class='ocrx_word' id='word_1_56' title='bbox 1265 691 1313 751; x_wconf 89' lang='lat' dir='ltr'><strong>ci·</strong></span> <span class='ocrx_word' id='word_1_57' title='bbox 1344 758 1351 770; x_wconf 43' lang='lat'><strong>,</strong></span> 
     </span>
     <span class='ocr_line' id='line_1_8' title="bbox 133 764 1353 881; baseline -0.001 -39"><span class='ocrx_word' id='word_1_58' title='bbox 133 781 230 842; x_wconf 79' lang='lat' dir='ltr'><strong>vitati</strong></span> <span class='ocrx_word' id='word_1_59' title='bbox 246 782 319 841; x_wconf 82' lang='lat' dir='ltr'><strong>d&#39;e&#39;</strong></span> <span class='ocrx_word' id='word_1_60' title='bbox 310 802 376 881; x_wconf 79' lang='lat' dir='ltr'><strong>rpso</strong></span> <span class='ocrx_word' id='word_1_61' title='bbox 403 781 517 878; x_wconf 76' lang='lat' dir='ltr'><strong>patriae</strong></span> <span class='ocrx_word' id='word_1_62' title='bbox 543 781 609 841; x_wconf 80' lang='lat' dir='ltr'><strong>solo</strong></span> <span class='ocrx_word' id='word_1_63' title='bbox 630 781 796 841; x_wconf 83' lang='lat' dir='ltr'><strong>maximum</strong></span> <span class='ocrx_word' id='word_1_64' title='bbox 822 780 991 862; x_wconf 80' lang='lat' dir='ltr'><strong>pericnlum</strong></span> <span class='ocrx_word' id='word_1_65' title='bbox 1019 764 1237 878; x_wconf 84' lang='lat' dir='ltr'><strong>impendebat,</strong></span> <span class='ocrx_word' id='word_1_66' title='bbox 1274 788 1313 838; x_wconf 90' lang='lat' dir='ltr'><strong>ut</strong></span> <span class='ocrx_word' id='word_1_67' title='bbox 1350 834 1353 841; x_wconf 90' lang='lat'><em>.</em></span> 
     </span>
     <span class='ocr_line' id='line_1_9' title="bbox 134 861 1313 967; baseline -0.004 -41"><span class='ocrx_word' id='word_1_68' title='bbox 134 865 348 949; x_wconf 81' lang='lat' dir='ltr'><strong>ignominiosis</strong></span> <span class='ocrx_word' id='word_1_69' title='bbox 363 873 465 947; x_wconf 87' lang='lat' dir='ltr'><strong>erepta</strong></span> <span class='ocrx_word' id='word_1_70' title='bbox 475 861 609 954; x_wconf 83' lang='lat' dir='ltr'><strong>‘dignitas</strong></span> <span class='ocrx_word' id='word_1_71' title='bbox 621 865 843 967; x_wconf 85' lang='lat' dir='ltr'><strong>restitueretur,</strong></span> <span class='ocrx_word' id='word_1_72' title='bbox 862 886 923 947; x_wconf 91' lang='lat' dir='ltr'><strong>quo</strong></span> <span class='ocrx_word' id='word_1_73' title='bbox 938 865 1165 925; x_wconf 86' lang='lat' dir='ltr'><strong>consentientes</strong></span> <span class='ocrx_word' id='word_1_74' title='bbox 1179 862 1313 923; x_wconf 86' lang='lat' dir='ltr'><strong>univer-</strong></span> 
     </span>
     <span class='ocr_line' id='line_1_10' title="bbox 134 939 1312 1032; baseline -0.008 -18"><span class='ocrx_word' id='word_1_75' title='bbox 134 953 162 1014; x_wconf 89' lang='lat' dir='ltr'><strong>si</strong></span> <span class='ocrx_word' id='word_1_76' title='bbox 178 972 234 1032; x_wconf 92' lang='lat' dir='ltr'><strong>pro</strong></span> <span class='ocrx_word' id='word_1_77' title='bbox 253 951 393 1012; x_wconf 89' lang='lat' dir='ltr'><strong>libertate</strong></span> <span class='ocrx_word' id='word_1_78' title='bbox 411 964 534 1010; x_wconf 89' lang='lat' dir='ltr'><strong>strenue</strong></span> <span class='ocrx_word' id='word_1_79' title='bbox 553 939 749 1024; x_wconf 82' lang='lat' dir='ltr'><strong>dimicarent,</strong></span> <span class='ocrx_word' id='word_1_80' title='bbox 778 974 804 1011; x_wconf 78' lang='grc' dir='ltr'><strong>ιι</strong></span> <span class='ocrx_word' id='word_1_81' title='bbox 795 951 905 1030; x_wconf 87' lang='lat' dir='ltr'><strong>quod</strong></span> <span class='ocrx_word' id='word_1_82' title='bbox 923 963 1040 1010; x_wconf 91' lang='lat' dir='ltr'><strong>tantum</strong></span> <span class='ocrx_word' id='word_1_83' title='bbox 1061 946 1228 1015; x_wconf 84' lang='lat' dir='ltr'><strong>discrimen</strong></span> <span class='ocrx_word' id='word_1_84' title='bbox 1247 946 1312 1007; x_wconf 91' lang='lat' dir='ltr'><strong>rei-</strong></span> 
     </span>
     <span class='ocr_line' id='line_1_11' title="bbox 59 1031 1313 1136; baseline -0.004 -39.682"><span class='ocrx_word' id='word_1_85' title='bbox 59 1036 273 1136; x_wconf 90' lang='lat' dir='ltr'><strong>publicae</strong></span> <span class='ocrx_word' id='word_1_86' title='bbox 297 1036 485 1095; x_wconf 87' lang='lat' dir='ltr'><strong>immineret·</strong></span> <span class='ocrx_word' id='word_1_87' title='bbox 520 1036 550 1095; x_wconf 90' lang='lat' dir='ltr'><strong>id</strong></span> <span class='ocrx_word' id='word_1_88' title='bbox 569 1036 725 1096; x_wconf 89' lang='lat' dir='ltr'><strong>decretum</strong></span> <span class='ocrx_word' id='word_1_89' title='bbox 743 1047 779 1096; x_wconf 88' lang='grc' dir='ltr'><strong>ιιι</strong></span> <span class='ocrx_word' id='word_1_90' title='bbox 797 1049 901 1097; x_wconf 85' lang='lat' dir='ltr'><strong>contra</strong></span> <span class='ocrx_word' id='word_1_91' title='bbox 919 1036 1002 1117; x_wconf 83' lang='lat' dir='ltr'><strong>leges</strong></span> <span class='ocrx_word' id='word_1_92' title='bbox 1010 1033 1134 1094; x_wconf 80' lang='lat' dir='ltr'><strong>sabtnm</strong></span> <span class='ocrx_word' id='word_1_93' title='bbox 1152 1031 1313 1094; x_wconf 82' lang='lat' dir='ltr'><strong>accusavit</strong></span> 
     </span>
     <span class='ocr_line' id='line_1_12' title="bbox 135 1116 1312 1220; baseline -0.005 -38"><span class='ocrx_word' id='word_1_94' title='bbox 135 1116 215 1182; x_wconf 89' lang='lat' dir='ltr'><strong>etin</strong></span> <span class='ocrx_word' id='word_1_95' title='bbox 238 1120 352 1181; x_wconf 91' lang='lat' dir='ltr'><strong>iudicio</strong></span> <span class='ocrx_word' id='word_1_96' title='bbox 377 1141 494 1191; x_wconf 79' lang='lat' dir='ltr'><strong>causam</strong></span> <span class='ocrx_word' id='word_1_97' title='bbox 519 1119 620 1220; x_wconf 68' lang='lat' dir='ltr'><strong>egit..</strong></span> <span class='ocrx_word' id='word_1_98' title='bbox 609 1120 716 1196; x_wconf 84' lang='lat' dir='ltr'><strong>Quid</strong></span> <span class='ocrx_word' id='word_1_99' title='bbox 733 1142 804 1180; x_wconf 84' lang='lat' dir='ltr'><strong>vero</strong></span> <span class='ocrx_word' id='word_1_100' title='bbox 823 1120 891 1180; x_wconf 85' lang='lat' dir='ltr'><strong>fieri</strong></span> <span class='ocrx_word' id='word_1_101' title='bbox 908 1120 1005 1200; x_wconf 85' lang='lat' dir='ltr'><strong>possit</strong></span> <span class='ocrx_word' id='word_1_102' title='bbox 1021 1119 1175 1220; x_wconf 68' lang='lat' dir='ltr'><strong>iniquius,</strong></span> <span class='ocrx_word' id='word_1_103' title='bbox 1204 1138 1312 1198; x_wconf 84' lang='lat' dir='ltr'><strong>quarn,</strong></span> 
     </span>
     <span class='ocr_line' id='line_1_13' title="bbox 97 1201 1311 1287; baseline -0.004 -19.847"><span class='ocrx_word' id='word_1_104' title='bbox 97 1212 203 1267; x_wconf 82' lang='lat' dir='ltr'><strong>cum</strong></span> <span class='ocrx_word' id='word_1_105' title='bbox 221 1204 414 1287; x_wconf 84' lang='lat' dir='ltr'><strong>Aristogiton</strong></span> <span class='ocrx_word' id='word_1_106' title='bbox 435 1207 474 1265; x_wconf 85' lang='lat' dir='ltr'><strong>ad</strong></span> <span class='ocrx_word' id='word_1_107' title='bbox 496 1205 611 1286; x_wconf 86' lang='lat' dir='ltr'><strong>patriae</strong></span> <span class='ocrx_word' id='word_1_108' title='bbox 629 1205 838 1274; x_wconf 81' lang='lat' dir='ltr'><strong>defensionem</strong></span> <span class='ocrx_word' id='word_1_109' title='bbox 856 1205 971 1265; x_wconf 89' lang='lat' dir='ltr'><strong>nemini</strong></span> <span class='ocrx_word' id='word_1_110' title='bbox 988 1227 1093 1285; x_wconf 88' lang='lat' dir='ltr'><strong>passus</strong></span> <span class='ocrx_word' id='word_1_111' title='bbox 1117 1205 1158 1265; x_wconf 91' lang='lat' dir='ltr'><strong>sit</strong></span> <span class='ocrx_word' id='word_1_112' title='bbox 1182 1201 1311 1264; x_wconf 86' lang='lat' dir='ltr'><strong>restitui</strong></span> 
     </span>
     <span class='ocr_line' id='line_1_14' title="bbox 104 1290 1310 1373; baseline -0.005 -20.85"><span class='ocrx_word' id='word_1_113' title='bbox 104 1290 329 1373; x_wconf 82' lang='lat' dir='ltr'><strong>dignitatem,</strong></span> <span class='ocrx_word' id='word_1_114' title='bbox 359 1290 501 1350; x_wconf 89' lang='lat' dir='ltr'><strong>eumad</strong></span> <span class='ocrx_word' id='word_1_115' title='bbox 497 1312 586 1350; x_wconf 88' lang='lat' dir='ltr'><strong>suam</strong></span> <span class='ocrx_word' id='word_1_116' title='bbox 604 1290 794 1371; x_wconf 88' lang='lat' dir='ltr'><strong>iniquitatem</strong></span> <span class='ocrx_word' id='word_1_117' title='bbox 814 1292 1049 1350; x_wconf 83' lang='lat' dir='ltr'><strong>confirmandam</strong></span> <span class='ocrx_word' id='word_1_118' title='bbox 1066 1290 1098 1350; x_wconf 91' lang='lat' dir='ltr'><strong>id</strong></span> <span class='ocrx_word' id='word_1_119' title='bbox 1115 1290 1175 1350; x_wconf 90' lang='lat' dir='ltr'><strong>sibi</strong></span> <span class='ocrx_word' id='word_1_120' title='bbox 1196 1308 1310 1360; x_wconf 82' lang='lat' dir='ltr'><strong>munc-</strong></span> 
     </span>
     <span class='ocr_line' id='line_1_15' title="bbox 132 1373 1308 1459; baseline -0.003 -24"><span class='ocrx_word' id='word_1_121' title='bbox 132 1375 174 1447; x_wconf 75' lang='grc' dir='ltr'><strong>ιιι</strong></span> <span class='ocrx_word' id='word_1_122' title='bbox 192 1396 209 1435; x_wconf 96' lang='lat' dir='ltr'><strong>a</strong></span> <span class='ocrx_word' id='word_1_123' title='bbox 226 1373 313 1434; x_wconf 87' lang='lat' dir='ltr'><strong>vobis</strong></span> <span class='ocrx_word' id='word_1_124' title='bbox 333 1374 474 1434; x_wconf 90' lang='lat' dir='ltr'><strong>omnibns</strong></span> <span class='ocrx_word' id='word_1_125' title='bbox 492 1374 587 1434; x_wconf 90' lang='lat' dir='ltr'><strong>tribui</strong></span> <span class='ocrx_word' id='word_1_126' title='bbox 603 1375 784 1459; x_wconf 78' lang='lat' dir='ltr'><strong>postulare?</strong></span> <span class='ocrx_word' id='word_1_127' title='bbox 817 1375 914 1455; x_wconf 84' lang='lat' dir='ltr'><strong>Atqui</strong></span> <span class='ocrx_word' id='word_1_128' title='bbox 933 1376 1087 1435; x_wconf 87' lang='lat' dir='ltr'><strong>decretum</strong></span> <span class='ocrx_word' id='word_1_129' title='bbox 1107 1375 1185 1434; x_wconf 91' lang='lat' dir='ltr'><strong>illud</strong></span> <span class='ocrx_word' id='word_1_130' title='bbox 1192 1373 1308 1434; x_wconf 65' lang='lat' dir='ltr'><strong>‘inulto</strong></span> 
     </span>
     <span class='ocr_line' id='line_1_16' title="bbox 81 1458 1310 1559; baseline -0.002 -38.914"><span class='ocrx_word' id='word_1_131' title='bbox 81 1458 191 1520; x_wconf 83' lang='lat' dir='ltr'><strong>suit</strong></span> <span class='ocrx_word' id='word_1_132' title='bbox 209 1458 334 1559; x_wconf 84' lang='lat' dir='ltr'><strong>aequius</strong></span> <span class='ocrx_word' id='word_1_133' title='bbox 354 1471 409 1533; x_wconf 83' lang='lat' dir='ltr'><strong>eo,</strong></span> <span class='ocrx_word' id='word_1_134' title='bbox 427 1461 511 1539; x_wconf 90' lang='lat' dir='ltr'><strong>quod</strong></span> <span class='ocrx_word' id='word_1_135' title='bbox 527 1473 562 1521; x_wconf 91' lang='lat' dir='ltr'><strong>tu</strong></span> <span class='ocrx_word' id='word_1_136' title='bbox 579 1461 636 1520; x_wconf 86' lang='lat' dir='ltr'><strong>tibi</strong></span> <span class='ocrx_word' id='word_1_137' title='bbox 654 1482 736 1520; x_wconf 90' lang='lat' dir='ltr'><strong>nnnc</strong></span> <span class='ocrx_word' id='word_1_138' title='bbox 753 1483 769 1520; x_wconf 87' lang='lat' dir='ltr'><strong>a</strong></span> <span class='ocrx_word' id='word_1_139' title='bbox 787 1461 939 1520; x_wconf 85' lang='lat' dir='ltr'><strong>iudicibus</strong></span> <span class='ocrx_word' id='word_1_140' title='bbox 958 1459 1079 1520; x_wconf 88' lang='lat' dir='ltr'><strong>decerni</strong></span> <span class='ocrx_word' id='word_1_141' title='bbox 1096 1459 1229 1542; x_wconf 82' lang='lat' dir='ltr'><strong>flagitas.</strong></span> <span class='ocrx_word' id='word_1_142' title='bbox 1267 1459 1310 1518; x_wconf 97' lang='lat' dir='ltr'><strong>ll</strong></span> 
     </span>
     <span class='ocr_line' id='line_1_17' title="bbox 132 1534 1307 1631; baseline -0.001 -28"><span class='ocrx_word' id='word_1_143' title='bbox 132 1544 186 1604; x_wconf 78' lang='lat' dir='ltr'><strong>lud</strong></span> <span class='ocrx_word' id='word_1_144' title='bbox 205 1543 286 1604; x_wconf 91' lang='lat' dir='ltr'><strong>enim</strong></span> <span class='ocrx_word' id='word_1_145' title='bbox 304 1555 466 1604; x_wconf 81' lang='lat' dir='ltr'><strong>commune</strong></span> <span class='ocrx_word' id='word_1_146' title='bbox 483 1544 542 1604; x_wconf 87' lang='lat' dir='ltr'><strong>fuit</strong></span> <span class='ocrx_word' id='word_1_147' title='bbox 558 1558 588 1605; x_wconf 92' lang='lat' dir='ltr'><strong>et</strong></span> <span class='ocrx_word' id='word_1_148' title='bbox 604 1565 734 1625; x_wconf 82' lang='lat' dir='ltr'><strong>acquum</strong></span> <span class='ocrx_word' id='word_1_149' title='bbox 749 1545 864 1605; x_wconf 87' lang='lat' dir='ltr'><strong>civibus</strong></span> <span class='ocrx_word' id='word_1_150' title='bbox 880 1545 1033 1618; x_wconf 91' lang='lat' dir='ltr'><strong>omnibus,</strong></span> <span class='ocrx_word' id='word_1_151' title='bbox 1051 1534 1133 1605; x_wconf 86' lang='lat' dir='ltr'><strong>istud</strong></span> <span class='ocrx_word' id='word_1_152' title='bbox 1149 1545 1307 1631; x_wconf 80' lang='lat' dir='ltr'><strong>iniquum,</strong></span> 
     </span>
     <span class='ocr_line' id='line_1_18' title="bbox 132 1628 1305 1709; baseline -0.003 -17"><span class='ocrx_word' id='word_1_153' title='bbox 132 1631 216 1709; x_wconf 83' lang='lat' dir='ltr'><strong>quod</strong></span> <span class='ocrx_word' id='word_1_154' title='bbox 239 1628 298 1696; x_wconf 85' lang='lat' dir='ltr'><strong>soli</strong></span> <span class='ocrx_word' id='word_1_155' title='bbox 321 1629 379 1688; x_wconf 88' lang='lat' dir='ltr'><strong>tibi</strong></span> <span class='ocrx_word' id='word_1_156' title='bbox 399 1650 434 1689; x_wconf 88' lang='lat' dir='ltr'><strong>ex</strong></span> <span class='ocrx_word' id='word_1_157' title='bbox 452 1629 593 1689; x_wconf 89' lang='lat' dir='ltr'><strong>omnibus</strong></span> <span class='ocrx_word' id='word_1_158' title='bbox 613 1630 728 1690; x_wconf 77' lang='lat' dir='ltr'><strong>ciuibus</strong></span> <span class='ocrx_word' id='word_1_159' title='bbox 746 1631 898 1691; x_wconf 86' lang='lat' dir='ltr'><strong>licentiam</strong></span> <span class='ocrx_word' id='word_1_160' title='bbox 915 1631 1045 1690; x_wconf 86' lang='lat' dir='ltr'><strong>tribuat:</strong></span> <span class='ocrx_word' id='word_1_161' title='bbox 1077 1629 1154 1689; x_wconf 93' lang='lat' dir='ltr'><strong>illud</strong></span> <span class='ocrx_word' id='word_1_162' title='bbox 1173 1630 1213 1688; x_wconf 92' lang='lat' dir='ltr'><strong>ad</strong></span> <span class='ocrx_word' id='word_1_163' title='bbox 1217 1650 1305 1709; x_wconf 85' lang='grc' dir='ltr'><strong>ιιιο-</strong></span> 
     </span>
     <span class='ocr_line' id='line_1_19' title="bbox 130 1713 1301 1796; baseline 0 -23"><span class='ocrx_word' id='word_1_164' title='bbox 130 1714 295 1773; x_wconf 81' lang='lat' dir='ltr'><strong>bibendam</strong></span> <span class='ocrx_word' id='word_1_165' title='bbox 321 1735 386 1774; x_wconf 91' lang='lat' dir='ltr'><strong>eam</strong></span> <span class='ocrx_word' id='word_1_166' title='bbox 411 1736 551 1795; x_wconf 91' lang='lat' dir='ltr'><strong>pacem,·</strong></span> <span class='ocrx_word' id='word_1_167' title='bbox 559 1738 617 1794; x_wconf 92' lang='lat' dir='ltr'><strong>qua</strong></span> <span class='ocrx_word' id='word_1_168' title='bbox 641 1737 715 1796; x_wconf 91' lang='lat' dir='ltr'><strong>pace</strong></span> <span class='ocrx_word' id='word_1_169' title='bbox 737 1738 817 1775; x_wconf 88' lang='lat' dir='ltr'><strong>unns</strong></span> <span class='ocrx_word' id='word_1_170' title='bbox 843 1716 1000 1775; x_wconf 89' lang='lat' dir='ltr'><strong>dominatu</strong></span> <span class='ocrx_word' id='word_1_171' title='bbox 1027 1715 1110 1775; x_wconf 89' lang='lat' dir='ltr'><strong>urbis</strong></span> <span class='ocrx_word' id='word_1_172' title='bbox 1137 1713 1301 1796; x_wconf 77' lang='lat' dir='ltr'><strong>potiretur,</strong></span> 
     </span>
    </p>
   </div>
   <div class='ocr_carea' id='block_1_6' title="bbox 49 1780 1302 1881">
    <p class='ocr_par' dir='ltr' id='par_1_6' title="bbox 49 1780 1302 1881">
     <span class='ocr_line' id='line_1_20' title="bbox 49 1780 1302 1881; baseline 0 -23"><span class='ocrx_word' id='word_1_173' title='bbox 49 1797 89 1849; x_wconf 64' lang='grc'><strong>“’»</strong></span> <span class='ocrx_word' id='word_1_174' title='bbox 131 1780 220 1874; x_wconf 81' lang='lat' dir='ltr'><strong>istud</strong></span> <span class='ocrx_word' id='word_1_175' title='bbox 232 1820 269 1858; x_wconf 90' lang='lat' dir='ltr'><strong>eo</strong></span> <span class='ocrx_word' id='word_1_176' title='bbox 288 1812 418 1879; x_wconf 89' lang='lat' dir='ltr'><strong>spectat,</strong></span> <span class='ocrx_word' id='word_1_177' title='bbox 441 1812 479 1859; x_wconf 91' lang='lat' dir='ltr'><strong>ut</strong></span> <span class='ocrx_word' id='word_1_178' title='bbox 502 1821 592 1879; x_wconf 88' lang='lat' dir='ltr'><strong>snpra</strong></span> <span class='ocrx_word' id='word_1_179' title='bbox 615 1801 750 1861; x_wconf 91' lang='lat' dir='ltr'><strong>iudicum</strong></span> <span class='ocrx_word' id='word_1_180' title='bbox 774 1801 893 1860; x_wconf 88' lang='lat' dir='ltr'><strong>decreta</strong></span> <span class='ocrx_word' id='word_1_181' title='bbox 918 1814 950 1860; x_wconf 88' lang='lat' dir='ltr'><strong>et</strong></span> <span class='ocrx_word' id='word_1_182' title='bbox 974 1801 1128 1881; x_wconf 89' lang='lat' dir='ltr'><strong>instituta,</strong></span> <span class='ocrx_word' id='word_1_183' title='bbox 1152 1813 1302 1881; x_wconf 87' lang='lat' dir='ltr'><strong>perpetua</strong></span> 
     </span>
    </p>
   </div>
   <div class='ocr_carea' id='block_1_7' title="bbox 81 1884 1304 2154">
    <p class='ocr_par' dir='ltr' id='par_1_7' title="bbox 112 1884 1304 2136">
     <span class='ocr_line' id='line_1_21' title="bbox 131 1884 1304 1984; baseline -0.003 -39"><span class='ocrx_word' id='word_1_184' title='bbox 131 1884 210 1945; x_wconf 87' lang='lat' dir='ltr'><strong>serie</strong></span> <span class='ocrx_word' id='word_1_185' title='bbox 235 1885 439 1944; x_wconf 86' lang='lat' dir='ltr'><strong>amaioribns</strong></span> <span class='ocrx_word' id='word_1_186' title='bbox 461 1885 585 1958; x_wconf 90' lang='lat' dir='ltr'><strong>tradita,</strong></span> <span class='ocrx_word' id='word_1_187' title='bbox 610 1885 667 1945; x_wconf 87' lang='lat' dir='ltr'><strong>tibi</strong></span> <span class='ocrx_word' id='word_1_188' title='bbox 692 1887 750 1946; x_wconf 84' lang='lat' dir='ltr'><strong>soli</strong></span> <span class='ocrx_word' id='word_1_189' title='bbox 773 1898 905 1966; x_wconf 84' lang='lat' dir='ltr'><strong>potestas</strong></span> <span class='ocrx_word' id='word_1_190' title='bbox 931 1887 1021 1946; x_wconf 86' lang='lat' dir='ltr'><strong>detur</strong></span> <span class='ocrx_word' id='word_1_191' title='bbox 1044 1885 1246 1984; x_wconf 84' lang='lat' dir='ltr'><strong>delinquendi</strong></span> <span class='ocrx_word' id='word_1_192' title='bbox 1273 1895 1304 1942; x_wconf 89' lang='lat' dir='ltr'><strong>et</strong></span> 
     </span>
     <span class='ocr_line' id='line_1_22' title="bbox 81 1929 1303 2070; baseline -0.001 -42.974"><span class='ocrx_word' id='word_1_193' title='bbox 81 1969 241 2051; x_wconf 66' lang='grc' dir='ltr'><strong>ιιιιιιιιιιί</strong></span> <span class='ocrx_word' id='word_1_194' title='bbox 259 1969 405 2068; x_wconf 88' lang='lat' dir='ltr'><strong>quicquid</strong></span> <span class='ocrx_word' id='word_1_195' title='bbox 422 1968 542 2030; x_wconf 89' lang='lat' dir='ltr'><strong>libitum</strong></span> <span class='ocrx_word' id='word_1_196' title='bbox 560 1929 659 2030; x_wconf 74' lang='lat' dir='ltr'><strong>fierit</strong></span> <span class='ocrx_word' id='word_1_197' title='bbox 688 1971 837 2050; x_wconf 89' lang='lat' dir='ltr'><strong>Equidem</strong></span> <span class='ocrx_word' id='word_1_198' title='bbox 857 1992 925 2029; x_wconf 89' lang='lat' dir='ltr'><strong>eum</strong></span> <span class='ocrx_word' id='word_1_199' title='bbox 942 1991 1050 2070; x_wconf 72' lang='lat' dir='ltr'><strong>rogare</strong></span> <span class='ocrx_word' id='word_1_200' title='bbox 1067 1969 1178 2050; x_wconf 85' lang='lat' dir='ltr'><strong>cupio,</strong></span> <span class='ocrx_word' id='word_1_201' title='bbox 1196 1983 1303 2030; x_wconf 88' lang='lat' dir='ltr'><strong>utrum</strong></span> 
     </span>
     <span class='ocr_line' id='line_1_23' title="bbox 130 2053 1303 2154; baseline -0.002 -40"><span class='ocrx_word' id='word_1_202' title='bbox 130 2053 265 2154; x_wconf 79' lang='lat' dir='ltr'><strong>legitima</strong></span> <span class='ocrx_word' id='word_1_203' title='bbox 283 2067 314 2113; x_wconf 92' lang='lat' dir='ltr'><strong>et</strong></span> <span class='ocrx_word' id='word_1_204' title='bbox 331 2054 409 2113; x_wconf 89' lang='lat' dir='ltr'><strong>iusta</strong></span> <span class='ocrx_word' id='word_1_205' title='bbox 427 2054 544 2115; x_wconf 86' lang='lat' dir='ltr'><strong>ratione</strong></span> <span class='ocrx_word' id='word_1_206' title='bbox 562 2056 716 2116; x_wconf 89' lang='lat' dir='ltr'><strong>decretum</strong></span> <span class='ocrx_word' id='word_1_207' title='bbox 731 2056 807 2115; x_wconf 86' lang='lat' dir='ltr'><strong>illud</strong></span> <span class='ocrx_word' id='word_1_208' title='bbox 822 2055 977 2128; x_wconf 88' lang='lat' dir='ltr'><strong>accusarit,</strong></span> <span class='ocrx_word' id='word_1_209' title='bbox 996 2075 1033 2114; x_wconf 90' lang='lat' dir='ltr'><strong>an</strong></span> <span class='ocrx_word' id='word_1_210' title='bbox 1053 2067 1158 2115; x_wconf 86' lang='lat' dir='ltr'><strong>contra</strong></span> <span class='ocrx_word' id='word_1_211' title='bbox 1177 2066 1233 2142; x_wconf 82' lang='lat' dir='ltr'><strong>per</strong></span> <span class='ocrx_word' id='word_1_212' title='bbox 1250 2055 1303 2113; x_wconf 94' lang='lat' dir='ltr'><strong>in-</strong></span> 
     </span>
    </p>
   </div>
   <div class='ocr_carea' id='block_1_8' title="bbox 42 2120 1302 2241">
    <p class='ocr_par' dir='ltr' id='par_1_8' title="bbox 42 2120 1302 2241">
     <span class='ocr_line' id='line_1_24' title="bbox 42 2120 1302 2241; baseline 0 -44"><span class='ocrx_word' id='word_1_213' title='bbox 42 2139 53 2203; x_wconf 65' lang='grc' dir='ltr'><strong>ἶ</strong></span> <span class='ocrx_word' id='word_1_214' title='bbox 128 2139 249 2211; x_wconf 90' lang='lat' dir='ltr'><strong>iuriam,</strong></span> <span class='ocrx_word' id='word_1_215' title='bbox 269 2151 299 2197; x_wconf 88' lang='lat' dir='ltr'><strong>et</strong></span> <span class='ocrx_word' id='word_1_216' title='bbox 316 2138 434 2238; x_wconf 80' lang='lat' dir='ltr'><strong>legibus</strong></span> <span class='ocrx_word' id='word_1_217' title='bbox 453 2139 591 2200; x_wconf 76' lang='lat' dir='ltr'><strong>violatis?</strong></span> <span class='ocrx_word' id='word_1_218' title='bbox 610 2140 642 2199; x_wconf 91' lang='lat' dir='ltr'><strong>Si</strong></span> <span class='ocrx_word' id='word_1_219' title='bbox 646 2140 740 2241; x_wconf 37' lang='lat' dir='ltr'><strong>,enim</strong></span> <span class='ocrx_word' id='word_1_220' title='bbox 758 2134 930 2200; x_wconf 88' lang='lat' dir='ltr'><strong>inutiliter</strong></span> <span class='ocrx_word' id='word_1_221' title='bbox 928 2153 959 2200; x_wconf 90' lang='lat' dir='ltr'><strong>et</strong></span> <span class='ocrx_word' id='word_1_222' title='bbox 975 2141 1008 2199; x_wconf 91' lang='lat' dir='ltr'><strong>in</strong></span> <span class='ocrx_word' id='word_1_223' title='bbox 1008 2120 1133 2220; x_wconf 90' lang='lat' dir='ltr'><strong>populi</strong></span> <span class='ocrx_word' id='word_1_224' title='bbox 1149 2137 1302 2210; x_wconf 82' lang='lat' dir='ltr'><strong>fraudem,</strong></span> 
     </span>
    </p>
   </div>
   <div class='ocr_carea' id='block_1_9' title="bbox 80 2220 1304 2311">
    <p class='ocr_par' dir='ltr' id='par_1_9' title="bbox 80 2220 1304 2311">
     <span class='ocr_line' id='line_1_25' title="bbox 80 2220 1304 2311; baseline -0.001 -28.957"><span class='ocrx_word' id='word_1_225' title='bbox 80 2232 291 2306; x_wconf 83' lang='lat' dir='ltr'><strong>propterea</strong></span> <span class='ocrx_word' id='word_1_226' title='bbox 315 2223 381 2283; x_wconf 89' lang='lat' dir='ltr'><strong>inre</strong></span> <span class='ocrx_word' id='word_1_227' title='bbox 407 2224 601 2285; x_wconf 88' lang='lat' dir='ltr'><strong>occideretis·</strong></span> <span class='ocrx_word' id='word_1_228' title='bbox 628 2225 676 2311; x_wconf 82' lang='lat' dir='ltr'><strong>sin</strong></span> <span class='ocrx_word' id='word_1_229' title='bbox 700 2226 818 2286; x_wconf 82' lang='lat' dir='ltr'><strong>utiliter</strong></span> <span class='ocrx_word' id='word_1_230' title='bbox 841 2238 876 2286; x_wconf 91' lang='lat' dir='ltr'><strong>et</strong></span> <span class='ocrx_word' id='word_1_231' title='bbox 898 2246 914 2286; x_wconf 89' lang='lat' dir='ltr'><strong>e</strong></span> <span class='ocrx_word' id='word_1_232' title='bbox 938 2247 971 2285; x_wconf 90' lang='lat' dir='ltr'><strong>re</strong></span> <span class='ocrx_word' id='word_1_233' title='bbox 996 2220 1219 2298; x_wconf 87' lang='lat' dir='ltr'><strong>multitudinis,</strong></span> <span class='ocrx_word' id='word_1_234' title='bbox 1246 2245 1304 2283; x_wconf 91' lang='lat' dir='ltr'><strong>cur</strong></span> 
     </span>
    </p>
   </div>
   <div class='ocr_carea' id='block_1_10' title="bbox 60 2300 1303 2397">
    <p class='ocr_par' dir='ltr' id='par_1_10' title="bbox 60 2300 1303 2397">
     <span class='ocr_line' id='line_1_26' title="bbox 60 2300 1303 2397; baseline -0.001 -29"><span class='ocrx_word' id='word_1_235' title='bbox 60 2370 62 2375; x_wconf 64' lang='grc'><strong>,</strong></span> <span class='ocrx_word' id='word_1_236' title='bbox 129 2329 213 2368; x_wconf 88' lang='lat' dir='ltr'><strong>nnnc</strong></span> <span class='ocrx_word' id='word_1_237' title='bbox 231 2308 383 2397; x_wconf 81' lang='lat' dir='ltr'><strong>postulas,</strong></span> <span class='ocrx_word' id='word_1_238' title='bbox 409 2322 445 2368; x_wconf 89' lang='lat' dir='ltr'><strong>ut</strong></span> <span class='ocrx_word' id='word_1_239' title='bbox 462 2309 494 2367; x_wconf 93' lang='lat' dir='ltr'><strong>bi</strong></span> <span class='ocrx_word' id='word_1_240' title='bbox 512 2309 636 2370; x_wconf 90' lang='lat' dir='ltr'><strong>decreto</strong></span> <span class='ocrx_word' id='word_1_241' title='bbox 654 2303 708 2370; x_wconf 82' lang='lat' dir='ltr'><strong>tuo</strong></span> <span class='ocrx_word' id='word_1_242' title='bbox 728 2312 876 2371; x_wconf 82' lang='lat' dir='ltr'><strong>contraria</strong></span> <span class='ocrx_word' id='word_1_243' title='bbox 895 2300 1099 2371; x_wconf 80' lang='lat' dir='ltr'><strong>decernant?</strong></span> <span class='ocrx_word' id='word_1_244' title='bbox 1115 2310 1177 2371; x_wconf 90' lang='lat' dir='ltr'><strong>Sed</strong></span> <span class='ocrx_word' id='word_1_245' title='bbox 1196 2328 1303 2389; x_wconf 90' lang='lat' dir='ltr'><strong>neque</strong></span> 
     </span>
    </p>
   </div>
   <div class='ocr_carea' id='block_1_11' title="bbox 95 2392 1302 2666">
    <p class='ocr_par' dir='ltr' id='par_1_11' title="bbox 95 2392 1302 2645">
     <span class='ocr_line' id='line_1_27' title="bbox 95 2392 1302 2494; baseline 0 -42"><span class='ocrx_word' id='word_1_246' title='bbox 95 2392 209 2453; x_wconf 85' lang='lat' dir='ltr'><strong>illa·</strong></span> <span class='ocrx_word' id='word_1_247' title='bbox 199 2402 286 2465; x_wconf 74' lang='lat' dir='ltr'><strong>iusta,</strong></span> <span class='ocrx_word' id='word_1_248' title='bbox 305 2413 404 2473; x_wconf 89' lang='lat' dir='ltr'><strong>neque</strong></span> <span class='ocrx_word' id='word_1_249' title='bbox 423 2394 497 2453; x_wconf 87' lang='lat' dir='ltr'><strong>baec</strong></span> <span class='ocrx_word' id='word_1_250' title='bbox 514 2394 648 2477; x_wconf 83' lang='lat' dir='ltr'><strong>legitima</strong></span> <span class='ocrx_word' id='word_1_251' title='bbox 666 2409 746 2494; x_wconf 78' lang='lat' dir='ltr'><strong>sunt,</strong></span> <span class='ocrx_word' id='word_1_252' title='bbox 765 2408 817 2456; x_wconf 88' lang='grc' dir='ltr'><strong>ιιιι</strong></span> <span class='ocrx_word' id='word_1_253' title='bbox 834 2395 920 2455; x_wconf 89' lang='lat' dir='ltr'><strong>utilia</strong></span> <span class='ocrx_word' id='word_1_254' title='bbox 937 2394 1033 2455; x_wconf 85' lang='lat' dir='ltr'><strong>vobis.</strong></span> <span class='ocrx_word' id='word_1_255' title='bbox 1063 2396 1130 2478; x_wconf 79' lang='lat' dir='ltr'><strong>Ego</strong></span> <span class='ocrx_word' id='word_1_256' title='bbox 1148 2416 1223 2456; x_wconf 77' lang='lat' dir='ltr'><strong>vero</strong></span> <span class='ocrx_word' id='word_1_257' title='bbox 1242 2414 1302 2454; x_wconf 79' lang='lat' dir='ltr'><strong>vos</strong></span> 
     </span>
     <span class='ocr_line' id='line_1_28' title="bbox 129 2475 1301 2561; baseline 0.001 -23"><span class='ocrx_word' id='word_1_258' title='bbox 129 2478 236 2550; x_wconf 78' lang='lat' dir='ltr'><strong>video,</strong></span> <span class='ocrx_word' id='word_1_259' title='bbox 263 2478 430 2553; x_wconf 82' lang='lat' dir='ltr'><strong>ludices,</strong></span> <span class='ocrx_word' id='word_1_260' title='bbox 420 2491 461 2538; x_wconf 87' lang='grc' dir='ltr'><strong>ιιι</strong></span> <span class='ocrx_word' id='word_1_261' title='bbox 486 2480 565 2538; x_wconf 90' lang='lat' dir='ltr'><strong>etin</strong></span> <span class='ocrx_word' id='word_1_262' title='bbox 583 2480 783 2561; x_wconf 89' lang='lat' dir='ltr'><strong>vosmetipsos</strong></span> <span class='ocrx_word' id='word_1_263' title='bbox 803 2501 868 2541; x_wconf 89' lang='lat' dir='ltr'><strong>esse</strong></span> <span class='ocrx_word' id='word_1_264' title='bbox 886 2475 1050 2540; x_wconf 89' lang='lat' dir='ltr'><strong>animatos·</strong></span> <span class='ocrx_word' id='word_1_265' title='bbox 1076 2482 1190 2540; x_wconf 75' lang='lat' dir='ltr'><strong>multos</strong></span> <span class='ocrx_word' id='word_1_266' title='bbox 1216 2479 1301 2540; x_wconf 83' lang='lat' dir='ltr'><strong>enim</strong></span> 
     </span>
     <span class='ocr_line' id='line_1_29' title="bbox 127 2562 1301 2666; baseline 0.002 -44"><span class='ocrx_word' id='word_1_267' title='bbox 127 2564 187 2623; x_wconf 88' lang='lat' dir='ltr'><strong>iam</strong></span> <span class='ocrx_word' id='word_1_268' title='bbox 216 2562 406 2664; x_wconf 80' lang='lat' dir='ltr'><strong>plebeiorum</strong></span> <span class='ocrx_word' id='word_1_269' title='bbox 429 2563 592 2628; x_wconf 88' lang='lat' dir='ltr'><strong>bominum</strong></span> <span class='ocrx_word' id='word_1_270' title='bbox 619 2565 733 2625; x_wconf 86' lang='lat' dir='ltr'><strong>delatos</strong></span> <span class='ocrx_word' id='word_1_271' title='bbox 763 2580 853 2666; x_wconf 78' lang='lat' dir='ltr'><strong>atqqe</strong></span> <span class='ocrx_word' id='word_1_272' title='bbox 879 2579 1033 2639; x_wconf 88' lang='lat' dir='ltr'><strong>accusatos</strong></span> <span class='ocrx_word' id='word_1_273' title='bbox 1063 2565 1301 2649; x_wconf 82' lang='lat' dir='ltr'><strong>condemnastis</strong></span> 
     </span>
    </p>
   </div>
   <div class='ocr_carea' id='block_1_12' title="bbox 42 2637 1301 2734">
    <p class='ocr_par' dir='ltr' id='par_1_12' title="bbox 42 2637 1301 2734">
     <span class='ocr_line' id='line_1_30' title="bbox 42 2637 1301 2734; baseline 0 -26"><span class='ocrx_word' id='word_1_274' title='bbox 42 2637 54 2734; x_wconf 19' lang='grc' dir='ltr'>ἰ</span> <span class='ocrx_word' id='word_1_275' title='bbox 127 2647 240 2708; x_wconf 88' lang='lat' dir='ltr'><strong>Nonne</strong></span> <span class='ocrx_word' id='word_1_276' title='bbox 257 2658 330 2709; x_wconf 79' lang='lat' dir='ltr'><strong>vero&#39;</strong></span> <span class='ocrx_word' id='word_1_277' title='bbox 348 2648 487 2729; x_wconf 87' lang='lat' dir='ltr'><strong>iniquum</strong></span> <span class='ocrx_word' id='word_1_278' title='bbox 506 2663 566 2722; x_wconf 91' lang='lat' dir='ltr'><strong>est,</strong></span> <span class='ocrx_word' id='word_1_279' title='bbox 586 2663 690 2710; x_wconf 85' lang='lat' dir='ltr'><strong>contra</strong></span> <span class='ocrx_word' id='word_1_280' title='bbox 705 2642 905 2732; x_wconf 84' lang='lat' dir='ltr'><strong>vosmetipsos</strong></span> <span class='ocrx_word' id='word_1_281' title='bbox 924 2652 964 2710; x_wconf 90' lang='lat' dir='ltr'><strong>ita</strong></span> <span class='ocrx_word' id='word_1_282' title='bbox 982 2651 1085 2734; x_wconf 71' lang='lat' dir='ltr'><strong>legum</strong></span> <span class='ocrx_word' id='word_1_283' title='bbox 1104 2642 1170 2711; x_wconf 81' lang='lat' dir='ltr'><strong>esse</strong></span> <span class='ocrx_word' id='word_1_284' title='bbox 1190 2648 1301 2711; x_wconf 88' lang='lat' dir='ltr'><strong>obser-</strong></span> 
     </span>
    </p>
   </div>
   <div class='ocr_carea' id='block_1_13' title="bbox 88 2734 1323 2902">
    <p class='ocr_par' dir='ltr' id='par_1_13' title="bbox 126 2734 1323 2902">
     <span class='ocr_line' id='line_1_31' title="bbox 126 2734 1323 2819; baseline 0.002 -27"><span class='ocrx_word' id='word_1_285' title='bbox 126 2734 243 2793; x_wconf 67' lang='lat' dir='ltr'><strong>ventes:</strong></span> <span class='ocrx_word' id='word_1_286' title='bbox 269 2734 301 2793; x_wconf 90' lang='lat' dir='ltr'><strong>in</strong></span> <span class='ocrx_word' id='word_1_287' title='bbox 321 2754 372 2794; x_wconf 89' lang='lat' dir='ltr'><strong>eos</strong></span> <span class='ocrx_word' id='word_1_288' title='bbox 391 2754 481 2807; x_wconf 83' lang='lat' dir='ltr'><strong>vero,</strong></span> <span class='ocrx_word' id='word_1_289' title='bbox 504 2736 568 2814; x_wconf 89' lang='lat' dir='ltr'><strong>qui</strong></span> <span class='ocrx_word' id='word_1_290' title='bbox 575 2736 695 2795; x_wconf 82' lang='lat' dir='ltr'><strong>curiose</strong></span> <span class='ocrx_word' id='word_1_291' title='bbox 713 2737 926 2817; x_wconf 79' lang='lat' dir='ltr'><strong>supervacanei</strong></span> <span class='ocrx_word' id='word_1_292' title='bbox 944 2736 1058 2816; x_wconf 88' lang='lat' dir='ltr'><strong>aliquid</strong></span> <span class='ocrx_word' id='word_1_293' title='bbox 1077 2749 1173 2819; x_wconf 83' lang='lat' dir='ltr'><strong>agunt</strong></span> <span class='ocrx_word' id='word_1_294' title='bbox 1190 2736 1222 2796; x_wconf 80' lang='lat' dir='ltr'><strong>et</strong></span> <span class='ocrx_word' id='word_1_295' title='bbox 1240 2756 1300 2817; x_wconf 87' lang='lat' dir='ltr'><strong>pu·</strong></span> <span class='ocrx_word' id='word_1_296' title='bbox 1319 2779 1323 2786; x_wconf 83' lang='lat'>.</span> 
     </span>
     <span class='ocr_line' id='line_1_32' title="bbox 88 2816 1300 2902; baseline 0.002 -24.065"><span class='ocrx_word' id='word_1_297' title='bbox 88 2816 206 2893; x_wconf 84' lang='lat' dir='ltr'><strong>bliee</strong></span> <span class='ocrx_word' id='word_1_298' title='bbox 226 2818 367 2878; x_wconf 86' lang='lat' dir='ltr'><strong>omnibns</strong></span> <span class='ocrx_word' id='word_1_299' title='bbox 386 2820 554 2902; x_wconf 82' lang='lat' dir='ltr'><strong>negotium</strong></span> <span class='ocrx_word' id='word_1_300' title='bbox 557 2816 716 2881; x_wconf 84' lang='lat' dir='ltr'><strong>lacessunt</strong></span> <span class='ocrx_word' id='word_1_301' title='bbox 740 2834 771 2880; x_wconf 89' lang='lat' dir='ltr'><strong>et</strong></span> <span class='ocrx_word' id='word_1_302' title='bbox 794 2839 883 2902; x_wconf 90' lang='lat' dir='ltr'><strong>snpra</strong></span> <span class='ocrx_word' id='word_1_303' title='bbox 901 2822 975 2882; x_wconf 90' lang='lat' dir='ltr'><strong>alios</strong></span> <span class='ocrx_word' id='word_1_304' title='bbox 994 2841 1060 2882; x_wconf 89' lang='lat' dir='ltr'><strong>sese</strong></span> <span class='ocrx_word' id='word_1_305' title='bbox 1079 2822 1235 2895; x_wconf 85' lang='lat' dir='ltr'><strong>esserunt,</strong></span> <span class='ocrx_word' id='word_1_306' title='bbox 1257 2821 1300 2880; x_wconf 87' lang='lat' dir='ltr'><strong>ita</strong></span> 
     </span>
    </p>
   </div>
   <div class='ocr_carea' id='block_1_14' title="bbox 41 2903 1317 3265">
    <p class='ocr_par' dir='ltr' id='par_1_14' title="bbox 41 2903 1317 3243">
     <span class='ocr_line' id='line_1_33' title="bbox 62 2903 1299 2986; baseline 0.003 -25"><span class='ocrx_word' id='word_1_307' title='bbox 62 2948 66 2961; x_wconf 47' lang='grc' dir='ltr'><strong>ι</strong></span> <span class='ocrx_word' id='word_1_308' title='bbox 128 2915 194 2963; x_wconf 87' lang='lat' dir='ltr'><strong>esse</strong></span> <span class='ocrx_word' id='word_1_309' title='bbox 212 2903 295 2962; x_wconf 88' lang='lat' dir='ltr'><strong>lenes</strong></span> <span class='ocrx_word' id='word_1_310' title='bbox 315 2917 346 2963; x_wconf 91' lang='lat' dir='ltr'><strong>ct</strong></span> <span class='ocrx_word' id='word_1_311' title='bbox 364 2904 566 2986; x_wconf 81' lang='lat' dir='ltr'><strong>dissolutos?</strong></span> <span class='ocrx_word' id='word_1_312' title='bbox 559 2905 678 2984; x_wconf 82' lang='lat' dir='ltr'><strong>Neque</strong></span> <span class='ocrx_word' id='word_1_313' title='bbox 696 2906 777 2965; x_wconf 91' lang='lat' dir='ltr'><strong>enim</strong></span> <span class='ocrx_word' id='word_1_314' title='bbox 795 2907 851 2967; x_wconf 91' lang='lat' dir='ltr'><strong>ulli</strong></span> <span class='ocrx_word' id='word_1_315' title='bbox 869 2920 1002 2967; x_wconf 89' lang='lat' dir='ltr'><strong>vestrum</strong></span> <span class='ocrx_word' id='word_1_316' title='bbox 1013 2908 1062 2975; x_wconf 82' lang='grc' dir='ltr'><strong>ιιι</strong></span> <span class='ocrx_word' id='word_1_317' title='bbox 1080 2907 1234 2980; x_wconf 88' lang='lat' dir='ltr'><strong>sentiunt,</strong></span> <span class='ocrx_word' id='word_1_318' title='bbox 1254 2905 1299 2965; x_wconf 89' lang='lat' dir='ltr'><strong>sic</strong></span> 
     </span>
     <span class='ocr_line' id='line_1_34' title="bbox 42 2986 1317 3092; baseline -0.001 -42"><span class='ocrx_word' id='word_1_319' title='bbox 42 2986 103 3051; x_wconf 83' lang='lat'>511&#39;</span> <span class='ocrx_word' id='word_1_320' title='bbox 128 2988 267 3088; x_wconf 75' lang='lat' dir='ltr'><strong>quidem,</strong></span> <span class='ocrx_word' id='word_1_321' title='bbox 285 3000 321 3047; x_wconf 91' lang='lat' dir='ltr'><strong>ut</strong></span> <span class='ocrx_word' id='word_1_322' title='bbox 339 3009 397 3071; x_wconf 82' lang='lat' dir='ltr'><strong>ego</strong></span> <span class='ocrx_word' id='word_1_323' title='bbox 415 2987 500 3064; x_wconf 90' lang='lat' dir='ltr'><strong>dico,</strong></span> <span class='ocrx_word' id='word_1_324' title='bbox 520 2990 586 3049; x_wconf 88' lang='lat' dir='ltr'><strong>lieri</strong></span> <span class='ocrx_word' id='word_1_325' title='bbox 605 3003 761 3070; x_wconf 91' lang='lat' dir='ltr'><strong>oportere·</strong></span> <span class='ocrx_word' id='word_1_326' title='bbox 786 2986 840 3052; x_wconf 75' lang='lat' dir='ltr'><strong>sed</strong></span> <span class='ocrx_word' id='word_1_327' title='bbox 857 3005 983 3075; x_wconf 89' lang='lat' dir='ltr'><strong>propter</strong></span> <span class='ocrx_word' id='word_1_328' title='bbox 999 2991 1219 3092; x_wconf 79' lang='lat' dir='ltr'><strong>Aristogitonis</strong></span> <span class='ocrx_word' id='word_1_329' title='bbox 1237 2990 1296 3057; x_wconf 87' lang='lat' dir='ltr'><strong>bo-</strong></span> <span class='ocrx_word' id='word_1_330' title='bbox 1314 3061 1317 3064; x_wconf 9' lang='grc' dir='ltr'><strong>Α</strong></span> 
     </span>
     <span class='ocr_line' id='line_1_35' title="bbox 55 3073 1297 3176; baseline 0.002 -45"><span class='ocrx_word' id='word_1_331' title='bbox 55 3123 61 3131; x_wconf 90' lang='grc'><strong>.</strong></span> <span class='ocrx_word' id='word_1_332' title='bbox 125 3073 251 3134; x_wconf 88' lang='lat' dir='ltr'><strong>nitatem</strong></span> <span class='ocrx_word' id='word_1_333' title='bbox 271 3085 302 3133; x_wconf 88' lang='lat' dir='ltr'><strong>et</strong></span> <span class='ocrx_word' id='word_1_334' title='bbox 318 3073 466 3147; x_wconf 80' lang='lat' dir='ltr'><strong>fructum,</strong></span> <span class='ocrx_word' id='word_1_335' title='bbox 493 3096 583 3154; x_wconf 88' lang='lat' dir='ltr'><strong>quem</strong></span> <span class='ocrx_word' id='word_1_336' title='bbox 602 3096 638 3135; x_wconf 87' lang='lat' dir='ltr'><strong>ex</strong></span> <span class='ocrx_word' id='word_1_337' title='bbox 657 3097 695 3135; x_wconf 86' lang='lat' dir='ltr'><strong>eo</strong></span> <span class='ocrx_word' id='word_1_338' title='bbox 714 3076 852 3157; x_wconf 87' lang='lat' dir='ltr'><strong>capiatis,</strong></span> <span class='ocrx_word' id='word_1_339' title='bbox 878 3078 1118 3151; x_wconf 70' lang='lat' dir='ltr'><strong>connitendum,</strong></span> <span class='ocrx_word' id='word_1_340' title='bbox 1144 3074 1202 3137; x_wconf 88' lang='lat' dir='ltr'><strong>etsi</strong></span> <span class='ocrx_word' id='word_1_341' title='bbox 1213 3098 1297 3176; x_wconf 86' lang='lat' dir='ltr'><strong>pan-</strong></span> 
     </span>
     <span class='ocr_line' id='line_1_36' title="bbox 41 3148 1297 3265; baseline 0.002 -48"><span class='ocrx_word' id='word_1_342' title='bbox 41 3173 45 3178; x_wconf 83' lang='grc'><strong>’</strong></span> <span class='ocrx_word' id='word_1_343' title='bbox 124 3148 222 3218; x_wconf 84' lang='grc' dir='ltr'><strong>ιιιιιιιιι</strong></span> <span class='ocrx_word' id='word_1_344' title='bbox 239 3157 405 3219; x_wconf 82' lang='lat' dir='ltr'><strong>deflexerit</strong></span> <span class='ocrx_word' id='word_1_345' title='bbox 428 3181 445 3218; x_wconf 88' lang='lat' dir='ltr'><strong>a</strong></span> <span class='ocrx_word' id='word_1_346' title='bbox 468 3159 595 3242; x_wconf 81' lang='lat' dir='ltr'><strong>legibus</strong></span> <span class='ocrx_word' id='word_1_347' title='bbox 637 3160 714 3220; x_wconf 87' lang='lat' dir='ltr'><strong>Nam</strong></span> <span class='ocrx_word' id='word_1_348' title='bbox 734 3178 808 3221; x_wconf 78' lang='lat' dir='ltr'><strong>eum</strong></span> <span class='ocrx_word' id='word_1_349' title='bbox 834 3184 900 3223; x_wconf 89' lang='lat' dir='ltr'><strong>esse</strong></span> <span class='ocrx_word' id='word_1_350' title='bbox 918 3162 1097 3265; x_wconf 83' lang='grc' dir='ltr'><strong>ἱιιιιιιοιιιιιιι</strong></span> <span class='ocrx_word' id='word_1_351' title='bbox 1124 3174 1155 3222; x_wconf 87' lang='lat' dir='ltr'><strong>et</strong></span> <span class='ocrx_word' id='word_1_352' title='bbox 1178 3160 1297 3221; x_wconf 89' lang='lat' dir='ltr'><strong>iniusto</strong></span> 
     </span>
    </p>
   </div>
   <div class='ocr_carea' id='block_1_15' title="bbox 10 3233 1296 3429">
    <p class='ocr_par' dir='ltr' id='par_1_15' title="bbox 10 3233 1296 3424">
     <span class='ocr_line' id='line_1_37' title="bbox 30 3233 1296 3347; baseline 0.003 -46"><span class='ocrx_word' id='word_1_353' title='bbox 30 3284 36 3293; x_wconf 71' lang='lat'><em>,</em></span> <span class='ocrx_word' id='word_1_354' title='bbox 111 3233 322 3330; x_wconf 41' lang='lat' dir='ltr'><strong>,praeditum&#39;</strong></span> <span class='ocrx_word' id='word_1_355' title='bbox 313 3244 455 3326; x_wconf 79' lang='lat' dir='ltr'><strong>ingenio,</strong></span> <span class='ocrx_word' id='word_1_356' title='bbox 474 3244 543 3305; x_wconf 88' lang='lat' dir='ltr'><strong>satis</strong></span> <span class='ocrx_word' id='word_1_357' title='bbox 562 3245 659 3318; x_wconf 87' lang='lat' dir='ltr'><strong>vobis,</strong></span> <span class='ocrx_word' id='word_1_358' title='bbox 676 3258 713 3306; x_wconf 91' lang='lat' dir='ltr'><strong>ut</strong></span> <span class='ocrx_word' id='word_1_359' title='bbox 731 3248 872 3326; x_wconf 90' lang='lat' dir='ltr'><strong>equidem</strong></span> <span class='ocrx_word' id='word_1_360' title='bbox 891 3248 1076 3321; x_wconf 81' lang='lat' dir='ltr'><strong>arbitror,‘’</strong></span> <span class='ocrx_word' id='word_1_361' title='bbox 1055 3271 1108 3321; x_wconf 87' lang='lat' dir='ltr'><strong>ns,</strong></span> <span class='ocrx_word' id='word_1_362' title='bbox 1128 3268 1204 3347; x_wconf 77' lang='lat' dir='ltr'><strong>quae</strong></span> <span class='ocrx_word' id='word_1_363' title='bbox 1222 3259 1296 3306; x_wconf 91' lang='lat' dir='ltr'><strong>ante</strong></span> 
     </span>
     <span class='ocr_line' id='line_1_38' title="bbox 10 3326 1291 3429; baseline 0.002 -43"><span class='ocrx_word' id='word_1_364' title='bbox 10 3332 135 3429; x_wconf 49' lang='lat' dir='ltr'><strong>‘ss</strong></span> <span class='ocrx_word' id='word_1_365' title='bbox 96 3326 205 3388; x_wconf 73' lang='lat' dir='ltr'><strong>‘dicta</strong></span> <span class='ocrx_word' id='word_1_366' title='bbox 223 3331 352 3402; x_wconf 88' lang='lat' dir='ltr'><strong>sunt,L</strong></span> <span class='ocrx_word' id='word_1_367' title='bbox 350 3344 483 3414; x_wconf 78' lang='lat' dir='ltr'><strong>yturgus</strong></span> <span class='ocrx_word' id='word_1_368' title='bbox 503 3331 652 3390; x_wconf 85' lang='lat' dir='ltr'><strong>ostendit:</strong></span> <span class='ocrx_word' id='word_1_369' title='bbox 684 3331 761 3405; x_wconf 87' lang='lat' dir='ltr'><strong>iam,</strong></span> <span class='ocrx_word' id='word_1_370' title='bbox 779 3354 836 3392; x_wconf 92' lang='lat' dir='ltr'><strong>nec</strong></span> <span class='ocrx_word' id='word_1_371' title='bbox 855 3354 921 3393; x_wconf 89' lang='lat' dir='ltr'><strong>esse</strong></span> <span class='ocrx_word' id='word_1_372' title='bbox 938 3334 1062 3406; x_wconf 90' lang='lat' dir='ltr'><strong>utilem,</strong></span> <span class='ocrx_word' id='word_1_373' title='bbox 1081 3354 1118 3392; x_wconf 81' lang='lat' dir='ltr'><strong>ex</strong></span> <span class='ocrx_word' id='word_1_374' title='bbox 1136 3332 1199 3392; x_wconf 87' lang='lat' dir='ltr'><strong>eins</strong></span> <span class='ocrx_word' id='word_1_375' title='bbox 1216 3329 1291 3390; x_wconf 86' lang='lat' dir='ltr'><strong>actis</strong></span> 
     </span>
    </p>
   </div>
   <div class='ocr_carea' id='block_1_16' title="bbox 123 3412 1327 3515">
    <p class='ocr_par' dir='ltr' id='par_1_16' title="bbox 123 3412 1327 3515">
     <span class='ocr_line' id='line_1_39' title="bbox 123 3412 1327 3515; baseline 0.001 -43"><span class='ocrx_word' id='word_1_376' title='bbox 123 3412 158 3472; x_wconf 90' lang='lat' dir='ltr'><strong>in</strong></span> <span class='ocrx_word' id='word_1_377' title='bbox 174 3413 330 3513; x_wconf 75' lang='lat' dir='ltr'><strong>republica</strong></span> <span class='ocrx_word' id='word_1_378' title='bbox 347 3415 544 3515; x_wconf 83' lang='lat' dir='ltr'><strong>perspicitur.</strong></span> <span class='ocrx_word' id='word_1_379' title='bbox 577 3416 678 3490; x_wconf 80' lang='lat' dir='ltr'><strong>Quem</strong></span> <span class='ocrx_word' id='word_1_380' title='bbox 697 3416 778 3477; x_wconf 91' lang='lat' dir='ltr'><strong>enim</strong></span> <span class='ocrx_word' id='word_1_381' title='bbox 796 3419 988 3479; x_wconf 85' lang='lat' dir='ltr'><strong>adductum</strong></span> <span class='ocrx_word' id='word_1_382' title='bbox 979 3441 1011 3478; x_wconf 93' lang='lat' dir='ltr'><strong>m</strong></span> <span class='ocrx_word' id='word_1_383' title='bbox 1030 3418 1193 3490; x_wconf 87' lang='lat' dir='ltr'><strong>iudicium,</strong></span> <span class='ocrx_word' id='word_1_384' title='bbox 1209 3435 1295 3495; x_wconf 87' lang='lat' dir='ltr'><strong>quo-</strong></span> <span class='ocrx_word' id='word_1_385' title='bbox 1324 3437 1327 3441; x_wconf 92' lang='lat'>·</span> 
     </span>
    </p>
   </div>
   <div class='ocr_carea' id='block_1_17' title="bbox 24 3495 1311 3582">
    <p class='ocr_par' dir='ltr' id='par_1_17' title="bbox 24 3495 1311 3582">
     <span class='ocr_line' id='line_1_40' title="bbox 24 3495 1311 3582; baseline 0.001 -25"><span class='ocrx_word' id='word_1_386' title='bbox 24 3495 28 3506; x_wconf 78' lang='lat'><em>&#39;</em></span> <span class='ocrx_word' id='word_1_387' title='bbox 122 3519 190 3558; x_wconf 87' lang='lat' dir='ltr'><strong>rum</strong></span> <span class='ocrx_word' id='word_1_388' title='bbox 208 3498 368 3559; x_wconf 88' lang='lat' dir='ltr'><strong>criminum</strong></span> <span class='ocrx_word' id='word_1_389' title='bbox 386 3501 495 3582; x_wconf 83' lang='lat' dir='ltr'><strong>arguit,</strong></span> <span class='ocrx_word' id='word_1_390' title='bbox 514 3521 619 3561; x_wconf 86' lang='lat' dir='ltr'><strong>eorum</strong></span> <span class='ocrx_word' id='word_1_391' title='bbox 639 3502 771 3563; x_wconf 85' lang='lat' dir='ltr'><strong>convicit</strong></span> <span class='ocrx_word' id='word_1_392' title='bbox 788 3503 979 3563; x_wconf 88' lang='lat' dir='ltr'><strong>accusando?</strong></span> <span class='ocrx_word' id='word_1_393' title='bbox 998 3504 1099 3578; x_wconf 85' lang='lat' dir='ltr'><strong>Quem</strong></span> <span class='ocrx_word' id='word_1_394' title='bbox 1117 3501 1204 3564; x_wconf 81' lang='lat' dir='ltr'><strong>vobis</strong></span> <span class='ocrx_word' id='word_1_395' title='bbox 1221 3501 1295 3559; x_wconf 85' lang='lat' dir='ltr'><strong>red·</strong></span> <span class='ocrx_word' id='word_1_396' title='bbox 1307 3543 1311 3547; x_wconf 83' lang='lat'><em>-</em></span> 
     </span>
    </p>
   </div>
   <div class='ocr_carea' id='block_1_18' title="bbox 124 3582 1295 3688">
    <p class='ocr_par' dir='ltr' id='par_1_18' title="bbox 124 3582 1295 3688">
     <span class='ocr_line' id='line_1_41' title="bbox 124 3582 1295 3688; baseline 0.001 -46"><span class='ocrx_word' id='word_1_397' title='bbox 124 3582 201 3643; x_wconf 88' lang='lat' dir='ltr'><strong>itum</strong></span> <span class='ocrx_word' id='word_1_398' title='bbox 220 3585 423 3665; x_wconf 81' lang='lat' dir='ltr'><strong>comparavit?</strong></span> <span class='ocrx_word' id='word_1_399' title='bbox 443 3587 544 3660; x_wconf 83' lang='lat' dir='ltr'><strong>Quod</strong></span> <span class='ocrx_word' id='word_1_400' title='bbox 559 3587 712 3646; x_wconf 89' lang='lat' dir='ltr'><strong>decretum</strong></span> <span class='ocrx_word' id='word_1_401' title='bbox 732 3588 829 3661; x_wconf 83' lang='lat' dir='ltr'><strong>fecit,</strong></span> <span class='ocrx_word' id='word_1_402' title='bbox 839 3590 921 3688; x_wconf 90' lang='lat' dir='ltr'><strong>qnod</strong></span> <span class='ocrx_word' id='word_1_403' title='bbox 937 3609 991 3648; x_wconf 86' lang='lat' dir='ltr'><strong>vos</strong></span> <span class='ocrx_word' id='word_1_404' title='bbox 1008 3597 1130 3648; x_wconf 83' lang='lat' dir='ltr'><strong>secutos</strong></span> <span class='ocrx_word' id='word_1_405' title='bbox 1147 3606 1295 3647; x_wconf 87' lang='lat' dir='ltr'><strong>essenon</strong></span> 
     </span>
    </p>
   </div>
   <div class='ocr_carea' id='block_1_19' title="bbox 47 3669 1295 3853">
    <p class='ocr_par' dir='ltr' id='par_1_19' title="bbox 47 3669 1295 3838">
     <span class='ocr_line' id='line_1_42' title="bbox 47 3669 1293 3769; baseline 0 -41"><span class='ocrx_word' id='word_1_406' title='bbox 47 3688 50 3753; x_wconf 66' lang='lat' dir='ltr'>j</span> <span class='ocrx_word' id='word_1_407' title='bbox 121 3669 330 3769; x_wconf 75' lang='lat' dir='ltr'><strong>poenituerit?</strong></span> <span class='ocrx_word' id='word_1_408' title='bbox 355 3669 433 3731; x_wconf 86' lang='lat' dir='ltr'><strong>Nam</strong></span> <span class='ocrx_word' id='word_1_409' title='bbox 450 3683 571 3750; x_wconf 86' lang='lat' dir='ltr'><strong>praeter</strong></span> <span class='ocrx_word' id='word_1_410' title='bbox 594 3685 710 3732; x_wconf 89' lang='lat' dir='ltr'><strong>caetera</strong></span> <span class='ocrx_word' id='word_1_411' title='bbox 735 3673 824 3732; x_wconf 89' lang='lat' dir='ltr'><strong>etiam</strong></span> <span class='ocrx_word' id='word_1_412' title='bbox 847 3673 888 3733; x_wconf 83' lang='lat' dir='ltr'><strong>ita</strong></span> <span class='ocrx_word' id='word_1_413' title='bbox 912 3694 1017 3759; x_wconf 58' lang='lat' dir='ltr'><strong>uecors</strong></span> <span class='ocrx_word' id='word_1_414' title='bbox 1043 3686 1091 3733; x_wconf 89' lang='lat' dir='ltr'><strong>est</strong></span> <span class='ocrx_word' id='word_1_415' title='bbox 1114 3686 1146 3733; x_wconf 89' lang='lat' dir='ltr'><strong>et</strong></span> <span class='ocrx_word' id='word_1_416' title='bbox 1164 3669 1293 3748; x_wconf 83' lang='lat' dir='ltr'><strong>barbaro</strong></span> 
     </span>
     <span class='ocr_line' id='line_1_43' title="bbox 60 3753 1295 3853; baseline 0.002 -41"><span class='ocrx_word' id='word_1_417' title='bbox 60 3794 63 3799; x_wconf 85' lang='lat'><em>-</em></span> <span class='ocrx_word' id='word_1_418' title='bbox 93 3819 95 3822; x_wconf 11' lang='lat' dir='ltr'>y</span> <span class='ocrx_word' id='word_1_419' title='bbox 121 3753 264 3853; x_wconf 73' lang='lat' dir='ltr'><strong>ingenio,</strong></span> <span class='ocrx_word' id='word_1_420' title='bbox 282 3768 334 3828; x_wconf 91' lang='lat' dir='ltr'><strong>ut,</strong></span> <span class='ocrx_word' id='word_1_421' title='bbox 353 3777 378 3814; x_wconf 81' lang='grc' dir='ltr'><strong>ιι</strong></span> <span class='ocrx_word' id='word_1_422' title='bbox 370 3756 506 3837; x_wconf 88' lang='lat' dir='ltr'><strong>quibus</strong></span> <span class='ocrx_word' id='word_1_423' title='bbox 524 3777 578 3817; x_wconf 82' lang='lat' dir='ltr'><strong>vos</strong></span> <span class='ocrx_word' id='word_1_424' title='bbox 597 3757 734 3817; x_wconf 86' lang='lat' dir='ltr'><strong>iratiores</strong></span> <span class='ocrx_word' id='word_1_425' title='bbox 754 3777 819 3818; x_wconf 86' lang='lat' dir='ltr'><strong>esse</strong></span> <span class='ocrx_word' id='word_1_426' title='bbox 837 3758 948 3819; x_wconf 81' lang='lat' dir='ltr'><strong>viderit</strong></span> <span class='ocrx_word' id='word_1_427' title='bbox 965 3772 996 3819; x_wconf 89' lang='lat' dir='ltr'><strong>et</strong></span> <span class='ocrx_word' id='word_1_428' title='bbox 1014 3760 1110 3833; x_wconf 84' lang='lat' dir='ltr'><strong>ultra,</strong></span> <span class='ocrx_word' id='word_1_429' title='bbox 1130 3779 1221 3838; x_wconf 89' lang='lat' dir='ltr'><strong>quam</strong></span> <span class='ocrx_word' id='word_1_430' title='bbox 1239 3760 1295 3838; x_wconf 83' lang='grc' dir='ltr'><strong>ιιιι</strong></span> 
     </span>
    </p>
   </div>
   <div class='ocr_carea' id='block_1_20' title="bbox 122 3840 1293 3925">
    <p class='ocr_par' dir='ltr' id='par_1_20' title="bbox 122 3840 1293 3925">
     <span class='ocr_line' id='line_1_44' title="bbox 122 3840 1293 3925; baseline -0.001 -25"><span class='ocrx_word' id='word_1_431' title='bbox 122 3852 199 3913; x_wconf 84' lang='lat' dir='ltr'><strong>est,</strong></span> <span class='ocrx_word' id='word_1_432' title='bbox 208 3840 394 3916; x_wconf 72' lang='lat' dir='ltr'><strong>concitatos,</strong></span> <span class='ocrx_word' id='word_1_433' title='bbox 420 3854 487 3901; x_wconf 88' lang='lat' dir='ltr'><strong>tum</strong></span> <span class='ocrx_word' id='word_1_434' title='bbox 503 3842 611 3925; x_wconf 57' lang='lat' dir='ltr'><strong>nestris</strong></span> <span class='ocrx_word' id='word_1_435' title='bbox 629 3842 835 3903; x_wconf 82' lang='lat' dir='ltr'><strong>voluntatibus</strong></span> <span class='ocrx_word' id='word_1_436' title='bbox 860 3865 895 3903; x_wconf 84' lang='lat' dir='ltr'><strong>ex</strong></span> <span class='ocrx_word' id='word_1_437' title='bbox 918 3844 1072 3904; x_wconf 85' lang='lat' dir='ltr'><strong>iracundia</strong></span> <span class='ocrx_word' id='word_1_438' title='bbox 1096 3841 1293 3912; x_wconf 85' lang='lat' dir='ltr'><strong>aestimandis</strong></span> 
     </span>
    </p>
   </div>
   <div class='ocr_carea' id='block_1_21' title="bbox 56 3925 1294 4026">
    <p class='ocr_par' dir='ltr' id='par_1_21' title="bbox 56 3925 1294 4026">
     <span class='ocr_line' id='line_1_45' title="bbox 56 3925 1294 4026; baseline 0.001 -43"><span class='ocrx_word' id='word_1_439' title='bbox 56 3991 62 3999; x_wconf 77' lang='lat'><em>,</em></span> <span class='ocrx_word' id='word_1_440' title='bbox 122 3925 332 3995; x_wconf 83' lang='lat' dir='ltr'><strong>occasionibus</strong></span> <span class='ocrx_word' id='word_1_441' title='bbox 360 3925 553 3992; x_wconf 86' lang='lat' dir='ltr'><strong>adversetur.-</strong></span> <span class='ocrx_word' id='word_1_442' title='bbox 583 3927 681 3988; x_wconf 88' lang='lat' dir='ltr'><strong>Decet</strong></span> <span class='ocrx_word' id='word_1_443' title='bbox 698 3942 798 3989; x_wconf 88' lang='lat' dir='ltr'><strong>autem</strong></span> <span class='ocrx_word' id='word_1_444' title='bbox 822 3949 910 3999; x_wconf 84' lang='lat' dir='ltr'><strong>eum,</strong></span> <span class='ocrx_word' id='word_1_445' title='bbox 937 3953 990 4010; x_wconf 77' lang='lat' dir='ltr'><strong>qur</strong></span> <span class='ocrx_word' id='word_1_446' title='bbox 980 3928 1095 3990; x_wconf 88' lang='lat' dir='ltr'><strong>vobis</strong></span> <span class='ocrx_word' id='word_1_447' title='bbox 1115 3927 1294 4026; x_wconf 77' lang='lat' dir='ltr'><strong>consultum</strong></span> 
     </span>
    </p>
   </div>
   <div class='ocr_carea' id='block_1_22' title="bbox 112 4004 1292 4110">
    <p class='ocr_par' dir='ltr' id='par_1_22' title="bbox 112 4004 1292 4110">
     <span class='ocr_line' id='line_1_46' title="bbox 112 4004 1292 4110; baseline 0.002 -44"><span class='ocrx_word' id='word_1_448' title='bbox 112 4004 213 4110; x_wconf 62' lang='lat' dir='ltr'><strong>uelit,</strong></span> <span class='ocrx_word' id='word_1_449' title='bbox 241 4031 305 4070; x_wconf 90' lang='lat' dir='ltr'><strong>non</strong></span> <span class='ocrx_word' id='word_1_450' title='bbox 323 4011 431 4071; x_wconf 85' lang='lat' dir='ltr'><strong>subitis</strong></span> <span class='ocrx_word' id='word_1_451' title='bbox 450 4011 626 4085; x_wconf 79' lang='lat' dir='ltr'><strong>affectibus,</strong></span> <span class='ocrx_word' id='word_1_452' title='bbox 655 4013 766 4092; x_wconf 88' lang='lat' dir='ltr'><strong>quibus</strong></span> <span class='ocrx_word' id='word_1_453' title='bbox 785 4014 937 4075; x_wconf 84' lang='lat' dir='ltr'><strong>iracundia</strong></span> <span class='ocrx_word' id='word_1_454' title='bbox 956 4015 1088 4094; x_wconf 87' lang='lat' dir='ltr'><strong>permoti</strong></span> <span class='ocrx_word' id='word_1_455' title='bbox 1106 4026 1180 4075; x_wconf 87' lang='lat' dir='ltr'><strong>sunt</strong></span> <span class='ocrx_word' id='word_1_456' title='bbox 1198 4010 1292 4073; x_wconf 86' lang='lat' dir='ltr'><strong>animi</strong></span> 
     </span>
    </p>
   </div>
   <div class='ocr_carea' id='block_1_23' title="bbox 67 4090 1338 4264">
    <p class='ocr_par' dir='ltr' id='par_1_23' title="bbox 67 4090 1338 4264">
     <span class='ocr_line' id='line_1_47' title="bbox 67 4090 1338 4180; baseline 0.002 -26"><span class='ocrx_word' id='word_1_457' title='bbox 67 4150 76 4160; x_wconf 65' lang='grc'><strong>,,</strong></span> <span class='ocrx_word' id='word_1_458' title='bbox 121 4090 230 4167; x_wconf 81' lang='lat' dir='ltr'><strong>vestri,</strong></span> <span class='ocrx_word' id='word_1_459' title='bbox 254 4096 433 4178; x_wconf 77' lang='lat' dir='ltr'><strong>indulgeret</strong></span> <span class='ocrx_word' id='word_1_460' title='bbox 454 4099 522 4157; x_wconf 90' lang='lat' dir='ltr'><strong>sed</strong></span> <span class='ocrx_word' id='word_1_461' title='bbox 531 4096 643 4157; x_wconf 89' lang='lat' dir='ltr'><strong>rationi</strong></span> <span class='ocrx_word' id='word_1_462' title='bbox 668 4109 700 4156; x_wconf 87' lang='lat' dir='ltr'><strong>et</strong></span> <span class='ocrx_word' id='word_1_463' title='bbox 723 4094 855 4180; x_wconf 84' lang='lat' dir='ltr'><strong>negotiis</strong></span> <span class='ocrx_word' id='word_1_464' title='bbox 882 4110 912 4157; x_wconf 92' lang='lat' dir='ltr'><strong>et</strong></span> <span class='ocrx_word' id='word_1_465' title='bbox 935 4100 1125 4179; x_wconf 85' lang='lat' dir='ltr'><strong>temporibus</strong></span> <span class='ocrx_word' id='word_1_466' title='bbox 1152 4095 1290 4177; x_wconf 89' lang='lat' dir='ltr'><strong>obsequi.</strong></span> <span class='ocrx_word' id='word_1_467' title='bbox 1331 4144 1338 4157; x_wconf 90' lang='grc'><strong>.</strong></span> 
     </span>
     <span class='ocr_line' id='line_1_48' title="bbox 67 4178 1289 4264; baseline 0 -24"><span class='ocrx_word' id='word_1_468' title='bbox 67 4178 95 4225; x_wconf 51' lang='lat'><strong>²²³</strong></span> <span class='ocrx_word' id='word_1_469' title='bbox 120 4178 198 4255; x_wconf 70' lang='lat' dir='ltr'><strong>Nam</strong></span> <span class='ocrx_word' id='word_1_470' title='bbox 215 4179 276 4240; x_wconf 90' lang='lat' dir='ltr'><strong>illa</strong></span> <span class='ocrx_word' id='word_1_471' title='bbox 283 4181 389 4242; x_wconf 89' lang='lat' dir='ltr'><strong>subito</strong></span> <span class='ocrx_word' id='word_1_472' title='bbox 405 4182 587 4255; x_wconf 86' lang='lat' dir='ltr'><strong>intercidere</strong></span> <span class='ocrx_word' id='word_1_473' title='bbox 605 4182 724 4251; x_wconf 88' lang='lat' dir='ltr'><strong>solent·</strong></span> <span class='ocrx_word' id='word_1_474' title='bbox 760 4184 833 4244; x_wconf 87' lang='lat' dir='ltr'><strong>haec</strong></span> <span class='ocrx_word' id='word_1_475' title='bbox 850 4205 1027 4264; x_wconf 88' lang='lat' dir='ltr'><strong>permanere</strong></span> <span class='ocrx_word' id='word_1_476' title='bbox 1046 4197 1078 4244; x_wconf 90' lang='lat' dir='ltr'><strong>et</strong></span> <span class='ocrx_word' id='word_1_477' title='bbox 1096 4183 1289 4250; x_wconf 78' lang='lat' dir='ltr'><strong>diutmniora</strong></span> 
     </span>
    </p>
   </div>
   <div class='ocr_carea' id='block_1_24' title="bbox 64 4326 86 4360">
    <p class='ocr_par' dir='ltr' id='par_1_24' title="bbox 64 4326 86 4360">
     <span class='ocr_line' id='line_1_49' title="bbox 64 4326 86 4360; baseline 0 -5"><span class='ocrx_word' id='word_1_478' title='bbox 64 4326 86 4360; x_wconf 76' lang='lat' dir='ltr'><strong>t</strong></span> 
     </span>
    </p>
   </div>
   <div class='ocr_carea' id='block_1_25' title="bbox 112 4266 1288 4371">
    <p class='ocr_par' dir='ltr' id='par_1_25' title="bbox 112 4266 1288 4371">
     <span class='ocr_line' id='line_1_50' title="bbox 112 4266 1288 4371; baseline 0.003 -47"><span class='ocrx_word' id='word_1_479' title='bbox 112 4281 211 4325; x_wconf 41' lang='lat' dir='ltr'><strong>resse.</strong></span> <span class='ocrx_word' id='word_1_480' title='bbox 231 4266 412 4347; x_wconf 85' lang='lat' dir='ltr'><strong>Quorum</strong></span> <span class='ocrx_word' id='word_1_481' title='bbox 402 4280 460 4330; x_wconf 87' lang='lat' dir='ltr'><strong>rste</strong></span> <span class='ocrx_word' id='word_1_482' title='bbox 478 4267 555 4328; x_wconf 89' lang='lat' dir='ltr'><strong>nibil</strong></span> <span class='ocrx_word' id='word_1_483' title='bbox 573 4267 710 4351; x_wconf 83' lang='lat' dir='ltr'><strong>cogitans</strong></span> <span class='ocrx_word' id='word_1_484' title='bbox 728 4269 846 4329; x_wconf 88' lang='lat' dir='ltr'><strong>occulta</strong></span> <span class='ocrx_word' id='word_1_485' title='bbox 864 4269 1051 4371; x_wconf 76' lang='lat' dir='ltr'><strong>reiqulicac</strong></span> <span class='ocrx_word' id='word_1_486' title='bbox 1069 4269 1143 4331; x_wconf 86' lang='lat' dir='ltr'><strong>vitia</strong></span> <span class='ocrx_word' id='word_1_487' title='bbox 1160 4268 1288 4351; x_wconf 80' lang='lat' dir='ltr'><strong>profert,</strong></span> 
     </span>
    </p>
   </div>
   <div class='ocr_carea' id='block_1_26' title="bbox 12 4345 1355 4472">
    <p class='ocr_par' dir='ltr' id='par_1_26' title="bbox 12 4345 1355 4472">
     <span class='ocr_line' id='line_1_51' title="bbox 12 4345 1355 4472; baseline 0.001 -62"><span class='ocrx_word' id='word_1_488' title='bbox 12 4422 16 4429; x_wconf 27' lang='lat'><strong><em>¹</em></strong></span> <span class='ocrx_word' id='word_1_489' title='bbox 120 4345 164 4465; x_wconf 78' lang='grc' dir='ltr'><strong>ιιι</strong></span> <span class='ocrx_word' id='word_1_490' title='bbox 178 4361 317 4434; x_wconf 76' lang='lat' dir='ltr'><strong>cogatur·</strong></span> <span class='ocrx_word' id='word_1_491' title='bbox 313 4352 430 4415; x_wconf 81' lang='lat' dir='ltr'><strong>eadem</strong></span> <span class='ocrx_word' id='word_1_492' title='bbox 447 4351 573 4472; x_wconf 78' lang='lat' dir='ltr'><strong>negotia</strong></span> <span class='ocrx_word' id='word_1_493' title='bbox 590 4366 623 4414; x_wconf 87' lang='lat' dir='ltr'><strong>et</strong></span> <span class='ocrx_word' id='word_1_494' title='bbox 639 4366 714 4415; x_wconf 88' lang='lat' dir='ltr'><strong>rata</strong></span> <span class='ocrx_word' id='word_1_495' title='bbox 719 4354 830 4416; x_wconf 84' lang='lat' dir='ltr'><strong>babere</strong></span> <span class='ocrx_word' id='word_1_496' title='bbox 849 4366 880 4416; x_wconf 90' lang='lat' dir='ltr'><strong>et</strong></span> <span class='ocrx_word' id='word_1_497' title='bbox 896 4354 980 4416; x_wconf 87' lang='lat' dir='ltr'><strong>irrita</strong></span> <span class='ocrx_word' id='word_1_498' title='bbox 997 4355 1105 4416; x_wconf 84' lang='lat' dir='ltr'><strong>facere.</strong></span> <span class='ocrx_word' id='word_1_499' title='bbox 1148 4355 1192 4416; x_wconf 84' lang='lat' dir='ltr'><strong>At</strong></span> <span class='ocrx_word' id='word_1_500' title='bbox 1216 4354 1288 4414; x_wconf 88' lang='lat' dir='ltr'><strong>ideo</strong></span> <span class='ocrx_word' id='word_1_501' title='bbox 1352 4427 1355 4438; x_wconf 27' lang='lat'><strong>¹</strong></span> 
     </span>
    </p>
   </div>
   <div class='ocr_carea' id='block_1_27' title="bbox 0 0 1366 4754">
    <p class='ocr_par' dir='ltr' id='par_1_27' title="bbox 0 0 1366 4754">
     <span class='ocr_line' id='line_1_52' title="bbox 0 0 1366 4754; baseline 0 5"><span class='ocrx_word' id='word_1_502' title='bbox 0 0 1366 4754; x_wconf 95' lang='lat' dir='ltr'><strong> </strong></span> 
     </span>
    </p>
   </div>
  </div>
 </body>
</html>
