2722 4754
123 131 243 237 ιιι4’”
312 121 337 144 ”
375 114 804 282 *nenessitatem
816 94 1044 230 ιιιιιιιο

48 320 60 365 ²
121 325 233 410 Olymp
236 325 369 385 iodoros.
378 293 515 400 Quodsi
526 321 681 382 concedit:
699 280 779 392 liat
769 334 820 397 ιιι,
838 337 869 384 et
879 344 939 384 uos
958 320 1114 422 audite,
1088 345 1115 384 ει
1131 323 1185 383 isti
1203 321 1290 383 vide-

121 412 218 472 bitur:
236 410 283 468 sin
303 408 362 467 hoc
379 406 491 465 facere
486 407 640 482 noluerit,
659 428 762 467 nonne
781 431 839 469 ram
856 408 954 489 palam
972 409 1040 482 erit,
1060 430 1129 468 eum
1148 407 1290 467 omnium
1348 471 1354 476 ,

87 500 92 508 ’
120 493 279 556 hominum
298 513 363 552 esse
381 491 694 572 impudentissimum,
723 513 823 571 neque
841 494 938 552 ullum
967 493 1033 552 eius
1048 492 1176 553 verbum
1195 512 1290 573 porro
1350 530 1356 543 ·

105 580 281 660 quicquam
299 578 378 657 apud
397 595 455 636 vos
469 577 655 638 auctoritatis
668 576 779 636 habere
796 592 937 658 oportere
947 577 966 636 i·
985 577 1046 637 Sed
1058 579 1138 659 quid
1160 597 1292 658 magno-

118 661 385 745 pereso-ntendo?
403 662 524 741 1Neque
544 660 624 720 enim
643 662 707 742 ipse
725 662 856 744 ignorat,
874 663 949 725 mibi
965 683 981 722 a
1000 684 1032 721 se
1050 663 1118 721 fieri
1135 661 1294 733 iniuriam,

119 748 186 808 fieri
204 760 235 807 et
253 748 310 808 diis
330 746 560 820 immortalibus,
579 768 709 827 quorum
727 769 840 806 numen
856 746 965 806 iuravit
978 760 1008 807 et
1021 746 1176 828 peieravit„
1191 747 1292 808 ..Emo

42 858 45 869 ¹
118 846 168 892 tae
187 833 308 899 mentis·
317 844 379 905 est,
406 828 541 904 ludices,
568 843 599 890 et
617 832 739 921 desipit
770 832 883 892 Invitus
911 831 1053 911 equidem
1071 831 1170 905 facio,
1197 842 1291 908 atque

120 916 267 991 erubesco
287 916 387 976 dicere
406 917 485 997 apud
503 936 557 976 vos
575 916 617 1002 id,
636 917 719 996 quod
735 909 873 976 dicturus
887 939 977 976 sum:
991 918 1044 976 sed
1058 937 1155 998 cogor
1173 914 1293 993 eloqui,

65 1074 69 1078 .
118 1015 154 1062 ut
171 1023 244 1076 vos,
254 1001 473 1082 pronuntiandi
490 994 669 1061 auctoritate
687 1002 833 1081 praediti,
844 1003 986 1063 omnibus
1004 1001 1125 1075 auditis,
1145 1001 1183 1060 de
1197 999 1292 1059 nobis

118 1087 161 1160 id,
180 1088 262 1166 quod
282 1086 429 1166 optimum
448 1085 528 1144 factu
547 1085 709 1158 videbitur,
728 1087 873 1147 statuatis.
907 1088 1024 1162 Eorum
1041 1106 1125 1159 iero,
1144 1104 1226 1164 quae
1245 1081 1293 1142 di-

113 1194 194 1255 cam,
213 1172 269 1230 iste
288 1175 473 1242 auctorest,
486 1192 539 1248 qur
529 1169 635 1250 apud
654 1185 800 1253 cognatos
818 1171 864 1231 his
884 1158 1031 1231 derebus
1050 1192 1170 1230 mecum
1188 1181 1291 1228 trans-

13 1309 17 1315 ,
97 1257 202 1339 ,ἱιιειε
221 1276 284 1314 ιιοιι
302 1255 376 1326 vult,
394 1256 447 1314 sed
465 1255 659 1335 impudenter
672 1268 770 1340 negat
804 1256 1053 1357 olympiodorus,
1068 1249 1273 1327 ludices,mu

35 1376 38 1383 ,
118 1342 224 1403 lierem
243 1340 338 1400 civem
356 1339 479 1421 legibus
492 1339 599 1400 testrIs
614 1362 768 1420 nunquam
785 1343 878 1414 duxit,
897 1364 931 1401 ac
944 1362 972 1400 er
963 1341 1073 1400 liberi
1088 1358 1189 1419 neque
1200 1348 1291 1409 sunt,

42 1458 46 1465 ι
80 1434 95 1466 ²
119 1446 221 1506 noque
240 1425 303 1485 nati
322 1425 461 1484 luerunt:
485 1425 539 1488 sed
557 1439 691 1485 scortum
710 1427 793 1486 donn
809 1426 986 1486 redemtum
999 1424 1096 1485 habet
1134 1423 1213 1482 lllud
1234 1434 1291 1494 est,

119 1511 203 1590 quod
221 1531 280 1570 nos
297 1529 401 1568 omncs
409 1509 560 1609 exagitet
588 1525 618 1570 et
636 1511 728 1571 istum
746 1511 782 1570 atl
808 1513 952 1571 maiorem
977 1510 1124 1569 ins'aniam
1136 1507 1290 1587 impellat

56 1660 59 1667 ,
118 1597 168 1654 An
187 1615 270 1653 vero
277 1614 341 1652 non
359 1594 471 1653 insanit
488 1594 534 1666 is,
558 1596 626 1675 qui,
652 1616 729 1675 quae
746 1591 893 1676 promisit
905 1609 936 1656 et
959 1595 1075 1694 pepigit
1093 1593 1199 1652 volens
1218 1613 1288 1651 eum

76 1733 85 1739 ..
117 1679 252 1753 volente,
272 1691 303 1738 et
313 1678 510 1738 iureiurando
525 1681 725 1753 confirmavit,
744 1701 849 1741 eorum
862 1681 938 1740 nihil
956 1680 1116 1759 quicquam
1132 1676 1286 1757 praestan-

36 1824 39 1835 ,
119 1767 191 1847 (1ιιιιι
209 1777 331 1837 censet,
349 1785 397 1823 me
415 1765 592 1845 praesertim
609 1787 673 1825 non
693 1766 730 1824 de
748 1786 796 1825 me
814 1766 881 1846 ipso
901 1766 1044 1825 duntaxat
1062 1762 1216 1834 sollicito,
1233 1761 1287 1822 sed

117 1863 150 1910 et
168 1850 232 1912 de
223 1848 310 1910 istius
336 1870 442 1908 sorore
454 1870 609 1933 germana
629 1863 659 1910 et
682 1850 863 1932 uterin'a,q
864 1873 934 1910 uam
957 1871 1015 1932 ego
1033 1850 1065 1908 in
1091 1845 1287 1907 matrimonio

31 1945 94 2004 249
116 1933 226 2036 liabeo,
245 1947 276 1994 et
294 1934 358 1993 de'
349 1934 436 1994 istius
455 1948 563 2015 nepte,
576 1957 642 1996 mea
661 1935 775 1994 filiola?
809 1875 889 1995 Hile'
893 1935 973 1995 enim
992 1947 1073 2007 sunt,
1093 1932 1204 2013 quibus
1223 1951 1286 1990 non

117 2021 219 2081 minor
232 2020 287 2119 iit,
306 2041 395 2098 quam
413 2018 532 2119 milri,'
523 2019 649 2080 iniuria:
672 2021 725 2080 sed
744 2021 841 2081 maior
859 2021 955 2080 etiam.
989 2018 1101 2078 Nonne
1118 2029 1221 2076 autem
1238 2016 1286 2073 in-

107 2105 195 2165 iuria
213 2105 256 2164 eis
275 2104 328 2177 lit,
346 2117 377 2163 et
392 2103 500 2192 inique
519 2127 587 2164 cum
607 2105 649 2164 eis
667 2105 777 2187 agitur,
795 2128 863 2165 cum
881 2106 1021 2176 videant,
1040 2103 1142 2189 istius
1147 2099 1286 2160 meretri-

118 2208 186 2251 cem
201 2189 297 2260 ultra,
322 2207 434 2271 quam
431 2202 476 2248 sat
495 2203 541 2249 est
559 2202 589 2250 et
607 2190 713 2262 decet,
739 2191 868 2250 multum
887 2190 997 2249 habere
1016 2185 1099 2261 auri,
1123 2198 1155 2245 et
1171 2198 1287 2246 vestem
1335 2227 1339 2234 .

107 2273 324 2356 tsplendidam,
346 2285 380 2332 et
396 2273 555 2352 splendide
574 2287 664 2353 atque
683 2274 852 2334 insolenter
868 2274 1041 2356 prodirem
1059 2271 1234 2353 publicum,
1242 2281 1288 2328 et

31 2378 54 2434 J
118 2361 157 2420 de
175 2370 280 2418 nostro
298 2357 473 2437 superbire.
497 2378 529 2418 se
547 2379 619 2419 vero
637 2360 669 2419 in
688 2359 736 2417 his
752 2360 843 2418 rebus
863 2359 1003 2419 omnibus
1024 2379 1089 2417 esse
1107 2352 1289 2416 tenuiores?

39 2498 41 2502 ,
117 2445 229 2504 Nonne
247 2441 306 2501 illis
326 2440 422 2502 maior
438 2444 483 2516 fit,
495 2465 591 2544 'quam
609 2436 700 2527 mihi,
719 2443 850 2505 iniuria?
885 2444 995 2504 Nonne
1012 2464 1087 2502 vero
1106 2440 1162 2500 iste
1180 2451 1287 2520 aperte

70 2583 73 2587 .
108 2528 231 2597 ,insanit
249 2539 280 2586 et
298 2527 422 2600 delirat,
451 2529 503 2607 qui
521 2528 562 2587 ita
576 2528 613 2586 iu
631 2529 827 2614 semetipsum
846 2528 1023 2589 consulat?
1021 2516 1085 2586 Ne
1104 2544 1176 2586 vero
1195 2524 1290 2595 dicat,

116 2613 247 2684 ludices,
263 2632 319 2692 per
335 2613 515 2673 calumniam
534 2613 607 2681 haee
624 2635 701 2673 arne
720 2612 779 2672 dici
798 2607 887 2673 huius
906 2612 1011 2673 1ιιι11(11
1029 2633 1128 2694 causa,
1144 2608 1288 2672 testimo-

45 2773 50 2791 Ι
110 2697 204 2767 ιιίιιιιι
222 2696 320 2757 vobis
327 2696 504 2758 recitabitur
520 2711 720 2780 cognatorum
738 2697 825 2758 istius
845 2706 876 2760 et
893 2704 1049 2759 meorum.¹

486 2848 922 2898 TESTlMONlUM

123 2918 472 3054 olympiodorus
463 2951 557 3033 igitur
573 2951 641 3011 talis
665 2951 758 3011 bomo
778 2964 843 3025 est,
866 2973 931 3014 non
948 2907 1069 3012 modo
1058 2949 1209 3024 iniurius,
1233 2950 1287 3009 sed

98 2995 173 3117 ‘qu
189 3037 280 3097 etiam
298 3037 434 3117 insanire
449 3035 587 3096 videatur
603 3036 751 3096 omnibus
762 3038 898 3118 cognatis
918 3050 949 3098 et
966 3036 1164 3096 familiaribus
1185 3055 1223 3095 eo
1240 3033 1287 3093 vi-

39 3192 44 3203 ·
73 3111 85 3123 ”
117 3134 167 3181 tae
183 3121 341 3194 instituto,
360 3134 401 3193 et,
411 3120 500 3200 quod
520 3120 622 3185 Solon
633 3121 722 3181 etiam
740 3121 896 3204 legislator
913 3123 1017 3195 dixit,
1023 3123 1064 3181 ita
1082 3120 1233 3193 delirans,
1251 3130 1304 3179 ut·

65 3212 67 3217 ⁴
115 3227 208 3264 nemo
227 3204 361 3291 unq'uam
379 3205 550 3265 mortalium
569 3206 716 3279 deliravit,
735 3229 787 3285 qur
779 3206 927 3266 mulieri
944 3206 1095 3267 meretrici
1113 3216 1207 3304 paret
1230 3202 1289 3263 dt-

20 3348 25 3355 ,
74 3364 77 3369 ¹
116 3311 179 3369 que
199 3311 232 3349 ea
251 3291 350 3350 omnia
369 3290 451 3350 irrita
469 3311 536 3350 esse
561 3291 720 3350 constituit
742 3291 822 3350 idem
840 3291 953 3365 Solo'n,
979 3292 1056 3390 quae
1076 3291 1143 3370 quis
1153 3287 1287 3349 mulieri

116 3395 224 3455 parens
244 3388 327 3456 agat,
345 3375 521 3456 praesertim
539 3375 599 3434 tali
625 3376 665 3434 Et
682 3375 756 3435 ba‘ee
773 3375 868 3455 probe
896 3377 1010 3436 curavit
1012 3367 1189 3458 legislator.
1214 3373 1286 3455 Ego

54 3508 58 3514 .
115 3468 190 3543 vero
208 3481 263 3519 vos
282 3481 347 3533 oro,
366 3480 465 3539 neque
484 3480 542 3540 ego
560 3460 669 3531 solum,
687 3460 740 3519 sed
760 3460 790 3518 el
807 3481 884 3520 uxor
902 3483 977 3534 mea,
997 3457 1214 3544 Olympiodori
1232 3477 1289 3516 so-

13 3599 19 3620 ,
51 3570 54 3579 =
116 3564 187 3618 ror,
213 3555 244 3603 et
261 3545 322 3603 filia
340 3567 422 3616 mea,
449 3545 662 3626 Olympiodori
681 3544 797 3643 neptis,
819 3546 1022 3627 supplicamus
1039 3544 1127 3604 vobis
1147 3555 1178 3602 et
1197 3541 1288 3602 obte-
1306 3554 1310 3582 ³

94 3636 239 3700 'stamun
259 3630 387 3703 ludices,
406 3649 512 3688 omnes
531 3649 584 3688 vos
603 3628 721 3728 (putate
741 3629 832 3701 enim,
845 3630 916 3688 illas
936 3623 1100 3711 adesse),
1091 3627 1230 3709 inprimis
1249 3638 1288 3686 ut
1307 3683 1315 3700 ,
1350 3657 1355 3664 ·

85 3765 88 3770 .
118 3712 340 3795 Olympiodoro
359 3706 582 3795 persuadeatis,
601 3735 639 3772 ue
658 3712 767 3775 iniuria
785 3735 841 3773 nos
861 3715 986 3774 afficiat:
1004 3714 1051 3773 sin
1070 3733 1177 3813 parere
1196 3711 1286 3771 vobis

17 3842 19 3847 ·
116 3796 268 3870 noluerit,
285 3799 331 3857 uti
349 3819 403 3858 vos
420 3817 569 3858 memores
590 3818 712 3898 eorum,
739 3819 814 3876 quae
834 3799 979 3900 diximus,
999 3798 1155 3871 omnium,
1173 3796 1205 3855 id
1223 3810 1286 3857 sta-
1323 3847 1325 3852 .

88 3940 91 3945 .
115 3881 224 3955 tuatis,
249 3885 332 3962 quod
350 3883 436 3943 vobis
455 3882 608 3943 videbitur
625 3883 774 3963 optimum
793 3895 823 3943 et
840 3883 1039 3963 iustissimum
1059 3903 1132 3944 esse.
1152 3880 1287 3958 Quae
1258 3904 1286 3940 sr

114 3964 263 4051 feceritis:
292 3979 323 4027 et
340 3967 418 4028 iusta
437 3967 605 4029 decernetis
625 3981 656 4031 et
679 3968 765 4030 utilia
783 3965 882 4061 nobis
878 3952 1080 4079 omnibus,
1071 3968 1253 4057 inprimis
1229 3988 1286 4029 au-

49 4103 52 4107 ,
100 4051 203 4109 Κιιιιιι
194 4074 253 4132 rpsr
243 4052 501 4179 Olpmpiodoro
