<?xml version="1.0" encoding="UTF-8"?>
<!DOCTYPE html PUBLIC "-//W3C//DTD XHTML 1.0 Transitional//EN"
    "http://www.w3.org/TR/xhtml1/DTD/xhtml1-transitional.dtd">
<html xmlns="http://www.w3.org/1999/xhtml" xml:lang="en" lang="en">
 <head>
  <title>
</title>
<meta http-equiv="Content-Type" content="text/html;charset=utf-8" />
  <meta name='ocr-system' content='tesseract 3.04.00' />
  <meta name='ocr-capabilities' content='ocr_page ocr_carea ocr_par ocr_line ocrx_word'/>
</head>
<body>
  <div class='ocr_page' id='page_1' title='image "./demosthenisquae04schgoog_0624.png"; bbox 0 0 2722 4754; ppageno 0'>
   <div class='ocr_carea' id='block_1_1' title="bbox 301 121 1242 255">
    <p class='ocr_par' dir='ltr' id='par_1_1' title="bbox 301 121 1242 255">
     <span class='ocr_line' id='line_1_1' title="bbox 301 121 1242 255; baseline 0.006 -25"><span class='ocrx_word' id='word_1_1' title='bbox 301 180 306 187; x_wconf 56' lang='lat'><strong><em>¹</em></strong></span> <span class='ocrx_word' id='word_1_2' title='bbox 385 121 971 255; x_wconf 69' lang='lat' dir='ltr'>coarat-aununtiate·</span> <span class='ocrx_word' id='word_1_3' title='bbox 1029 204 1059 241; x_wconf 53' lang='grc' dir='ltr'>,ι</span> <span class='ocrx_word' id='word_1_4' title='bbox 1180 127 1242 236; x_wconf 81' lang='lat' dir='ltr'>ors</span> 
     </span>
    </p>
   </div>
   <div class='ocr_carea' id='block_1_2' title="bbox 11 320 1309 4391">
    <p class='ocr_par' dir='ltr' id='par_1_2' title="bbox 51 320 1282 749">
     <span class='ocr_line' id='line_1_2' title="bbox 69 320 1241 422; baseline 0.007 -43"><span class='ocrx_word' id='word_1_5' title='bbox 69 343 147 396; x_wconf 89' lang='lat' dir='ltr'>sem,</span> <span class='ocrx_word' id='word_1_6' title='bbox 167 323 394 422; x_wconf 71' lang='lat' dir='ltr'><strong>quaeritassem,</strong></span> <span class='ocrx_word' id='word_1_7' title='bbox 413 343 542 411; x_wconf 85' lang='lat' dir='ltr'>quorum</span> <span class='ocrx_word' id='word_1_8' title='bbox 561 343 611 382; x_wconf 88' lang='lat' dir='ltr'>me</span> <span class='ocrx_word' id='word_1_9' title='bbox 627 320 724 383; x_wconf 90' lang='lat' dir='ltr'>filium</span> <span class='ocrx_word' id='word_1_10' title='bbox 743 343 809 384; x_wconf 85' lang='lat' dir='ltr'>esse</span> <span class='ocrx_word' id='word_1_11' title='bbox 828 323 968 386; x_wconf 76' lang='lat' dir='ltr'><strong>dicerem.</strong></span> <span class='ocrx_word' id='word_1_12' title='bbox 986 322 1046 383; x_wconf 86' lang='lat' dir='ltr'>Sed</span> <span class='ocrx_word' id='word_1_13' title='bbox 1064 323 1141 384; x_wconf 92' lang='lat' dir='ltr'>nihil</span> <span class='ocrx_word' id='word_1_14' title='bbox 1160 344 1241 387; x_wconf 86' lang='lat' dir='ltr'>eram</span> 
     </span>
     <span class='ocr_line' id='line_1_3' title="bbox 69 403 1240 508; baseline 0.003 -43"><span class='ocrx_word' id='word_1_15' title='bbox 69 408 221 467; x_wconf 90' lang='lat' dir='ltr'>conscius.</span> <span class='ocrx_word' id='word_1_16' title='bbox 235 403 443 508; x_wconf 82' lang='lat' dir='ltr'>Quapropter</span> <span class='ocrx_word' id='word_1_17' title='bbox 456 428 512 467; x_wconf 85' lang='lat' dir='ltr'>eos</span> <span class='ocrx_word' id='word_1_18' title='bbox 530 422 688 488; x_wconf 88' lang='lat' dir='ltr'>parentes,</span> <span class='ocrx_word' id='word_1_19' title='bbox 707 410 759 488; x_wconf 91' lang='lat' dir='ltr'>qui</span> <span class='ocrx_word' id='word_1_20' title='bbox 778 422 865 480; x_wconf 92' lang='lat' dir='ltr'>sunt,</span> <span class='ocrx_word' id='word_1_21' title='bbox 883 422 918 472; x_wconf 86' lang='lat' dir='ltr'>ut</span> <span class='ocrx_word' id='word_1_22' title='bbox 935 431 1066 487; x_wconf 84' lang='lat' dir='ltr'>aequum</span> <span class='ocrx_word' id='word_1_23' title='bbox 1084 423 1148 483; x_wconf 89' lang='lat' dir='ltr'>est,</span> <span class='ocrx_word' id='word_1_24' title='bbox 1166 410 1240 471; x_wconf 90' lang='lat' dir='ltr'>reti-</span> 
     </span>
     <span class='ocr_line' id='line_1_4' title="bbox 51 487 1257 574; baseline 0.005 -24"><span class='ocrx_word' id='word_1_25' title='bbox 51 487 211 566; x_wconf 79' lang='lat' dir='ltr'>nens,</span> <span class='ocrx_word' id='word_1_26' title='bbox 186 494 257 552; x_wconf 87' lang='lat' dir='ltr'>civis</span> <span class='ocrx_word' id='word_1_27' title='bbox 276 516 342 555; x_wconf 91' lang='lat' dir='ltr'>esse</span> <span class='ocrx_word' id='word_1_28' title='bbox 360 488 477 552; x_wconf 87' lang='lat' dir='ltr'>studeo</span> <span class='ocrx_word' id='word_1_29' title='bbox 513 495 573 552; x_wconf 89' lang='lat' dir='ltr'>lam</span> <span class='ocrx_word' id='word_1_30' title='bbox 592 493 650 554; x_wconf 92' lang='lat' dir='ltr'>ctsi</span> <span class='ocrx_word' id='word_1_31' title='bbox 667 495 800 574; x_wconf 90' lang='lat' dir='ltr'>pupillus</span> <span class='ocrx_word' id='word_1_32' title='bbox 819 495 943 555; x_wconf 82' lang='lat' dir='ltr'>relictus</span> <span class='ocrx_word' id='word_1_33' title='bbox 961 516 1046 554; x_wconf 89' lang='lat' dir='ltr'>sum</span> <span class='ocrx_word' id='word_1_34' title='bbox 1060 502 1173 556; x_wconf 89' lang='lat' dir='ltr'>tamen</span> <span class='ocrx_word' id='word_1_35' title='bbox 1190 489 1257 556; x_wconf 56' lang='lat' dir='ltr'>me&#39;</span> 
     </span>
     <span class='ocr_line' id='line_1_5' title="bbox 69 577 1282 660; baseline 0.006 -24"><span class='ocrx_word' id='word_1_36' title='bbox 69 577 179 637; x_wconf 88' lang='lat' dir='ltr'>dicunt</span> <span class='ocrx_word' id='word_1_37' title='bbox 202 599 267 637; x_wconf 91' lang='lat' dir='ltr'>esse</span> <span class='ocrx_word' id='word_1_38' title='bbox 293 577 492 657; x_wconf 83' lang='lat' dir='ltr'>locupletem,</span> <span class='ocrx_word' id='word_1_39' title='bbox 518 591 548 637; x_wconf 92' lang='lat' dir='ltr'>et</span> <span class='ocrx_word' id='word_1_40' title='bbox 572 579 694 639; x_wconf 88' lang='lat' dir='ltr'>testium</span> <span class='ocrx_word' id='word_1_41' title='bbox 713 581 860 659; x_wconf 89' lang='lat' dir='ltr'>quosdam</span> <span class='ocrx_word' id='word_1_42' title='bbox 884 580 1010 660; x_wconf 84' lang='lat' dir='ltr'>propter</span> <span class='ocrx_word' id='word_1_43' title='bbox 1034 580 1238 641; x_wconf 89' lang='lat' dir='ltr'>emolumenta</span> <span class='ocrx_word' id='word_1_44' title='bbox 1276 638 1282 643; x_wconf 65' lang='lat'><em>,</em></span> 
     </span>
     <span class='ocr_line' id='line_1_6' title="bbox 68 662 1237 749; baseline 0.004 -28"><span class='ocrx_word' id='word_1_45' title='bbox 68 683 103 721; x_wconf 86' lang='lat' dir='ltr'>se</span> <span class='ocrx_word' id='word_1_46' title='bbox 122 662 198 721; x_wconf 87' lang='lat' dir='ltr'>mibi</span> <span class='ocrx_word' id='word_1_47' title='bbox 216 677 370 746; x_wconf 86' lang='lat' dir='ltr'>cognatos</span> <span class='ocrx_word' id='word_1_48' title='bbox 381 684 445 723; x_wconf 89' lang='lat' dir='ltr'>esse</span> <span class='ocrx_word' id='word_1_49' title='bbox 465 664 574 722; x_wconf 82' lang='lat' dir='ltr'><strong>dicere.</strong></span> <span class='ocrx_word' id='word_1_50' title='bbox 592 667 635 724; x_wconf 89' lang='lat' dir='ltr'>lta</span> <span class='ocrx_word' id='word_1_51' title='bbox 652 664 742 723; x_wconf 90' lang='lat' dir='ltr'>simul</span> <span class='ocrx_word' id='word_1_52' title='bbox 762 677 792 723; x_wconf 93' lang='lat' dir='ltr'>et</span> <span class='ocrx_word' id='word_1_53' title='bbox 808 663 919 744; x_wconf 89' lang='lat' dir='ltr'>probra</span> <span class='ocrx_word' id='word_1_54' title='bbox 937 665 1121 744; x_wconf 75' lang='lat' dir='ltr'>paupertatis</span> <span class='ocrx_word' id='word_1_55' title='bbox 1138 679 1170 725; x_wconf 88' lang='lat' dir='ltr'>et</span> <span class='ocrx_word' id='word_1_56' title='bbox 1183 687 1237 749; x_wconf 87' lang='lat' dir='ltr'>ge-</span> 
     </span>
    </p>

    <p class='ocr_par' dir='ltr' id='par_1_3' title="bbox 11 747 1260 911">
     <span class='ocr_line' id='line_1_7' title="bbox 11 747 1237 830; baseline 0.004 -26"><span class='ocrx_word' id='word_1_57' title='bbox 11 822 12 826; x_wconf 8' lang='lat'><em>*</em></span> <span class='ocrx_word' id='word_1_58' title='bbox 66 748 151 806; x_wconf 87' lang='lat' dir='ltr'>neris</span> <span class='ocrx_word' id='word_1_59' title='bbox 170 747 385 809; x_wconf 86' lang='lat' dir='ltr'>obscuritatem</span> <span class='ocrx_word' id='word_1_60' title='bbox 404 748 571 823; x_wconf 89' lang='lat' dir='ltr'>obiiciunt,</span> <span class='ocrx_word' id='word_1_61' title='bbox 603 749 691 808; x_wconf 84' lang='lat' dir='ltr'>simul</span> <span class='ocrx_word' id='word_1_62' title='bbox 710 762 836 830; x_wconf 88' lang='lat' dir='ltr'>propter</span> <span class='ocrx_word' id='word_1_63' title='bbox 854 748 972 810; x_wconf 88' lang='lat' dir='ltr'>divitias</span> <span class='ocrx_word' id='word_1_64' title='bbox 992 751 1093 815; x_wconf 88' lang='lat' dir='ltr'>omnia</span> <span class='ocrx_word' id='word_1_65' title='bbox 1111 751 1237 809; x_wconf 90' lang='lat' dir='ltr'>mercari</span> 
     </span>
     <span class='ocr_line' id='line_1_8' title="bbox 68 833 1260 911; baseline 0.002 -20"><span class='ocrx_word' id='word_1_66' title='bbox 68 846 118 891; x_wconf 84' lang='lat' dir='ltr'>me</span> <span class='ocrx_word' id='word_1_67' title='bbox 137 833 249 893; x_wconf 91' lang='lat' dir='ltr'>dicunt</span> <span class='ocrx_word' id='word_1_68' title='bbox 275 834 408 893; x_wconf 84' lang='lat' dir='ltr'>Proinde</span> <span class='ocrx_word' id='word_1_69' title='bbox 426 847 492 892; x_wconf 84' lang='lat' dir='ltr'>utra</span> <span class='ocrx_word' id='word_1_70' title='bbox 512 833 619 893; x_wconf 89' lang='lat' dir='ltr'>borum</span> <span class='ocrx_word' id='word_1_71' title='bbox 639 835 682 892; x_wconf 90' lang='lat' dir='ltr'>eis</span> <span class='ocrx_word' id='word_1_72' title='bbox 700 835 850 894; x_wconf 90' lang='lat' dir='ltr'>credenda</span> <span class='ocrx_word' id='word_1_73' title='bbox 868 833 961 894; x_wconf 81' lang='lat' dir='ltr'>sunt?</span> <span class='ocrx_word' id='word_1_74' title='bbox 979 834 1128 894; x_wconf 83' lang='lat' dir='ltr'>licuisset</span> <span class='ocrx_word' id='word_1_75' title='bbox 1145 834 1235 893; x_wconf 87' lang='lat' dir='ltr'>nimi·</span> <span class='ocrx_word' id='word_1_76' title='bbox 1256 899 1260 911; x_wconf 38' lang='grc'>1</span> 
     </span>
    </p>

    <p class='ocr_par' dir='ltr' id='par_1_4' title="bbox 39 917 1235 1002">
     <span class='ocr_line' id='line_1_9' title="bbox 39 917 1235 1002; baseline 0.002 -26"><span class='ocrx_word' id='word_1_77' title='bbox 39 966 43 977; x_wconf 48' lang='grc' dir='ltr'>ι</span> <span class='ocrx_word' id='word_1_78' title='bbox 67 941 137 976; x_wconf 90' lang='lat' dir='ltr'>rum</span> <span class='ocrx_word' id='word_1_79' title='bbox 163 918 221 990; x_wconf 88' lang='lat' dir='ltr'>eis,</span> <span class='ocrx_word' id='word_1_80' title='bbox 249 919 274 977; x_wconf 92' lang='lat' dir='ltr'>si</span> <span class='ocrx_word' id='word_1_81' title='bbox 297 917 475 1000; x_wconf 88' lang='lat' dir='ltr'>peregrinus</span> <span class='ocrx_word' id='word_1_82' title='bbox 500 931 552 977; x_wconf 91' lang='lat' dir='ltr'>aut</span> <span class='ocrx_word' id='word_1_83' title='bbox 574 919 688 994; x_wconf 89' lang='lat' dir='ltr'>nothus</span> <span class='ocrx_word' id='word_1_84' title='bbox 712 930 772 1002; x_wconf 70' lang='lat' dir='ltr'>&#39;ego</span> <span class='ocrx_word' id='word_1_85' title='bbox 798 940 909 992; x_wconf 89' lang='lat' dir='ltr'>essem,</span> <span class='ocrx_word' id='word_1_86' title='bbox 936 918 1082 978; x_wconf 81' lang='lat' dir='ltr'>omnium</span> <span class='ocrx_word' id='word_1_87' title='bbox 1099 939 1235 978; x_wconf 89' lang='lat' dir='ltr'>mearum</span> 
     </span>
    </p>

    <p class='ocr_par' dir='ltr' id='par_1_5' title="bbox 34 1003 1234 1089">
     <span class='ocr_line' id='line_1_10' title="bbox 34 1003 1234 1089; baseline 0.002 -28"><span class='ocrx_word' id='word_1_88' title='bbox 34 1011 40 1017; x_wconf 75' lang='grc'><strong>“</strong></span> <span class='ocrx_word' id='word_1_89' title='bbox 69 1023 162 1081; x_wconf 89' lang='lat' dir='ltr'>opum</span> <span class='ocrx_word' id='word_1_90' title='bbox 181 1023 287 1082; x_wconf 87' lang='lat' dir='ltr'>capere</span> <span class='ocrx_word' id='word_1_91' title='bbox 301 1003 512 1074; x_wconf 70' lang='lat' dir='ltr'>hereditatem,</span> <span class='ocrx_word' id='word_1_92' title='bbox 550 1006 631 1062; x_wconf 91' lang='lat' dir='ltr'>ltanc</span> <span class='ocrx_word' id='word_1_93' title='bbox 652 1003 682 1062; x_wconf 83' lang='lat' dir='ltr'>ti</span> <span class='ocrx_word' id='word_1_94' title='bbox 700 1004 825 1083; x_wconf 90' lang='lat' dir='ltr'>paucula</span> <span class='ocrx_word' id='word_1_95' title='bbox 844 1004 996 1084; x_wconf 90' lang='lat' dir='ltr'>accipere,</span> <span class='ocrx_word' id='word_1_96' title='bbox 1016 1016 1047 1063; x_wconf 89' lang='lat' dir='ltr'>et</span> <span class='ocrx_word' id='word_1_97' title='bbox 1064 1003 1129 1062; x_wconf 85' lang='lat' dir='ltr'>falsi</span> <span class='ocrx_word' id='word_1_98' title='bbox 1147 1004 1234 1089; x_wconf 79' lang='lat' dir='ltr'>testi·</span> 
     </span>
    </p>

    <p class='ocr_par' dir='ltr' id='par_1_6' title="bbox 29 1084 1305 1593">
     <span class='ocr_line' id='line_1_11' title="bbox 29 1084 1233 1170; baseline 0.002 -26"><span class='ocrx_word' id='word_1_99' title='bbox 29 1107 34 1110; x_wconf 90' lang='lat'>·</span> <span class='ocrx_word' id='word_1_100' title='bbox 68 1087 164 1146; x_wconf 92' lang='lat' dir='ltr'>monii</span> <span class='ocrx_word' id='word_1_101' title='bbox 182 1088 333 1147; x_wconf 82' lang='lat' dir='ltr'>actionem</span> <span class='ocrx_word' id='word_1_102' title='bbox 353 1100 383 1149; x_wconf 87' lang='lat' dir='ltr'>et</span> <span class='ocrx_word' id='word_1_103' title='bbox 399 1089 567 1168; x_wconf 91' lang='lat' dir='ltr'>periculum</span> <span class='ocrx_word' id='word_1_104' title='bbox 587 1100 758 1168; x_wconf 85' lang='lat' dir='ltr'>exspectare</span> <span class='ocrx_word' id='word_1_105' title='bbox 778 1103 808 1149; x_wconf 87' lang='lat' dir='ltr'>et</span> <span class='ocrx_word' id='word_1_106' title='bbox 824 1089 959 1170; x_wconf 89' lang='lat' dir='ltr'>peierare</span> <span class='ocrx_word' id='word_1_107' title='bbox 979 1088 1112 1159; x_wconf 88' lang='lat' dir='ltr'>malunt,</span> <span class='ocrx_word' id='word_1_108' title='bbox 1144 1084 1233 1167; x_wconf 83' lang='lat' dir='ltr'>quam</span> 
     </span>
     <span class='ocr_line' id='line_1_12' title="bbox 68 1172 1305 1254; baseline 0.001 -23"><span class='ocrx_word' id='word_1_109' title='bbox 68 1184 174 1231; x_wconf 91' lang='lat' dir='ltr'>tenere</span> <span class='ocrx_word' id='word_1_110' title='bbox 194 1173 308 1246; x_wconf 90' lang='lat' dir='ltr'>omnia,</span> <span class='ocrx_word' id='word_1_111' title='bbox 342 1195 437 1252; x_wconf 90' lang='lat' dir='ltr'>eaque</span> <span class='ocrx_word' id='word_1_112' title='bbox 455 1194 578 1246; x_wconf 88' lang='lat' dir='ltr'>secure,</span> <span class='ocrx_word' id='word_1_113' title='bbox 608 1193 708 1254; x_wconf 89' lang='lat' dir='ltr'>neque</span> <span class='ocrx_word' id='word_1_114' title='bbox 729 1173 798 1234; x_wconf 88' lang='lat' dir='ltr'>ullis</span> <span class='ocrx_word' id='word_1_115' title='bbox 817 1194 850 1234; x_wconf 90' lang='lat' dir='ltr'>se</span> <span class='ocrx_word' id='word_1_116' title='bbox 869 1174 941 1234; x_wconf 92' lang='lat' dir='ltr'>diris</span> <span class='ocrx_word' id='word_1_117' title='bbox 961 1187 992 1232; x_wconf 93' lang='lat' dir='ltr'>et</span> <span class='ocrx_word' id='word_1_118' title='bbox 1018 1172 1233 1233; x_wconf 87' lang='lat' dir='ltr'>devotionibus</span> <span class='ocrx_word' id='word_1_119' title='bbox 1303 1248 1305 1252; x_wconf 11' lang='grc' dir='ltr'>ἡ</span> 
     </span>
     <span class='ocr_line' id='line_1_13' title="bbox 68 1248 1232 1341; baseline 0.002 -27"><span class='ocrx_word' id='word_1_120' title='bbox 68 1255 280 1338; x_wconf 81' lang='lat' dir='ltr'>obstringere?</span> <span class='ocrx_word' id='word_1_121' title='bbox 297 1259 395 1317; x_wconf 92' lang='grc' dir='ltr'>Νοιι</span> <span class='ocrx_word' id='word_1_122' title='bbox 386 1271 427 1316; x_wconf 82' lang='lat' dir='ltr'>ita</span> <span class='ocrx_word' id='word_1_123' title='bbox 446 1280 492 1317; x_wconf 87' lang='lat' dir='ltr'>res</span> <span class='ocrx_word' id='word_1_124' title='bbox 512 1258 650 1317; x_wconf 87' lang='lat' dir='ltr'>habet&#39;</span> <span class='ocrx_word' id='word_1_125' title='bbox 621 1260 778 1318; x_wconf 83' lang='lat' dir='ltr'>nimirum:</span> <span class='ocrx_word' id='word_1_126' title='bbox 790 1259 849 1318; x_wconf 92' lang='lat' dir='ltr'>sed</span> <span class='ocrx_word' id='word_1_127' title='bbox 867 1248 988 1341; x_wconf 85' lang='lat' dir='ltr'>cognati</span> <span class='ocrx_word' id='word_1_128' title='bbox 1005 1280 1072 1318; x_wconf 89' lang='lat' dir='ltr'>cum</span> <span class='ocrx_word' id='word_1_129' title='bbox 1090 1257 1160 1329; x_wconf 92' lang='lat' dir='ltr'>sint,</span> <span class='ocrx_word' id='word_1_130' title='bbox 1177 1257 1232 1316; x_wconf 90' lang='lat' dir='ltr'>uni</span> 
     </span>
     <span class='ocr_line' id='line_1_14' title="bbox 67 1341 1232 1422; baseline 0.001 -22"><span class='ocrx_word' id='word_1_131' title='bbox 67 1355 270 1419; x_wconf 59' lang='grc' dir='ltr'>ειιοιιιιιιφιιι</span> <span class='ocrx_word' id='word_1_132' title='bbox 279 1357 395 1402; x_wconf 87' lang='lat' dir='ltr'>rectum</span> <span class='ocrx_word' id='word_1_133' title='bbox 416 1355 477 1414; x_wconf 92' lang='lat' dir='ltr'>est,</span> <span class='ocrx_word' id='word_1_134' title='bbox 497 1343 690 1421; x_wconf 82' lang='lat' dir='ltr'>opitulantur.</span> <span class='ocrx_word' id='word_1_135' title='bbox 722 1344 830 1422; x_wconf 84' lang='lat' dir='ltr'>Neque</span> <span class='ocrx_word' id='word_1_136' title='bbox 849 1342 923 1402; x_wconf 87' lang='lat' dir='ltr'>haec</span> <span class='ocrx_word' id='word_1_137' title='bbox 941 1364 1022 1402; x_wconf 79' lang='lat' dir='ltr'>ntanc</span> <span class='ocrx_word' id='word_1_138' title='bbox 1038 1354 1155 1401; x_wconf 87' lang='lat' dir='ltr'>tautum</span> <span class='ocrx_word' id='word_1_139' title='bbox 1175 1341 1232 1401; x_wconf 90' lang='lat' dir='ltr'>im-</span> 
     </span>
     <span class='ocr_line' id='line_1_15' title="bbox 55 1424 1231 1507; baseline -0.001 -22"><span class='ocrx_word' id='word_1_140' title='bbox 55 1427 155 1506; x_wconf 50' lang='lat' dir='ltr'>„pulsu</span> <span class='ocrx_word' id='word_1_141' title='bbox 176 1448 244 1486; x_wconf 90' lang='lat' dir='ltr'>meo</span> <span class='ocrx_word' id='word_1_142' title='bbox 263 1427 393 1486; x_wconf 84' lang='lat' dir='ltr'>faciunt:</span> <span class='ocrx_word' id='word_1_143' title='bbox 422 1428 475 1486; x_wconf 90' lang='lat' dir='ltr'>sed</span> <span class='ocrx_word' id='word_1_144' title='bbox 494 1429 565 1485; x_wconf 83' lang='lat' dir='ltr'>dum</span> <span class='ocrx_word' id='word_1_145' title='bbox 584 1428 729 1507; x_wconf 84' lang='lat' dir='ltr'>puerulus</span> <span class='ocrx_word' id='word_1_146' title='bbox 748 1428 912 1488; x_wconf 81' lang='lat' dir='ltr'>etiamnum</span> <span class='ocrx_word' id='word_1_147' title='bbox 930 1426 990 1498; x_wconf 83' lang='lat' dir='ltr'>lui,</span> <span class='ocrx_word' id='word_1_148' title='bbox 1009 1447 1057 1484; x_wconf 90' lang='lat' dir='ltr'>me</span> <span class='ocrx_word' id='word_1_149' title='bbox 1075 1424 1175 1484; x_wconf 88' lang='lat' dir='ltr'>statim</span> <span class='ocrx_word' id='word_1_150' title='bbox 1194 1426 1231 1484; x_wconf 93' lang='lat' dir='ltr'>ad</span> 
     </span>
     <span class='ocr_line' id='line_1_16' title="bbox 66 1509 1292 1593; baseline -0.001 -23"><span class='ocrx_word' id='word_1_151' title='bbox 66 1512 193 1570; x_wconf 91' lang='lat' dir='ltr'>curiales</span> <span class='ocrx_word' id='word_1_152' title='bbox 212 1513 379 1584; x_wconf 87' lang='lat' dir='ltr'>duxerunt,</span> <span class='ocrx_word' id='word_1_153' title='bbox 413 1512 445 1569; x_wconf 89' lang='lat' dir='ltr'>in</span> <span class='ocrx_word' id='word_1_154' title='bbox 463 1512 567 1570; x_wconf 87' lang='lat' dir='ltr'>aedem</span> <span class='ocrx_word' id='word_1_155' title='bbox 586 1512 738 1591; x_wconf 83' lang='lat' dir='ltr'>Apollinis</span> <span class='ocrx_word' id='word_1_156' title='bbox 757 1512 845 1593; x_wconf 82' lang='lat' dir='ltr'>patrii</span> <span class='ocrx_word' id='word_1_157' title='bbox 864 1513 1030 1584; x_wconf 79' lang='lat' dir='ltr'>duxerrurt,</span> <span class='ocrx_word' id='word_1_158' title='bbox 1065 1509 1232 1589; x_wconf 86' lang='lat' dir='ltr'>iureliqua</span> <span class='ocrx_word' id='word_1_159' title='bbox 1290 1512 1292 1515; x_wconf 72' lang='grc'><strong>’</strong></span> 
     </span>
    </p>

    <p class='ocr_par' dir='ltr' id='par_1_7' title="bbox 40 1594 1309 2946">
     <span class='ocr_line' id='line_1_17' title="bbox 40 1594 1231 1676; baseline 0.001 -22"><span class='ocrx_word' id='word_1_160' title='bbox 40 1651 43 1654; x_wconf 76' lang='grc'>,</span> <span class='ocrx_word' id='word_1_161' title='bbox 64 1596 138 1655; x_wconf 92' lang='lat' dir='ltr'>item</span> <span class='ocrx_word' id='word_1_162' title='bbox 156 1597 275 1676; x_wconf 89' lang='lat' dir='ltr'>templa.</span> <span class='ocrx_word' id='word_1_163' title='bbox 309 1598 417 1675; x_wconf 89' lang='lat' dir='ltr'>Neque</span> <span class='ocrx_word' id='word_1_164' title='bbox 436 1616 507 1654; x_wconf 90' lang='lat' dir='ltr'>vero</span> <span class='ocrx_word' id='word_1_165' title='bbox 527 1615 601 1676; x_wconf 84' lang='lat' dir='ltr'>ego,</span> <span class='ocrx_word' id='word_1_166' title='bbox 625 1597 695 1669; x_wconf 70' lang='lat' dir='ltr'>duro</span> <span class='ocrx_word' id='word_1_167' title='bbox 715 1619 792 1675; x_wconf 90' lang='lat' dir='ltr'>puer</span> <span class='ocrx_word' id='word_1_168' title='bbox 808 1597 868 1669; x_wconf 88' lang='lat' dir='ltr'>lui,</span> <span class='ocrx_word' id='word_1_169' title='bbox 894 1596 936 1655; x_wconf 90' lang='lat' dir='ltr'>eis</span> <span class='ocrx_word' id='word_1_170' title='bbox 954 1594 1104 1676; x_wconf 79' lang='lat' dir='ltr'>persuasi,</span> <span class='ocrx_word' id='word_1_171' title='bbox 1128 1607 1163 1653; x_wconf 90' lang='lat' dir='ltr'>ut</span> <span class='ocrx_word' id='word_1_172' title='bbox 1180 1594 1231 1655; x_wconf 88' lang='lat' dir='ltr'>illa</span> 
     </span>
     <span class='ocr_line' id='line_1_18' title="bbox 62 1679 1230 1762; baseline -0.003 -21"><span class='ocrx_word' id='word_1_173' title='bbox 62 1682 200 1741; x_wconf 85' lang='lat' dir='ltr'>lacerent</span> <span class='ocrx_word' id='word_1_174' title='bbox 217 1681 349 1753; x_wconf 88' lang='lat' dir='ltr'>scilicet,</span> <span class='ocrx_word' id='word_1_175' title='bbox 375 1692 502 1762; x_wconf 85' lang='lat' dir='ltr'>argento</span> <span class='ocrx_word' id='word_1_176' title='bbox 520 1681 607 1739; x_wconf 82' lang='lat' dir='ltr'>dato:</span> <span class='ocrx_word' id='word_1_177' title='bbox 641 1682 694 1739; x_wconf 87' lang='lat' dir='ltr'>sed</span> <span class='ocrx_word' id='word_1_178' title='bbox 712 1693 743 1740; x_wconf 90' lang='lat' dir='ltr'>et</span> <span class='ocrx_word' id='word_1_179' title='bbox 760 1693 862 1762; x_wconf 85' lang='lat' dir='ltr'>pater,</span> <span class='ocrx_word' id='word_1_180' title='bbox 889 1682 960 1739; x_wconf 89' lang='lat' dir='ltr'>dum</span> <span class='ocrx_word' id='word_1_181' title='bbox 978 1680 1066 1752; x_wconf 84' lang='lat' dir='ltr'>vixit,</span> <span class='ocrx_word' id='word_1_182' title='bbox 1091 1679 1230 1760; x_wconf 84' lang='lat' dir='ltr'>legitimo</span> 
     </span>
     <span class='ocr_line' id='line_1_19' title="bbox 64 1765 1268 1838; baseline -0.002 -14"><span class='ocrx_word' id='word_1_183' title='bbox 64 1765 261 1825; x_wconf 89' lang='lat' dir='ltr'>iureiurando</span> <span class='ocrx_word' id='word_1_184' title='bbox 282 1767 352 1826; x_wconf 87' lang='lat' dir='ltr'>dato</span> <span class='ocrx_word' id='word_1_185' title='bbox 371 1765 549 1836; x_wconf 88' lang='lat' dir='ltr'>curialibus,</span> <span class='ocrx_word' id='word_1_186' title='bbox 568 1786 616 1823; x_wconf 91' lang='lat' dir='ltr'>me</span> <span class='ocrx_word' id='word_1_187' title='bbox 635 1766 730 1824; x_wconf 89' lang='lat' dir='ltr'>civem</span> <span class='ocrx_word' id='word_1_188' title='bbox 749 1765 931 1838; x_wconf 77' lang='lat' dir='ltr'>introduxit,</span> <span class='ocrx_word' id='word_1_189' title='bbox 951 1787 1019 1824; x_wconf 91' lang='lat' dir='ltr'>cum</span> <span class='ocrx_word' id='word_1_190' title='bbox 1039 1786 1074 1824; x_wconf 85' lang='lat' dir='ltr'>ex</span> <span class='ocrx_word' id='word_1_191' title='bbox 1093 1765 1157 1824; x_wconf 71' lang='lat' dir='ltr'>cire</span> <span class='ocrx_word' id='word_1_192' title='bbox 1177 1765 1229 1822; x_wconf 90' lang='lat' dir='ltr'>de·</span> <span class='ocrx_word' id='word_1_193' title='bbox 1261 1772 1268 1782; x_wconf 69' lang='grc'><em>”</em></span> 
     </span>
     <span class='ocr_line' id='line_1_20' title="bbox 65 1846 1229 1931; baseline -0.001 -23"><span class='ocrx_word' id='word_1_194' title='bbox 65 1871 177 1931; x_wconf 91' lang='lat' dir='ltr'>sponsa</span> <span class='ocrx_word' id='word_1_195' title='bbox 201 1849 259 1908; x_wconf 93' lang='lat' dir='ltr'>sibi</span> <span class='ocrx_word' id='word_1_196' title='bbox 285 1862 388 1909; x_wconf 91' lang='lat' dir='ltr'>natum</span> <span class='ocrx_word' id='word_1_197' title='bbox 412 1849 519 1913; x_wconf 82' lang='lat' dir='ltr'>scirett</span> <span class='ocrx_word' id='word_1_198' title='bbox 545 1862 576 1908; x_wconf 89' lang='lat' dir='ltr'>et</span> <span class='ocrx_word' id='word_1_199' title='bbox 600 1846 673 1909; x_wconf 85' lang='lat' dir='ltr'>haec</span> <span class='ocrx_word' id='word_1_200' title='bbox 697 1864 790 1911; x_wconf 90' lang='lat' dir='ltr'>testes</span> <span class='ocrx_word' id='word_1_201' title='bbox 814 1850 1007 1910; x_wconf 80' lang='lat' dir='ltr'>affirmarunt</span> <span class='ocrx_word' id='word_1_202' title='bbox 1036 1847 1229 1930; x_wconf 78' lang='lat' dir='ltr'>Posteal·ego</span> 
     </span>
     <span class='ocr_line' id='line_1_21' title="bbox 63 1933 1229 2036; baseline -0.002 -43"><span class='ocrx_word' id='word_1_203' title='bbox 63 1956 131 1993; x_wconf 89' lang='lat' dir='ltr'>sum</span> <span class='ocrx_word' id='word_1_204' title='bbox 159 1935 359 2016; x_wconf 82' lang='lat' dir='ltr'>peregrinus?</span> <span class='ocrx_word' id='word_1_205' title='bbox 393 1933 453 1992; x_wconf 86' lang='lat' dir='ltr'>Ubi</span> <span class='ocrx_word' id='word_1_206' title='bbox 479 1934 627 1994; x_wconf 89' lang='lat' dir='ltr'>tributum</span> <span class='ocrx_word' id='word_1_207' title='bbox 653 1935 873 2036; x_wconf 79' lang='lat' dir='ltr'>inquilinorum</span> <span class='ocrx_word' id='word_1_208' title='bbox 898 1933 1054 2015; x_wconf 90' lang='lat' dir='ltr'>pependi,</span> <span class='ocrx_word' id='word_1_209' title='bbox 1073 1946 1125 1993; x_wconf 89' lang='lat' dir='ltr'>aut</span> <span class='ocrx_word' id='word_1_210' title='bbox 1144 1933 1229 1992; x_wconf 92' lang='lat' dir='ltr'>ullus</span> 
     </span>
     <span class='ocr_line' id='line_1_22' title="bbox 62 2018 1230 2099; baseline -0.001 -22"><span class='ocrx_word' id='word_1_211' title='bbox 62 2040 203 2078; x_wconf 87' lang='lat' dir='ltr'>meorum</span> <span class='ocrx_word' id='word_1_212' title='bbox 220 2019 374 2098; x_wconf 82' lang='lat' dir='ltr'>unquam?</span> <span class='ocrx_word' id='word_1_213' title='bbox 410 2020 541 2092; x_wconf 84' lang='lat' dir='ltr'>Quando</span> <span class='ocrx_word' id='word_1_214' title='bbox 560 2020 596 2077; x_wconf 87' lang='lat' dir='ltr'>ad</span> <span class='ocrx_word' id='word_1_215' title='bbox 614 2018 688 2079; x_wconf 91' lang='lat' dir='ltr'>alios</span> <span class='ocrx_word' id='word_1_216' title='bbox 707 2021 874 2099; x_wconf 90' lang='lat' dir='ltr'>municipes</span> <span class='ocrx_word' id='word_1_217' title='bbox 893 2019 1020 2094; x_wconf 88' lang='lat' dir='ltr'>accessi,</span> <span class='ocrx_word' id='word_1_218' title='bbox 1039 2031 1070 2078; x_wconf 91' lang='lat' dir='ltr'>et</span> <span class='ocrx_word' id='word_1_219' title='bbox 1087 2041 1171 2078; x_wconf 90' lang='lat' dir='ltr'>cum</span> <span class='ocrx_word' id='word_1_220' title='bbox 1175 2018 1230 2090; x_wconf 93' lang='lat' dir='ltr'>eis,</span> 
     </span>
     <span class='ocr_line' id='line_1_23' title="bbox 62 2096 1229 2184; baseline -0.001 -23"><span class='ocrx_word' id='word_1_221' title='bbox 62 2116 99 2162; x_wconf 90' lang='lat' dir='ltr'>ut</span> <span class='ocrx_word' id='word_1_222' title='bbox 125 2126 173 2162; x_wconf 92' lang='lat' dir='ltr'>me</span> <span class='ocrx_word' id='word_1_223' title='bbox 198 2103 386 2183; x_wconf 90' lang='lat' dir='ltr'>reciperent,</span> <span class='ocrx_word' id='word_1_224' title='bbox 412 2096 593 2182; x_wconf 74' lang='lat' dir='ltr'>persuadere</span> <span class='ocrx_word' id='word_1_225' title='bbox 619 2125 681 2162; x_wconf 91' lang='lat' dir='ltr'>non</span> <span class='ocrx_word' id='word_1_226' title='bbox 705 2105 889 2184; x_wconf 91' lang='lat' dir='ltr'>potuissem,</span> <span class='ocrx_word' id='word_1_227' title='bbox 914 2105 973 2162; x_wconf 81' lang='lat' dir='ltr'>hue&#39;</span> <span class='ocrx_word' id='word_1_228' title='bbox 996 2124 1044 2162; x_wconf 88' lang='lat' dir='ltr'>me</span> <span class='ocrx_word' id='word_1_229' title='bbox 1069 2101 1229 2182; x_wconf 84' lang='lat' dir='ltr'>inscripsi?</span> 
     </span>
     <span class='ocr_line' id='line_1_24' title="bbox 62 2187 1309 2269; baseline -0.001 -24"><span class='ocrx_word' id='word_1_230' title='bbox 62 2188 145 2248; x_wconf 64' lang='lat' dir='ltr'>Ubi?</span> <span class='ocrx_word' id='word_1_231' title='bbox 170 2189 279 2269; x_wconf 80' lang='lat' dir='ltr'>quibus</span> <span class='ocrx_word' id='word_1_232' title='bbox 298 2188 484 2258; x_wconf 85' lang='lat' dir='ltr'>ratrourbus,</span> <span class='ocrx_word' id='word_1_233' title='bbox 510 2187 620 2267; x_wconf 82' lang='lat' dir='ltr'>quibos</span> <span class='ocrx_word' id='word_1_234' title='bbox 638 2188 723 2260; x_wconf 83' lang='lat' dir='ltr'>illos,</span> <span class='ocrx_word' id='word_1_235' title='bbox 743 2210 802 2266; x_wconf 87' lang='lat' dir='ltr'>qur</span> <span class='ocrx_word' id='word_1_236' title='bbox 813 2209 949 2269; x_wconf 82' lang='lat' dir='ltr'>germani</span> <span class='ocrx_word' id='word_1_237' title='bbox 967 2207 1046 2246; x_wconf 82' lang='lat' dir='ltr'>cives</span> <span class='ocrx_word' id='word_1_238' title='bbox 1065 2209 1128 2246; x_wconf 90' lang='lat' dir='ltr'>non</span> <span class='ocrx_word' id='word_1_239' title='bbox 1147 2199 1229 2259; x_wconf 90' lang='lat' dir='ltr'>suut,</span> <span class='ocrx_word' id='word_1_240' title='bbox 1307 2214 1309 2217; x_wconf 95' lang='lat'>·</span> 
     </span>
     <span class='ocr_line' id='line_1_25' title="bbox 61 2270 1227 2351; baseline -0.002 -20"><span class='ocrx_word' id='word_1_241' title='bbox 61 2273 110 2333; x_wconf 90' lang='lat' dir='ltr'>nti</span> <span class='ocrx_word' id='word_1_242' title='bbox 129 2273 267 2332; x_wconf 82' lang='lat' dir='ltr'>constat?</span> <span class='ocrx_word' id='word_1_243' title='bbox 285 2272 448 2350; x_wconf 88' lang='lat' dir='ltr'>Nusquam.</span> <span class='ocrx_word' id='word_1_244' title='bbox 467 2272 632 2345; x_wconf 86' lang='lat' dir='ltr'>Quomodo</span> <span class='ocrx_word' id='word_1_245' title='bbox 649 2270 792 2332; x_wconf 79' lang='lat' dir='ltr'>tandem?</span> <span class='ocrx_word' id='word_1_246' title='bbox 810 2275 844 2331; x_wconf 89' lang='lat' dir='ltr'>ln</span> <span class='ocrx_word' id='word_1_247' title='bbox 863 2293 900 2331; x_wconf 89' lang='lat' dir='ltr'>eo</span> <span class='ocrx_word' id='word_1_248' title='bbox 919 2271 1145 2351; x_wconf 81' lang='lat' dir='ltr'>municipio,&#39;in</span> <span class='ocrx_word' id='word_1_249' title='bbox 1165 2290 1227 2350; x_wconf 85' lang='lat' dir='ltr'>quo</span> 
     </span>
     <span class='ocr_line' id='line_1_26' title="bbox 63 2356 1309 2437; baseline 0.002 -20"><span class='ocrx_word' id='word_1_250' title='bbox 63 2379 147 2429; x_wconf 78' lang='lat' dir='ltr'>avus,</span> <span class='ocrx_word' id='word_1_251' title='bbox 166 2357 257 2437; x_wconf 87' lang='lat' dir='ltr'>patris</span> <span class='ocrx_word' id='word_1_252' title='bbox 277 2357 337 2414; x_wconf 81' lang='lat' dir='ltr'>mei</span> <span class='ocrx_word' id='word_1_253' title='bbox 354 2369 456 2435; x_wconf 87' lang='lat' dir='ltr'>pater,</span> <span class='ocrx_word' id='word_1_254' title='bbox 474 2356 506 2414; x_wconf 91' lang='lat' dir='ltr'>in</span> <span class='ocrx_word' id='word_1_255' title='bbox 526 2377 592 2434; x_wconf 86' lang='lat' dir='ltr'>quo</span> <span class='ocrx_word' id='word_1_256' title='bbox 606 2369 692 2437; x_wconf 87' lang='lat' dir='ltr'>pater</span> <span class='ocrx_word' id='word_1_257' title='bbox 709 2378 794 2416; x_wconf 90' lang='lat' dir='ltr'>meus</span> <span class='ocrx_word' id='word_1_258' title='bbox 811 2369 946 2416; x_wconf 88' lang='lat' dir='ltr'>versatus</span> <span class='ocrx_word' id='word_1_259' title='bbox 965 2369 1027 2434; x_wconf 80' lang='lat' dir='ltr'>est,</span> <span class='ocrx_word' id='word_1_260' title='bbox 1044 2357 1077 2414; x_wconf 90' lang='lat' dir='ltr'>in</span> <span class='ocrx_word' id='word_1_261' title='bbox 1096 2377 1157 2436; x_wconf 91' lang='lat' dir='ltr'>quo</span> <span class='ocrx_word' id='word_1_262' title='bbox 1178 2375 1226 2414; x_wconf 91' lang='lat' dir='ltr'>me</span> <span class='ocrx_word' id='word_1_263' title='bbox 1248 2364 1309 2418; x_wconf 85' lang='grc'>339</span> 
     </span>
     <span class='ocr_line' id='line_1_27' title="bbox 61 2440 1263 2521; baseline -0.003 -19"><span class='ocrx_word' id='word_1_264' title='bbox 61 2455 213 2502; x_wconf 83' lang='lat' dir='ltr'>versatum</span> <span class='ocrx_word' id='word_1_265' title='bbox 233 2462 297 2500; x_wconf 90' lang='lat' dir='ltr'>csse</span> <span class='ocrx_word' id='word_1_266' title='bbox 317 2454 442 2501; x_wconf 89' lang='lat' dir='ltr'>constat.</span> <span class='ocrx_word' id='word_1_267' title='bbox 477 2441 517 2499; x_wconf 87' lang='lat' dir='ltr'>Et</span> <span class='ocrx_word' id='word_1_268' title='bbox 540 2463 601 2520; x_wconf 91' lang='lat' dir='ltr'>quo</span> <span class='ocrx_word' id='word_1_269' title='bbox 626 2453 714 2521; x_wconf 90' lang='lat' dir='ltr'>pacto</span> <span class='ocrx_word' id='word_1_270' title='bbox 738 2463 820 2501; x_wconf 92' lang='lat' dir='ltr'>nunc</span> <span class='ocrx_word' id='word_1_271' title='bbox 842 2440 928 2500; x_wconf 85' lang='lat' dir='ltr'>vobis</span> <span class='ocrx_word' id='word_1_272' title='bbox 954 2440 1124 2500; x_wconf 86' lang='lat' dir='ltr'>evidentius</span> <span class='ocrx_word' id='word_1_273' title='bbox 1143 2440 1226 2519; x_wconf 88' lang='lat' dir='ltr'>quis·</span> <span class='ocrx_word' id='word_1_274' title='bbox 1257 2449 1263 2465; x_wconf 85' lang='lat'><strong><em>¹</em></strong></span> 
     </span>
     <span class='ocr_line' id='line_1_28' title="bbox 63 2521 1227 2608; baseline -0.003 -22"><span class='ocrx_word' id='word_1_275' title='bbox 63 2548 152 2606; x_wconf 88' lang='lat' dir='ltr'>quam</span> <span class='ocrx_word' id='word_1_276' title='bbox 170 2527 289 2606; x_wconf 90' lang='lat' dir='ltr'>probet,</span> <span class='ocrx_word' id='word_1_277' title='bbox 308 2527 355 2584; x_wconf 85' lang='lat' dir='ltr'>ius</span> <span class='ocrx_word' id='word_1_278' title='bbox 373 2526 432 2585; x_wconf 93' lang='lat' dir='ltr'>sibi</span> <span class='ocrx_word' id='word_1_279' title='bbox 451 2546 515 2584; x_wconf 91' lang='lat' dir='ltr'>esse</span> <span class='ocrx_word' id='word_1_280' title='bbox 535 2525 686 2585; x_wconf 78' lang='lat' dir='ltr'>civitatis?</span> <span class='ocrx_word' id='word_1_281' title='bbox 706 2521 831 2608; x_wconf 84' lang='lat' dir='ltr'>Cogitet</span> <span class='ocrx_word' id='word_1_282' title='bbox 847 2525 927 2585; x_wconf 91' lang='lat' dir='ltr'>enim</span> <span class='ocrx_word' id='word_1_283' title='bbox 945 2527 1156 2606; x_wconf 89' lang='lat' dir='ltr'>unusquisque</span> <span class='ocrx_word' id='word_1_284' title='bbox 1174 2544 1227 2584; x_wconf 84' lang='lat' dir='ltr'>ve-</span> 
     </span>
     <span class='ocr_line' id='line_1_29' title="bbox 61 2610 1231 2710; baseline -0.003 -39"><span class='ocrx_word' id='word_1_285' title='bbox 61 2625 175 2682; x_wconf 88' lang='lat' dir='ltr'>strum,</span> <span class='ocrx_word' id='word_1_286' title='bbox 193 2611 413 2683; x_wconf 82' lang='lat' dir='ltr'>Athenienses,</span> <span class='ocrx_word' id='word_1_287' title='bbox 439 2629 571 2688; x_wconf 89' lang='lat' dir='ltr'>quonam</span> <span class='ocrx_word' id='word_1_288' title='bbox 589 2610 649 2669; x_wconf 87' lang='lat' dir='ltr'>alio</span> <span class='ocrx_word' id='word_1_289' title='bbox 667 2612 776 2683; x_wconf 86' lang='lat' dir='ltr'>modo,</span> <span class='ocrx_word' id='word_1_290' title='bbox 796 2632 884 2690; x_wconf 85' lang='lat' dir='ltr'>quarn</span> <span class='ocrx_word' id='word_1_291' title='bbox 904 2632 961 2693; x_wconf 83' lang='lat' dir='ltr'>ego</span> <span class='ocrx_word' id='word_1_292' title='bbox 981 2611 1059 2684; x_wconf 60' lang='lat' dir='ltr'>secia</span> <span class='ocrx_word' id='word_1_293' title='bbox 1079 2623 1231 2710; x_wconf 75' lang='lat' dir='ltr'>cognatos</span> 
     </span>
     <span class='ocr_line' id='line_1_30' title="bbox 61 2696 1226 2779; baseline -0.001 -24"><span class='ocrx_word' id='word_1_294' title='bbox 61 2717 134 2756; x_wconf 91' lang='lat' dir='ltr'>suos</span> <span class='ocrx_word' id='word_1_295' title='bbox 153 2697 359 2755; x_wconf 89' lang='lat' dir='ltr'>demonstrare</span> <span class='ocrx_word' id='word_1_296' title='bbox 377 2708 496 2774; x_wconf 92' lang='lat' dir='ltr'>posset·</span> <span class='ocrx_word' id='word_1_297' title='bbox 525 2717 666 2779; x_wconf 89' lang='lat' dir='ltr'>cumpro</span> <span class='ocrx_word' id='word_1_298' title='bbox 685 2696 863 2758; x_wconf 88' lang='lat' dir='ltr'>testimonio</span> <span class='ocrx_word' id='word_1_299' title='bbox 883 2696 1000 2769; x_wconf 86' lang='lat' dir='ltr'>dicant,</span> <span class='ocrx_word' id='word_1_300' title='bbox 1027 2717 1096 2755; x_wconf 89' lang='lat' dir='ltr'>cum</span> <span class='ocrx_word' id='word_1_301' title='bbox 1114 2696 1226 2767; x_wconf 88' lang='lat' dir='ltr'>iurent,</span> 
     </span>
     <span class='ocr_line' id='line_1_31' title="bbox 62 2779 1289 2862; baseline -0.002 -22"><span class='ocrx_word' id='word_1_302' title='bbox 62 2803 132 2843; x_wconf 84' lang='lat' dir='ltr'>curu</span> <span class='ocrx_word' id='word_1_303' title='bbox 151 2779 821 2859; x_wconf 68' lang='lat' dir='ltr'>olimiamiudeaprimoutioiidemsintt</span> <span class='ocrx_word' id='word_1_304' title='bbox 847 2782 936 2855; x_wconf 89' lang='lat' dir='ltr'>Quas</span> <span class='ocrx_word' id='word_1_305' title='bbox 950 2779 1055 2840; x_wconf 88' lang='lat' dir='ltr'>ubres</span> <span class='ocrx_word' id='word_1_306' title='bbox 1074 2801 1150 2862; x_wconf 87' lang='lat' dir='ltr'>ego,</span> <span class='ocrx_word' id='word_1_307' title='bbox 1169 2780 1224 2839; x_wconf 92' lang='lat' dir='ltr'>bo·</span> <span class='ocrx_word' id='word_1_308' title='bbox 1279 2801 1289 2812; x_wconf 90' lang='lat'><em>·</em></span> 
     </span>
     <span class='ocr_line' id='line_1_32' title="bbox 60 2855 1225 2946; baseline -0.001 -22"><span class='ocrx_word' id='word_1_309' title='bbox 60 2867 157 2926; x_wconf 87' lang='lat' dir='ltr'>nitate</span> <span class='ocrx_word' id='word_1_310' title='bbox 176 2886 282 2925; x_wconf 86' lang='lat' dir='ltr'>causae</span> <span class='ocrx_word' id='word_1_311' title='bbox 300 2866 412 2937; x_wconf 82' lang='lat' dir='ltr'>fretus,</span> <span class='ocrx_word' id='word_1_312' title='bbox 443 2863 552 2924; x_wconf 81' lang='lat' dir='ltr'>advos</span> <span class='ocrx_word' id='word_1_313' title='bbox 571 2864 711 2946; x_wconf 79' lang='lat' dir='ltr'>confugi,</span> <span class='ocrx_word' id='word_1_314' title='bbox 745 2855 979 2944; x_wconf 82' lang='lat' dir='ltr'>quodvideam,</span> <span class='ocrx_word' id='word_1_315' title='bbox 1010 2864 1225 2945; x_wconf 77' lang='lat' dir='ltr'>Athenienses,</span> 
     </span>
    </p>

    <p class='ocr_par' dir='ltr' id='par_1_8' title="bbox 21 2939 1309 3964">
     <span class='ocr_line' id='line_1_33' title="bbox 21 2939 1224 3030; baseline -0.003 -20"><span class='ocrx_word' id='word_1_316' title='bbox 21 2963 23 2968; x_wconf 88' lang='lat'>&#39;</span> <span class='ocrx_word' id='word_1_317' title='bbox 60 2941 245 3024; x_wconf 83' lang='lat' dir='ltr'>iudiciorum</span> <span class='ocrx_word' id='word_1_318' title='bbox 263 2951 407 3009; x_wconf 87' lang='lat' dir='ltr'>maiorem</span> <span class='ocrx_word' id='word_1_319' title='bbox 427 2949 737 3021; x_wconf 87' lang='lat' dir='ltr'>esseauctoritatem,</span> <span class='ocrx_word' id='word_1_320' title='bbox 759 2971 821 3009; x_wconf 91' lang='lat' dir='ltr'>non</span> <span class='ocrx_word' id='word_1_321' title='bbox 839 2952 932 3011; x_wconf 83' lang='lat' dir='ltr'>modo</span> <span class='ocrx_word' id='word_1_322' title='bbox 950 2972 1039 3030; x_wconf 85' lang='lat' dir='ltr'>quarn</span> <span class='ocrx_word' id='word_1_323' title='bbox 1056 2939 1224 3008; x_wconf 75' lang='lat' dir='ltr'>dlimusio-</span> 
     </span>
     <span class='ocr_line' id='line_1_34' title="bbox 60 3034 1224 3117; baseline -0.001 -23"><span class='ocrx_word' id='word_1_324' title='bbox 60 3058 145 3108; x_wconf 86' lang='lat' dir='ltr'>rum,</span> <span class='ocrx_word' id='word_1_325' title='bbox 173 3036 226 3114; x_wconf 91' lang='lat' dir='ltr'>qui</span> <span class='ocrx_word' id='word_1_326' title='bbox 250 3057 298 3094; x_wconf 90' lang='lat' dir='ltr'>me</span> <span class='ocrx_word' id='word_1_327' title='bbox 324 3035 494 3105; x_wconf 88' lang='lat' dir='ltr'>eiecerunt,</span> <span class='ocrx_word' id='word_1_328' title='bbox 519 3034 573 3092; x_wconf 88' lang='lat' dir='ltr'>sed</span> <span class='ocrx_word' id='word_1_329' title='bbox 598 3034 687 3093; x_wconf 87' lang='lat' dir='ltr'>etiam</span> <span class='ocrx_word' id='word_1_330' title='bbox 707 3054 796 3113; x_wconf 89' lang='lat' dir='ltr'>quam</span> <span class='ocrx_word' id='word_1_331' title='bbox 818 3049 940 3096; x_wconf 88' lang='lat' dir='ltr'>senatus</span> <span class='ocrx_word' id='word_1_332' title='bbox 966 3048 997 3095; x_wconf 90' lang='lat' dir='ltr'>et</span> <span class='ocrx_word' id='word_1_333' title='bbox 1020 3034 1141 3117; x_wconf 89' lang='lat' dir='ltr'>populi:</span> <span class='ocrx_word' id='word_1_334' title='bbox 1167 3053 1224 3093; x_wconf 90' lang='lat' dir='ltr'>nec</span> 
     </span>
     <span class='ocr_line' id='line_1_35' title="bbox 61 3119 1224 3204; baseline -0.001 -26"><span class='ocrx_word' id='word_1_335' title='bbox 61 3121 178 3181; x_wconf 89' lang='lat' dir='ltr'>iniuria.</span> <span class='ocrx_word' id='word_1_336' title='bbox 223 3120 378 3199; x_wconf 86' lang='lat' dir='ltr'>Quicquid</span> <span class='ocrx_word' id='word_1_337' title='bbox 398 3120 477 3178; x_wconf 88' lang='lat' dir='ltr'>enim</span> <span class='ocrx_word' id='word_1_338' title='bbox 504 3130 690 3198; x_wconf 79' lang='lat' dir='ltr'>spectetur,</span> <span class='ocrx_word' id='word_1_339' title='bbox 712 3121 881 3204; x_wconf 87' lang='lat' dir='ltr'>sententiae</span> <span class='ocrx_word' id='word_1_340' title='bbox 898 3133 1015 3179; x_wconf 87' lang='lat' dir='ltr'>vestrae</span> <span class='ocrx_word' id='word_1_341' title='bbox 1041 3119 1224 3178; x_wconf 82' lang='lat' dir='ltr'>iustissimae</span> 
     </span>
     <span class='ocr_line' id='line_1_36' title="bbox 61 3201 1309 3302; baseline -0.002 -38"><span class='ocrx_word' id='word_1_342' title='bbox 61 3218 141 3264; x_wconf 85' lang='lat' dir='ltr'>sunt.</span> <span class='ocrx_word' id='word_1_343' title='bbox 152 3201 299 3302; x_wconf 84' lang='lat' dir='ltr'>Cogitate</span> <span class='ocrx_word' id='word_1_344' title='bbox 317 3205 393 3263; x_wconf 90' lang='lat' dir='ltr'>illud</span> <span class='ocrx_word' id='word_1_345' title='bbox 412 3204 512 3276; x_wconf 90' lang='lat' dir='ltr'>etiam,</span> <span class='ocrx_word' id='word_1_346' title='bbox 530 3225 594 3274; x_wconf 89' lang='lat' dir='ltr'>vos,</span> <span class='ocrx_word' id='word_1_347' title='bbox 613 3203 664 3283; x_wconf 91' lang='lat' dir='ltr'>qui</span> <span class='ocrx_word' id='word_1_348' title='bbox 684 3225 700 3263; x_wconf 88' lang='lat' dir='ltr'>e</span> <span class='ocrx_word' id='word_1_349' title='bbox 717 3205 831 3286; x_wconf 86' lang='lat' dir='ltr'>magnis</span> <span class='ocrx_word' id='word_1_350' title='bbox 849 3204 1021 3285; x_wconf 87' lang='lat' dir='ltr'>municipiis</span> <span class='ocrx_word' id='word_1_351' title='bbox 1040 3203 1123 3276; x_wconf 87' lang='lat' dir='ltr'>estis,</span> <span class='ocrx_word' id='word_1_352' title='bbox 1140 3203 1224 3262; x_wconf 89' lang='lat' dir='ltr'>nulla</span> <span class='ocrx_word' id='word_1_353' title='bbox 1299 3211 1309 3217; x_wconf 87' lang='grc'>’“</span> 
     </span>
     <span class='ocr_line' id='line_1_37' title="bbox 61 3288 1224 3387; baseline -0.003 -39"><span class='ocrx_word' id='word_1_354' title='bbox 61 3311 95 3349; x_wconf 91' lang='lat' dir='ltr'>re</span> <span class='ocrx_word' id='word_1_355' title='bbox 114 3289 230 3370; x_wconf 88' lang='lat' dir='ltr'>privare</span> <span class='ocrx_word' id='word_1_356' title='bbox 249 3310 445 3387; x_wconf 87' lang='lat' dir='ltr'>quemquam,</span> <span class='ocrx_word' id='word_1_357' title='bbox 470 3309 526 3346; x_wconf 88' lang='lat' dir='ltr'>nee</span> <span class='ocrx_word' id='word_1_358' title='bbox 544 3288 753 3360; x_wconf 86' lang='lat' dir='ltr'>accusatione,</span> <span class='ocrx_word' id='word_1_359' title='bbox 772 3310 828 3348; x_wconf 89' lang='lat' dir='ltr'>nec</span> <span class='ocrx_word' id='word_1_360' title='bbox 845 3290 1030 3355; x_wconf 82' lang='lat' dir='ltr'>defensioue.</span> <span class='ocrx_word' id='word_1_361' title='bbox 1066 3289 1111 3346; x_wconf 79' lang='lat' dir='ltr'>rlc</span> <span class='ocrx_word' id='word_1_362' title='bbox 1129 3288 1224 3346; x_wconf 90' lang='lat' dir='ltr'>multa</span> 
     </span>
     <span class='ocr_line' id='line_1_38' title="bbox 60 3370 1250 3462; baseline -0.003 -29"><span class='ocrx_word' id='word_1_363' title='bbox 60 3375 142 3434; x_wconf 91' lang='lat' dir='ltr'>bona</span> <span class='ocrx_word' id='word_1_364' title='bbox 159 3374 246 3432; x_wconf 85' lang='lat' dir='ltr'>vobis</span> <span class='ocrx_word' id='word_1_365' title='bbox 266 3374 420 3447; x_wconf 86' lang='lat' dir='ltr'>eveniant,</span> <span class='ocrx_word' id='word_1_366' title='bbox 447 3373 499 3452; x_wconf 91' lang='lat' dir='ltr'>qui</span> <span class='ocrx_word' id='word_1_367' title='bbox 518 3394 551 3430; x_wconf 90' lang='lat' dir='ltr'>ea</span> <span class='ocrx_word' id='word_1_368' title='bbox 570 3395 602 3432; x_wconf 92' lang='lat' dir='ltr'>re</span> <span class='ocrx_word' id='word_1_369' title='bbox 622 3387 703 3433; x_wconf 88' lang='lat' dir='ltr'>recte</span> <span class='ocrx_word' id='word_1_370' title='bbox 719 3373 769 3433; x_wconf 87' lang='lat' dir='ltr'>usi</span> <span class='ocrx_word' id='word_1_371' title='bbox 788 3374 875 3446; x_wconf 86' lang='lat' dir='ltr'>estis,</span> <span class='ocrx_word' id='word_1_372' title='bbox 906 3373 958 3454; x_wconf 90' lang='lat' dir='ltr'>qui</span> <span class='ocrx_word' id='word_1_373' title='bbox 976 3374 1012 3433; x_wconf 91' lang='lat' dir='ltr'>iis</span> <span class='ocrx_word' id='word_1_374' title='bbox 1031 3373 1140 3462; x_wconf 84' lang='lat' dir='ltr'>etiam,</span> <span class='ocrx_word' id='word_1_375' title='bbox 1168 3370 1250 3451; x_wconf 77' lang='lat' dir='ltr'>qui-¹</span> 
     </span>
     <span class='ocr_line' id='line_1_39' title="bbox 60 3452 1224 3538; baseline -0.004 -18"><span class='ocrx_word' id='word_1_376' title='bbox 60 3481 176 3520; x_wconf 87' lang='lat' dir='ltr'>moram</span> <span class='ocrx_word' id='word_1_377' title='bbox 193 3459 365 3538; x_wconf 85' lang='lat' dir='ltr'>petierunt,</span> <span class='ocrx_word' id='word_1_378' title='bbox 392 3452 517 3538; x_wconf 89' lang='lat' dir='ltr'>parandi</span> <span class='ocrx_word' id='word_1_379' title='bbox 535 3478 567 3516; x_wconf 90' lang='lat' dir='ltr'>se</span> <span class='ocrx_word' id='word_1_380' title='bbox 584 3458 757 3518; x_wconf 81' lang='lat' dir='ltr'>lacrrltatem</span> <span class='ocrx_word' id='word_1_381' title='bbox 776 3479 840 3518; x_wconf 89' lang='lat' dir='ltr'>non</span> <span class='ocrx_word' id='word_1_382' title='bbox 857 3459 1028 3519; x_wconf 88' lang='lat' dir='ltr'>ademistis.</span> <span class='ocrx_word' id='word_1_383' title='bbox 1064 3479 1123 3537; x_wconf 88' lang='lat' dir='ltr'>qua</span> <span class='ocrx_word' id='word_1_384' title='bbox 1137 3476 1173 3516; x_wconf 90' lang='lat' dir='ltr'>re</span> <span class='ocrx_word' id='word_1_385' title='bbox 1193 3468 1224 3515; x_wconf 82' lang='lat' dir='ltr'>e&#39;t</span> 
     </span>
     <span class='ocr_line' id='line_1_40' title="bbox 61 3542 1301 3622; baseline -0.003 -18"><span class='ocrx_word' id='word_1_386' title='bbox 61 3543 291 3604; x_wconf 88' lang='lat' dir='ltr'>calumniatores</span> <span class='ocrx_word' id='word_1_387' title='bbox 311 3557 341 3602; x_wconf 94' lang='lat' dir='ltr'>et</span> <span class='ocrx_word' id='word_1_388' title='bbox 361 3564 424 3615; x_wconf 91' lang='lat' dir='ltr'>eos,</span> <span class='ocrx_word' id='word_1_389' title='bbox 443 3542 494 3622; x_wconf 91' lang='lat' dir='ltr'>qui</span> <span class='ocrx_word' id='word_1_390' title='bbox 512 3555 637 3622; x_wconf 88' lang='lat' dir='ltr'>propter</span> <span class='ocrx_word' id='word_1_391' title='bbox 654 3543 837 3603; x_wconf 87' lang='lat' dir='ltr'>simultatem</span> <span class='ocrx_word' id='word_1_392' title='bbox 855 3544 920 3603; x_wconf 88' lang='lat' dir='ltr'>aliis</span> <span class='ocrx_word' id='word_1_393' title='bbox 938 3543 1129 3615; x_wconf 84' lang='lat' dir='ltr'>insidiantur,</span> <span class='ocrx_word' id='word_1_394' title='bbox 1148 3558 1223 3601; x_wconf 86' lang='lat' dir='ltr'>con·</span> <span class='ocrx_word' id='word_1_395' title='bbox 1299 3549 1301 3552; x_wconf 76' lang='grc'>’</span> 
     </span>
     <span class='ocr_line' id='line_1_41' title="bbox 58 3627 1223 3708; baseline -0.004 -19"><span class='ocrx_word' id='word_1_396' title='bbox 58 3630 188 3690; x_wconf 83' lang='lat' dir='ltr'>vincitis.</span> <span class='ocrx_word' id='word_1_397' title='bbox 216 3628 261 3688; x_wconf 83' lang='lat' dir='ltr'>Ac</span> <span class='ocrx_word' id='word_1_398' title='bbox 279 3629 474 3707; x_wconf 82' lang='lat' dir='ltr'>vosquidem</span> <span class='ocrx_word' id='word_1_399' title='bbox 493 3628 635 3688; x_wconf 88' lang='lat' dir='ltr'>laudandi</span> <span class='ocrx_word' id='word_1_400' title='bbox 654 3629 744 3700; x_wconf 89' lang='lat' dir='ltr'>estis,</span> <span class='ocrx_word' id='word_1_401' title='bbox 762 3629 982 3688; x_wconf 85' lang='lat' dir='ltr'>Athenienses:</span> <span class='ocrx_word' id='word_1_402' title='bbox 1000 3627 1053 3708; x_wconf 91' lang='lat' dir='ltr'>qui</span> <span class='ocrx_word' id='word_1_403' title='bbox 1070 3640 1223 3686; x_wconf 84' lang='lat' dir='ltr'>autemre</span> 
     </span>
     <span class='ocr_line' id='line_1_42' title="bbox 59 3710 1235 3793; baseline -0.003 -20"><span class='ocrx_word' id='word_1_404' title='bbox 59 3715 141 3774; x_wconf 87' lang='lat' dir='ltr'>bona</span> <span class='ocrx_word' id='word_1_405' title='bbox 161 3723 191 3772; x_wconf 91' lang='lat' dir='ltr'>et</span> <span class='ocrx_word' id='word_1_406' title='bbox 208 3715 286 3772; x_wconf 88' lang='lat' dir='ltr'>iusta</span> <span class='ocrx_word' id='word_1_407' title='bbox 305 3714 381 3772; x_wconf 86' lang='lat' dir='ltr'>male</span> <span class='ocrx_word' id='word_1_408' title='bbox 399 3725 471 3772; x_wconf 90' lang='lat' dir='ltr'>sunt</span> <span class='ocrx_word' id='word_1_409' title='bbox 488 3711 592 3784; x_wconf 80' lang='lat' dir='ltr'>abusi,</span> <span class='ocrx_word' id='word_1_410' title='bbox 616 3713 813 3793; x_wconf 84' lang='lat' dir='ltr'>vituperandi.</span> <span class='ocrx_word' id='word_1_411' title='bbox 849 3717 882 3772; x_wconf 92' lang='lat' dir='ltr'>lu</span> <span class='ocrx_word' id='word_1_412' title='bbox 901 3714 986 3774; x_wconf 88' lang='lat' dir='ltr'>nullo</span> <span class='ocrx_word' id='word_1_413' title='bbox 1005 3725 1103 3772; x_wconf 90' lang='lat' dir='ltr'>autem</span> <span class='ocrx_word' id='word_1_414' title='bbox 1122 3710 1235 3772; x_wconf 56' lang='lat' dir='ltr'>muni:</span> 
     </span>
     <span class='ocr_line' id='line_1_43' title="bbox 59 3795 1221 3880; baseline -0.003 -22"><span class='ocrx_word' id='word_1_415' title='bbox 59 3800 151 3879; x_wconf 88' lang='lat' dir='ltr'>cipio,</span> <span class='ocrx_word' id='word_1_416' title='bbox 171 3821 262 3877; x_wconf 89' lang='lat' dir='ltr'>quam</span> <span class='ocrx_word' id='word_1_417' title='bbox 273 3799 310 3857; x_wconf 92' lang='lat' dir='ltr'>in</span> <span class='ocrx_word' id='word_1_418' title='bbox 329 3811 446 3869; x_wconf 91' lang='lat' dir='ltr'>nostro,</span> <span class='ocrx_word' id='word_1_419' title='bbox 464 3796 616 3857; x_wconf 87' lang='lat' dir='ltr'>crudelius</span> <span class='ocrx_word' id='word_1_420' title='bbox 636 3819 700 3858; x_wconf 87' lang='lat' dir='ltr'>esse</span> <span class='ocrx_word' id='word_1_421' title='bbox 718 3811 817 3858; x_wconf 86' lang='lat' dir='ltr'>actum</span> <span class='ocrx_word' id='word_1_422' title='bbox 835 3799 1000 3880; x_wconf 90' lang='lat' dir='ltr'>reperietis.</span> <span class='ocrx_word' id='word_1_423' title='bbox 1030 3799 1064 3856; x_wconf 92' lang='lat' dir='ltr'>ln</span> <span class='ocrx_word' id='word_1_424' title='bbox 1084 3817 1121 3874; x_wconf 84' lang='lat' dir='ltr'>eo</span> <span class='ocrx_word' id='word_1_425' title='bbox 1141 3795 1221 3855; x_wconf 91' lang='lat' dir='ltr'>enim</span> 
     </span>
     <span class='ocr_line' id='line_1_44' title="bbox 58 3883 1224 3964; baseline -0.003 -21"><span class='ocrx_word' id='word_1_426' title='bbox 58 3885 185 3943; x_wconf 86' lang='lat' dir='ltr'>fratrum</span> <span class='ocrx_word' id='word_1_427' title='bbox 204 3884 394 3949; x_wconf 86' lang='lat' dir='ltr'>uterinorum</span> <span class='ocrx_word' id='word_1_428' title='bbox 414 3895 443 3941; x_wconf 91' lang='lat' dir='ltr'>et</span> <span class='ocrx_word' id='word_1_429' title='bbox 460 3902 673 3964; x_wconf 87' lang='lat' dir='ltr'>germanorum</span> <span class='ocrx_word' id='word_1_430' title='bbox 692 3884 767 3942; x_wconf 88' lang='lat' dir='ltr'>alios</span> <span class='ocrx_word' id='word_1_431' title='bbox 785 3884 955 3957; x_wconf 85' lang='lat' dir='ltr'>eiecerunt,</span> <span class='ocrx_word' id='word_1_432' title='bbox 983 3883 1058 3942; x_wconf 90' lang='lat' dir='ltr'>alios</span> <span class='ocrx_word' id='word_1_433' title='bbox 1077 3903 1157 3941; x_wconf 89' lang='lat' dir='ltr'>nou:</span> <span class='ocrx_word' id='word_1_434' title='bbox 1192 3893 1224 3940; x_wconf 91' lang='lat' dir='ltr'>et</span> 
     </span>
    </p>

    <p class='ocr_par' dir='ltr' id='par_1_9' title="bbox 32 3966 1288 4391">
     <span class='ocr_line' id='line_1_45' title="bbox 32 3966 1222 4069; baseline -0.003 -42"><span class='ocrx_word' id='word_1_435' title='bbox 32 3993 36 3997; x_wconf 91' lang='lat'>·</span> <span class='ocrx_word' id='word_1_436' title='bbox 59 3969 199 4028; x_wconf 89' lang='lat' dir='ltr'>homines</span> <span class='ocrx_word' id='word_1_437' title='bbox 218 3982 290 4028; x_wconf 88' lang='lat' dir='ltr'>natu</span> <span class='ocrx_word' id='word_1_438' title='bbox 309 3966 488 4069; x_wconf 85' lang='lat' dir='ltr'>grandes,</span> <span class='ocrx_word' id='word_1_439' title='bbox 480 3986 605 4066; x_wconf 82' lang='lat' dir='ltr'>inopes,</span> <span class='ocrx_word' id='word_1_440' title='bbox 629 3970 758 4047; x_wconf 83' lang='lat' dir='ltr'>quoium</span> <span class='ocrx_word' id='word_1_441' title='bbox 776 3969 855 4029; x_wconf 87' lang='lat' dir='ltr'>filios</span> <span class='ocrx_word' id='word_1_442' title='bbox 872 3970 1074 4028; x_wconf 84' lang='lat' dir='ltr'>retinuerunt</span> <span class='ocrx_word' id='word_1_443' title='bbox 1107 3970 1222 4026; x_wconf 89' lang='lat' dir='ltr'>Harum</span> 
     </span>
     <span class='ocr_line' id='line_1_46' title="bbox 60 4051 1288 4133; baseline -0.004 -20"><span class='ocrx_word' id='word_1_444' title='bbox 60 4053 150 4113; x_wconf 88' lang='lat' dir='ltr'>etiam</span> <span class='ocrx_word' id='word_1_445' title='bbox 164 4066 276 4128; x_wconf 86' lang='lat' dir='ltr'>rerum,</span> <span class='ocrx_word' id='word_1_446' title='bbox 294 4076 319 4113; x_wconf 83' lang='lat' dir='ltr'>si</span> <span class='ocrx_word' id='word_1_447' title='bbox 311 4054 432 4124; x_wconf 84' lang='lat' dir='ltr'>&#39;vultis,</span> <span class='ocrx_word' id='word_1_448' title='bbox 449 4051 624 4111; x_wconf 87' lang='lat' dir='ltr'>testimonia</span> <span class='ocrx_word' id='word_1_449' title='bbox 638 4054 725 4113; x_wconf 86' lang='lat' dir='ltr'>vobis</span> <span class='ocrx_word' id='word_1_450' title='bbox 741 4053 897 4113; x_wconf 83' lang='lat' dir='ltr'>exhibebo.</span> <span class='ocrx_word' id='word_1_451' title='bbox 915 4054 1071 4133; x_wconf 90' lang='lat' dir='ltr'>Quodque</span> <span class='ocrx_word' id='word_1_452' title='bbox 1087 4052 1222 4111; x_wconf 87' lang='lat' dir='ltr'>omnium</span> <span class='ocrx_word' id='word_1_453' title='bbox 1284 4069 1288 4082; x_wconf 48' lang='grc' dir='ltr'>ι</span> 
     </span>
     <span class='ocr_line' id='line_1_47' title="bbox 59 4135 1223 4221; baseline -0.001 -26"><span class='ocrx_word' id='word_1_454' title='bbox 59 4137 269 4221; x_wconf 83' lang='lat' dir='ltr'>gravissimum</span> <span class='ocrx_word' id='word_1_455' title='bbox 288 4151 352 4212; x_wconf 72' lang='lat' dir='ltr'>est,</span> <span class='ocrx_word' id='word_1_456' title='bbox 366 4137 484 4198; x_wconf 79' lang='lat' dir='ltr'>factiosi</span> <span class='ocrx_word' id='word_1_457' title='bbox 502 4137 533 4195; x_wconf 93' lang='lat' dir='ltr'>id</span> <span class='ocrx_word' id='word_1_458' title='bbox 552 4136 704 4198; x_wconf 84' lang='lat' dir='ltr'>lecerunt:</span> <span class='ocrx_word' id='word_1_459' title='bbox 725 4160 846 4218; x_wconf 85' lang='lat' dir='ltr'>neque,</span> <span class='ocrx_word' id='word_1_460' title='bbox 863 4160 919 4220; x_wconf 91' lang='lat' dir='ltr'>per</span> <span class='ocrx_word' id='word_1_461' title='bbox 936 4139 1009 4198; x_wconf 86' lang='lat' dir='ltr'>deos</span> <span class='ocrx_word' id='word_1_462' title='bbox 1029 4158 1083 4197; x_wconf 92' lang='lat' dir='ltr'>oro</span> <span class='ocrx_word' id='word_1_463' title='bbox 1101 4159 1173 4209; x_wconf 84' lang='lat' dir='ltr'>vos,</span> <span class='ocrx_word' id='word_1_464' title='bbox 1191 4135 1223 4194; x_wconf 88' lang='lat' dir='ltr'>in</span> 
     </span>
     <span class='ocr_line' id='line_1_48' title="bbox 57 4222 1269 4305; baseline -0.003 -23"><span class='ocrx_word' id='word_1_465' title='bbox 57 4224 167 4282; x_wconf 88' lang='lat' dir='ltr'>malam</span> <span class='ocrx_word' id='word_1_466' title='bbox 192 4236 307 4303; x_wconf 88' lang='lat' dir='ltr'>partem</span> <span class='ocrx_word' id='word_1_467' title='bbox 335 4224 493 4304; x_wconf 86' lang='lat' dir='ltr'>quisquam</span> <span class='ocrx_word' id='word_1_468' title='bbox 517 4236 650 4284; x_wconf 79' lang='lat' dir='ltr'>vestrum</span> <span class='ocrx_word' id='word_1_469' title='bbox 676 4223 816 4305; x_wconf 87' lang='lat' dir='ltr'>accipiat,</span> <span class='ocrx_word' id='word_1_470' title='bbox 841 4225 867 4284; x_wconf 94' lang='lat' dir='ltr'>si</span> <span class='ocrx_word' id='word_1_471' title='bbox 886 4245 955 4298; x_wconf 88' lang='lat' dir='ltr'>eos,</span> <span class='ocrx_word' id='word_1_472' title='bbox 981 4223 1034 4303; x_wconf 89' lang='lat' dir='ltr'>qni</span> <span class='ocrx_word' id='word_1_473' title='bbox 1057 4241 1105 4282; x_wconf 74' lang='lat' dir='ltr'>rn‘e</span> <span class='ocrx_word' id='word_1_474' title='bbox 1128 4222 1224 4282; x_wconf 79' lang='lat' dir='ltr'>laese·</span> <span class='ocrx_word' id='word_1_475' title='bbox 1267 4271 1269 4279; x_wconf 31' lang='grc' dir='ltr'>ι</span> 
     </span>
     <span class='ocr_line' id='line_1_49' title="bbox 57 4306 1228 4391; baseline -0.005 -20"><span class='ocrx_word' id='word_1_476' title='bbox 57 4322 141 4384; x_wconf 90' lang='lat' dir='ltr'>runt,</span> <span class='ocrx_word' id='word_1_477' title='bbox 160 4307 316 4390; x_wconf 86' lang='lat' dir='ltr'>improbos</span> <span class='ocrx_word' id='word_1_478' title='bbox 334 4331 400 4372; x_wconf 89' lang='lat' dir='ltr'>esse</span> <span class='ocrx_word' id='word_1_479' title='bbox 418 4309 589 4370; x_wconf 86' lang='lat' dir='ltr'>ostendero.</span> <span class='ocrx_word' id='word_1_480' title='bbox 621 4310 736 4369; x_wconf 89' lang='lat' dir='ltr'>Eorum</span> <span class='ocrx_word' id='word_1_481' title='bbox 755 4307 836 4369; x_wconf 89' lang='lat' dir='ltr'>enim</span> <span class='ocrx_word' id='word_1_482' title='bbox 854 4307 1152 4391; x_wconf 82' lang='lat' dir='ltr'>vobisimprobitate</span> <span class='ocrx_word' id='word_1_483' title='bbox 1171 4306 1228 4366; x_wconf 58' lang='lat' dir='ltr'>dea</span> 
     </span>
    </p>
   </div>
   <div class='ocr_carea' id='block_1_3' title="bbox 0 0 1366 4754">
    <p class='ocr_par' dir='ltr' id='par_1_10' title="bbox 0 0 1366 4754">
     <span class='ocr_line' id='line_1_50' title="bbox 0 0 1366 4754; baseline 0 3"><span class='ocrx_word' id='word_1_484' title='bbox 0 0 1366 4754; x_wconf 95' lang='lat' dir='ltr'> </span> 
     </span>
    </p>
   </div>
  </div>
 </body>
</html>
