2722 4754
94 201 213 262 sm
238 198 255 299 δ’
399 190 798 309 ΒΕΜΟΒΤΗιιΝΙὸ
818 196 1061 270 ornato

113 356 236 418 'omnia
261 328 348 428 lacit,
372 366 436 414 nort
454 352 485 412 in
504 317 585 415 aliud
609 304 765 436 prolecto,
790 353 848 425 nisi
872 367 909 415 ut
933 309 1088 428 ostendat,
1112 310 1224 437 populi
1249 353 1313 414 sibi
1357 380 1359 384 ·

85 470 88 475 ¹
135 440 353 539 praeiudicium
372 438 454 500 nihil
466 439 623 539 noquiss'e,
645 461 745 520 neque
763 451 899 500 metuere
918 446 970 500 aut
987 439 1151 499 formidare
1169 459 1204 500 se
1223 439 1320 509 futu„

50 544 58 552 ³
135 549 204 603 rum
221 524 375 594 iudicium.
403 523 493 598 Qui⁹
483 524 587 607 rgitur,
604 524 818 599 Athenienses,
835 545 889 585 vos
906 524 1120 606 pertimescere
1139 537 1233 608 turpe
1251 547 1310 609 pu-

86 625 88 629 '
132 625 195 687 tat,
211 630 267 678 vos
284 619 359 677 vero
377 608 452 668 nihil
470 609 573 670 facere
587 610 797 692 ιιιιιιιιιιιιιιι
808 630 871 669 non
889 609 971 670 hunc
989 611 1090 674 decies
1103 609 1311 672 interfectum

111 739 114 747 ι
136 695 317 778 oportebat?
347 694 434 755 Nec
430 694 510 755 enirn
528 715 582 754 vos
601 695 774 768 habituros,
802 696 886 776 quod
911 697 949 755 de
971 715 1003 756 se
1028 694 1185 770 statuatis,
1209 707 1311 785 putat.
1334 712 1336 716 ’

54 786 61 795 ⁹
134 781 244 854 Dives,
263 780 436 854 confidens,
461 779 603 853 inflatus,
622 780 852 863 magniloquus,
875 780 1058 855 violentus,
1065 781 1312 860 inverecundus:

84 865 96 881 ⁹
134 866 193 928 ubi
207 863 534 948 comprehendetur,
510 886 535 923 ιι
553 886 635 924 nunc
653 877 721 924 astu
737 860 975 948 subterfugerit?
1000 867 1066 950 Ego
1084 887 1170 940 vero,-
1187 879 1225 926 ut
1234 887 1310 931 non

135 952 176 1022 ob
189 951 281 1027 aliud,
298 950 346 1012 vel
360 950 400 1010 ob
419 949 537 1009 crebras
556 962 587 1010 ιι
604 949 792 1031 importunas
811 950 986 1025 conciones,
1003 951 1133 1012 maximo
1152 950 1310 1036 supplicio

44 1026 73 1055 ⁹*
127 1038 290 1103 censerem
307 1030 509 1096 afficiendum.
526 1034 630 1095 Nostis
650 1034 731 1095 enirn
749 1034 807 1096 hoc
824 1035 1017 1116 prolecto,
992 1057 1018 1096 st
1036 1057 1084 1096 res
1102 1036 1182 1097 bene
1202 1050 1308 1121 gestae
1356 1091 1358 1094 ,

133 1122 314 1206 nuntiantur
329 1119 399 1180 urbi
417 1132 449 1180 et
465 1119 525 1179 tale
543 1119 674 1200 aliquid,
698 1140 760 1199 quo
780 1118 984 1182 exhilarentur
1001 1141 1124 1197 omnes,
1153 1144 1308 1204 nusquam

133 1229 267 1309 unquam
285 1207 367 1267 inter
385 1225 437 1265 eos
456 1226 521 1265 esse
540 1205 691 1265 Midiam⁹
682 1203 849 1280 raventun,
868 1206 1006 1287 quicum
1025 1207 1140 1288 populo
1159 1207 1308 1291 gaudent,
1355 1217 1359 1224 '

45 1357 50 1368 ⁴
83 1341 87 1345 ,
134 1293 248 1396 quique
267 1291 530 1374 congratulantur:
553 1291 600 1350 sin
620 1288 692 1371 quid
711 1291 843 1365 adversi,
862 1291 958 1391 quod
965 1292 1169 1374 deprecentur
1186 1312 1305 1366 omnes,

36 1417 41 1422 ·
132 1379 264 1466 ιιιιιιιιιιιι
283 1377 363 1437 inter
381 1376 455 1436 alios
473 1375 584 1436 statim
591 1385 715 1463 surgere
735 1390 766 1438 et
784 1375 976 1450 concionari,
1009 1377 1216 1444 insultantem
1225 1389 1305 1439 tem-

132 1450 275 1565 ιιοιίιιιιι,
293 1461 477 1562 silentioque
494 1461 662 1535 fruentem,
689 1461 771 1540 quod
790 1482 852 1522 vos
861 1473 987 1542 propter
1003 1464 1144 1523 adversae
1158 1463 1307 1549 fortunae

56 1535 69 1555 '
131 1549 285 1610 tristitiam
302 1547 454 1608 tenetis«
446 1544 547 1606 ‹Tales
564 1547 644 1619 enirn
663 1546 744 1619 estis,
761 1545 982 1617 Athenienses.
975 1567 1100 1629 ·neque
1117 1538 1305 1634 euimegre-

133 1633 266 1706 dimini,
283 1648 383 1712 neque
401 1630 550 1691 tributum
569 1632 789 1691 conferendum
808 1632 953 1695 censetis:
981 1646 1011 1693 et
1029 1633 1198 1709 miramini,
1224 1635 1304 1695 male

108 1704 289 1798 {vobiscum
307 1717 375 1799 agi?
398 1737 446 1775 me
465 1716 576 1796 putatis
594 1715 681 1775 vobis
700 1715 813 1780 tributa
815 1717 1022 1819 collaturum,
1039 1739 1093 1779 vos
1112 1719 1172 1780 illis
1190 1719 1302 1781 fruitu-

131 1802 204 1865 ros'?
221 1822 276 1879 me
294 1800 406 1883 putatis
423 1799 561 1860 triremes
580 1801 816 1903 instructurum,
839 1803 926 1863 vobis
945 1804 1044 1878 otiose
1063 1805 1147 1864 domi
1165 1805 1302 1866 sedenti-

16 1962 19 1966 Δ
78 1890 96 1961 j
131 1887 233 1951 bus?»
267 1887 334 1946 Τιιι
351 1885 518 1968 petulantia
535 1898 640 1960 utens,
667 1898 697 1945 et
719 1887 812 1954 animi
835 1908 883 1947 sur
873 1887 1095 1949 acerbitatem
1112 1911 1147 1950 ac
1164 1891 1302 1953 maleno
1350 1963 1358 1969 ί

40 2034 42 2038 .
99 1972 266 2072 *lentiam
283 1993 372 2053 quam
393 1969 521 2041 obscure
540 1984 644 2031 contra
661 1971 810 2053 populum
829 1973 908 2053 apud
926 1975 1122 2055 semetipsum
1139 1975 1228 2059 gerit,
1246 1995 1305 2057 per
1334 1990 1337 1995 ·

132 2057 322 2121 occasionem
341 2056 486 2137 detegens
506 2051 687 2152 obambulat.
730 2055 888 2138 Oportet
878 2057 989 2158 rgitqr,
1006 2059 1225 2134 Athenienses,
1245 2081 1303 2120 ros

59 2176 61 2181 s
132 2142 223 2206 etiam
241 2143 284 2202 sic
302 2163 400 2214 nunc,
425 2142 561 2221 quando.¹
572 2134 633 2201 iste'
653 2162 709 2223 per
726 2126 864 2203 lraudem
886 2156 917 2203 et
935 2141 1135 2224 imposturam
1149 2146 1303 2216 lamenta-

131 2228 216 2296 bitur
233 2241 264 2288 et
277 2224 410 2309 plorabit
428 2238 459 2286 et
476 2225 673 2325 supplicabit,
690 2226 765 2288 haec
783 2228 841 2289 illi
846 2227 1012 2289 subiicere.
1030 2229 1111 2290 Talis
1129 2251 1173 2305 es,
1189 2230 1304 2290 Midia.

16 2343 27 2360 ›
63 2326 65 2330 “
128 2313 224 2375 bomo
249 2312 329 2372 euim
354 2311 593 2372 contumeliosus
619 2333 667 2386 es,
692 2333 792 2413 neque
811 2313 855 2373 vis
876 2335 983 2374 manus
1008 2297 1087 2397 apud
1111 2328 1142 2377 te
1164 2315 1303 2396 eompri-
1323 2312 1326 2316 ’

56 2433 63 2452 ι
130 2406 229 2460 mere:
256 2411 287 2460 et
310 2396 426 2457 miraris
449 2409 496 2471 te,
523 2397 618 2457 malus
637 2420 705 2456 curn
722 2398 779 2472 sis,
804 2398 882 2458 male
906 2399 1097 2481 periturum?
1123 2395 1177 2462 sed
1201 2409 1307 2481 putas,

129 2505 186 2546 nos
205 2497 235 2544 te
252 2480 486 2557 toleraturos,
470 2502 576 2563 rpsum
594 2503 666 2542 vero
685 2494 716 2543 te
734 2483 985 2545 verberaturum?
1014 2505 1071 2546 nos
1089 2498 1124 2546 ιι
1138 2484 1303 2546 absolutu

101 2600 104 2611 ·
128 2591 197 2663 ros,
203 2568 332 2630 nullum
351 2580 533 2646 statuentem
553 2567 740 2647 improbitati
757 2580 827 2630 tuae
845 2568 989 2629 modum?
1009 2570 1152 2632 Oratores
1172 2571 1300 2652 quidem

116 2645 221 2717 istum
237 2652 425 2715 defendent:
454 2675 518 2714 non
542 2665 618 2728 tam,
644 2675 693 2713 me
719 2653 785 2714 dius
812 2654 920 2728 lidius,
945 2667 981 2715 ut
995 2654 1055 2715 isti
1079 2657 1317 2739 gratificentur,

129 2760 219 2831 quarn
240 2753 277 2800 ut
301 2760 389 2822 aegre
412 2729 488 2798 mihi
505 2739 615 2800 laciant
633 2737 673 2798 ob
691 2738 821 2818 privatas
839 2738 1029 2814 inimicitias,
1059 2764 1131 2821 quas
1156 2742 1214 2802 iste
1240 2741 1302 2802 sibi

65 2869 84 2910 ‚-
128 2840 262 2898 mecum,
281 2824 344 2886 sive
362 2825 551 2893 affirmem
527 2846 590 2885 srve
605 2845 785 2908 pernegem,
804 2824 995 2885 intercedere
1012 2825 1131 2886 dictitat
1148 2839 1180 2888 et
1196 2827 1227 2887 ti
1246 2847 1300 2887 er-

37 2943 39 2947 ι
127 2921 259 2990 torquet
281 2910 345 2969 -ln
347 2917 408 2989 quo
426 2923 590 2970 nonrecte
608 2912 707 2972 sentit
747 2911 836 2972 Sed
826 2923 868 2972 ιιι
885 2910 949 2970 sere
966 2911 1018 2987 lit,
1036 2923 1071 2972 ut
1089 2912 1300 2973 nimialelici-

35 3008 47 3030 ¹'
127 3007 172 3056 tas
181 2995 343 3054 hommes
330 2994 524 3098 ualiqtrando
531 2996 639 3057 reddat
659 2996 875 3058 intolerabiles.
910 2997 987 3057 Nam
1007 3018 1075 3057 cum
1094 3019 1151 3082 ego
1171 3018 1229 3058 nec
1244 3020 1299 3061 ac-

92 3079 222 3161 ceptis
246 3075 365 3140 iniuriis
389 3082 459 3140 eum
480 3079 637 3141 inimicum
661 3083 736 3142 mihi
760 3105 826 3144 esse
845 3085 1004 3185 profitear:
1031 3083 1096 3183 ipse
1121 3097 1230 3144 tamen
1247 3103 1299 3144 me

41 3175 103 3232 369
127 3164 362 3249 dimittentem
353 3187 416 3225 non
442 3165 594 3241 dimittit,
601 3168 697 3227 sed
687 3190 719 3228 ιιι
730 3168 842 3249 alienis
870 3170 965 3230 causis
991 3170 1088 3229 semet
1111 3169 1240 3270 ingerit,
1266 3182 1300 3229 et

16 3296 20 3301 .
126 3271 208 3310 nunc
225 3240 269 3333 ιιι
284 3250 377 3326 dibit,
412 3263 448 3311 ut
470 3272 527 3311 nec
545 3273 706 3313 commune
723 3254 826 3337 legum
842 3254 1027 3356 praesidium
1046 3233 1149 3314 milri⁹
1139 3255 1299 3356 ιιιιιιιιιιι-

25 3338 30 3343 ’
85 3415 87 3418 ¹
125 3334 219 3421 ιιιίιιί,
244 3336 459 3416 postulaturus.
488 3336 583 3396 Talis
597 3338 692 3434 igitur
715 3350 818 3400 nonne
843 3340 903 3401 iam
921 3341 1024 3424 gravis
1051 3353 1113 3413 est,
1139 3333 1173 3400 'et
1195 3339 1296 3400 maior

27 3444 87 3485 ῃ,
125 3440 216 3501 quam
237 3421 403 3502 unicuique
428 3433 566 3482 nostrum
592 3420 751 3504 expediat?
778 3425 826 3485 Ad
845 3424 930 3488 haec·
927 3427 1050 3501 ¹adluit,
1076 3424 1297 3499 Athenienses,

124 3506 261 3567 etsedit
286 3506 459 3567 Eubulus
449 3529 481 3566 ιιι
505 3507 644 3591 theatr'o,
672 3531 740 3569 cum
765 3511 897 3593 populus
916 3513 1041 3572 Midiam
1069 3511 1235 3589 damnavit:
1263 3522 1298 3570 et

123 3590 304 3652 nominatim
322 3592 449 3665 citatus,
467 3599 572 3662 ora‘nte
590 3592 649 3669 isto
670 3607 700 3654 et
717 3597 940 3671 contendente,
958 3597 1003 3658 uti
1021 3617 1076 3658 vos
1095 3596 1225 3677 nostis,
1228 3616 1295 3656 nora

52 3744 56 3748 ,
98 3671 100 3674 ’
122 3676 259 3738 surrexit
283 3676 422 3757 Atqui
396 3698 422 3735 ιι
440 3633 590 3738 illidium·
580 3693 733 3740 ansontem
752 3680 886 3744 delatum
904 3703 970 3763 esse
989 3683 1122 3744 credidit
1136 3664 1217 3764 apud
1234 3701 1294 3762 po-

120 3760 244 3843 pulum.
270 3753 457 3822 dsficium
430 3762 518 3822 amici
542 3763 649 3843 utique
673 3765 815 3866 luisset,
823 3768 852 3827 'ei
875 3759 1058 3848 patrocinari
1084 3782 1116 3829 et
1139 3766 1295 3868 opitulari

69 3867 73 3880 ¹
118 3845 199 3925 Sin,
217 3847 287 3948 quia
311 3860 377 3908 turn
401 3847 568 3948 sentiebat,
595 3869 663 3909 eum
681 3851 793 3933 iniuste
810 3852 927 3928 lacere,
952 3855 1023 3915 idco
1047 3855 1153 3922 adesse
1179 3851 1293 3926 noluit,

99 3924 222 4019 'bitum
229 3933 299 4013 quia
317 3931 419 3992 mihi
410 3932 549 3993 mimicus
569 3946 623 4006 est,
641 3934 740 4015 ideo⁹
731 3950 823 3998 rstum
841 3938 970 4000 liberare
987 3932 1106 4001 slude't·
1123 3938 1213 4000 vobis
1231 3938 1291 3998 bo-

20 4084 22 4088 ,
118 4029 239 4113 nestum
258 4039 320 4080 nou
337 4018 450 4091 luerit,
472 4017 519 4078 illi
535 4018 703 4121 gratificari.
735 4021 854 4096 Absit,
870 4036 906 4084 ut
923 4025 955 4084 in
973 4024 1129 4123 republica
1146 4023 1291 4127 populari

88 4160 96 4171 ,
117 4094 276 4186 quisquam
287 4116 390 4165 tantus
405 4103 538 4189 exsistat,
550 4105 635 4171 cuius
649 4104 869 4177 intercessione
884 4110 961 4172 alter
976 4113 1130 4192 acceptam
1144 4109 1289 4170 iniuriam

72 4184 247 4262 tolerare
265 4203 407 4279 cogatur,
438 4189 516 4251 alter
535 4189 670 4250 factam⁹
661 4195 785 4273 tmpune
802 4192 885 4255 serat
930 4196 1051 4271 Quodsi
1068 4195 1146 4256 mihi
1164 4194 1291 4256 malesa
1346 4229 1356 4235 -

78 4286 80 4296 ’
108 4290 188 4334 cere
201 4275 324 4351 studes,
347 4273 468 4338 Eubule
484 4263 671 4377 (quanquam
691 4297 769 4362 ego,
788 4279 895 4340 deos
880 4293 996 4356 testor,
1013 4282 1093 4343 hau‘d
1111 4281 1198 4357 scio,-
1215 4289 1295 4365 ιιιισ

113 4358 223 4422 merito
240 4358 349 4449 meo),
366 4360 456 4452 potes
483 4360 525 4424 id
540 4360 661 4442 quidem
689 4375 720 4425 ιι
742 4345 977 4448 rempublicam
977 4367 1074 4450 geris.
1090 4368 1149 4429 sed
1165 4361 1291 4488 legibus
1322 4393 1328 4403 Δ
