2722 4754
358 267 361 273 ¹
443 150 878 273 “oeconomi'ss
925 232 947 242 .-
1003 197 1019 269 j
1178 184 1292 256 '117-

57 356 69 411 “.
95 364 153 424 erat,
168 369 221 431 pro
239 338 603 434 imperioqet'pr'incipatu
617 349 740 411 oculum
754 349 1093 424 exactum-claviculam
1111 352 1248 412 fractam:
1270 357 1329 427 tac

95 436 210 501 ridebam
227 454 332 507 manu,
350 436 432 516 pe'de
449 434 640 507 mutilatum,
654 456 792 514 omnem,
811 457 1022 518 quamcunque
1039 439 1162 498 fortuna
1179 438 1243 498 vel-

96 518 268 601 bicorporis
287 510 409 603 aulerre
428 520 664 601 partem5sacile
683 533 713 580 et
731 521 869 601 expedite
884 522 1036 596 abiicere,
1053 526 1089 584 u't
1106 546 1174 584 cum
1194 545 1242 598 co,
1322 544 1326 548 ·

99 609 161 694 quod
175 603 325 684 reliquum
345 619 437 679 esset,
455 606 608 665 honorate'
622 619 654 666 et
671 605 804 688 gloriose
821 605 944 666 viveret
969 606 1067 690 Atqui
1085 605 1175 669 nemo
1195 610 1240 669 di-

99 715 148 760 cere
162 688 296 763 audebit,
322 690 471 763 decuisse,
490 690 590 750 Pellae
610 692 756 764 educatot
775 691 807 750 in
819 684 940 772 ‘oppido
960 705 990 752 et
1009 696 1141 755 obscuro
1160 694 1238 779 (tum

74 794 84 809 ‘
102 773 208 867 quidem)
226 788 257 835 et
273 796 379 856 parvo,
395 789 509 845 tantam
527 775 644 836 innasci
662 775 754 849 animi
772 775 1022 858 magnitudinem,
1040 795 1075 840 ut
1094 782 1239 841 Graeciae
1298 796 1308 817 ¹

101 864 270 954 principatum
295 874 467 941 expeteret,
492 861 584 942 idque
611 862 653 921 in·
667 861 800 920 animum
825 861 998 922 induceret:
1014 866 1110 940 ,vobis
1137 869 1239 932 autem
1321 861 1331 877 ⁸

56 1000 60 1005 .
101 945 327 1020 Atheniensibus,
353 943 490 1026 quotidie
515 948 546 1006 in
574 947 715 1006 omnibus
735 960 765 1007 ct
789 947 979 1007 orationibus
1007 963 1037 1009 et
1059 955 1239 1031 spectaculis

102 1033 191 1101 virtutis
204 1031 352 1093 maiorum
367 1032 553 1092 monimenta
567 1032 768 1106 intuentibus,
785 1044 898 1092 tautam
910 1032 1011 1094 inesse
1027 1035 1186 1119 ignaviam,
1200 1024 1239 1098 ut
1254 1033 1258 1037 ⁴

103 1112 257 1189 Graecorum
284 1117 456 1178 libertatem
482 1118 563 1178 ultro
586 1120 728 1179 ,volentes
747 1117 888 1200 Philippo
913 1121 1120 1199 proderetis?¹
1138 1121 1237 1182 Nemo
1304 1152 1307 1157 ·

101 1222 141 1280 esc,
151 1203 201 1291 qui
208 1203 248 1265 ita
262 1203 380 1264 sentiat
399 1204 638 1282 Reliquumfuit
652 1205 746 1286 igitur
760 1217 790 1262 et
805 1197 1008 1265 necessarium
1022 1207 1122 1281 simul,
1137 1208 1236 1267 omni·
1269 1198 1297 1281 ’-

100 1297 142 1356 has
158 1291 213 1350 eius
228 1287 414 1361 actionibus,
434 1290 543 1369 quibus
562 1290 702 1350 iniuriam
720 1287 808 1348 vobis
826 1288 964 1363 iaciebat,
982 1292 1061 1352 iuste
1080 1293 1237 1356 adversari.

101 1381 129 1440 ld
140 1373 274 1449 faciebatis
294 1374 331 1432 ab
350 1374 440 1433 initio
461 1396 512 1434 vos
522 1410 537 1447 ,1
555 1373 663 1451 merito
684 1387 768 1434 etex
795 1374 906 1450 officio,
942 1376 1055 1459 Scripsi
1074 1389 1103 1439 et
1122 1390 1188 1461 ego
1207 1373 1238 1462 e't
1253 1384 1262 1423 ='

65 1481 68 1485 '
102 1459 220 1530 consului,
237 1458 348 1538 quibus
364 1460 396 1518 in
410 1459 565 1540 republica
584 1460 724 1522 versabar
740 1456 1146 1541 temporibus:·faae0r.'sed
1163 1463 1236 1544 quid
1258 1530 1259 1535 η

62 1614 69 1623 ,
96 1544 215 1610 luitmibi
226 1543 418 1624 iaciendum?
437 1548 498 1604 lam
514 1546 595 1605 enim
611 1558 641 1605 te
654 1546 827 1627 interrogo:
846 1548 971 1633 caeteris
985 1550 1126 1610 omnssms
1143 1549 1236 1609 omis-
1327 1565 1331 1573 ‘

98 1637 140 1706 tis,
153 1629 336 1711 Amphipoli,
362 1631 484 1713 Pydna,
496 1631 682 1709 Potidaea,
696 1631 870 1692 Haloneso:
896 1634 1009 1693 nullius
1029 1634 1139 1694 horum
1156 1635 1234 1695 facio

86 1717 261 1783 mentionem.
297 1715 443 1789 Serrium,
461 1716 623 1776 Do‘riscum
643 1715 726 1790 item,
746 1729 776 1776 et
793 1718 955 1799 Peparethi
972 1720 1182 1793 vastationem,
1201 1730 1239 1779 ac'

68 1836 74 1850 ¹
96 1817 200 1868 caeteras
218 1801 281 1861 eius
299 1800 485 1883 reipublicae
504 1815 626 1862 nostrae
643 1803 736 1879 lactas
754 1801 898 1881 iniurias,
916 1825 972 1865 nec
990 1818 1092 1864 utrum
1112 1805 1234 1866 exstite-

69 1916 77 1973 .'
94 1893 153 1962 rint,
168 1888 233 1949 novi
249 1886 310 1968 (Tu
330 1900 430 1947 autem
450 1888 567 1960 dixisti,
585 1908 651 1961 me,
676 1892 728 1966 qui
740 1886 796 1948 ¹illa
816 1889 975 1961 dixissem,
993 1890 1140 1971 populum
1159 1891 1239 1955 oncl

93 1988 155 2038 ras'se
171 1971 344 2033 inimicitiis:
374 1995 441 2032 cum
461 1973 511 2032 illa
537 1974 656 2033 decreta
674 1972 803 2046 Eubuli,
827 1973 1057 2055 Aristophontis
1078 1988 1108 2034 et
1124 1975 1241 2056 Diopi-¹
1308 2009 1331 2056 '.

41 2114 43 2129 ,
91 2063 138 2124 this
153 2059 216 2132 sint,
232 2079 295 2119 uon
313 2080 400 2129 mea,
420 2080 437 2117 ο
456 2059 561 2131 homo,
580 2058 631 2138 qui
648 2066 774 2128 temere,
792 2061 937 2138 quiequid
951 2061 982 2119 in
993 2060 1122 2131 buccam
1140 2080 1233 2132 vene,-

41 2142 43 2147 ’
92 2149 131 2221 rit,
139 2142 409 2226 'cliutias):'neque·
422 2167 504 2204 nunc
523 2145 559 2203 iis
579 2146 615 2203 'dc
634 2145 724 2204 rebus
743 2144 848 2204 dicam.
867 2146 908 2204 At
925 2145 986 2218 ille,
1006 2147 1058 2226 qui
1075 2144 1262 2213 Euboeam‘*

41 2286 43 2293 ,
94 2231 268 2302 abalienabat,
294 2243 420 2310 eamque
439 2233 475 2289 ad
495 2223 733 2312 oppuguandam
745 2229 876 2290 Atticam
895 2231 1078 2292 muniebat:
1096 2231 1148 2312 qui
1167 2233 1231 2290 Me-

93 2339 147 2402 gara
161 2316 330 2376 invadebat:
349 2315 402 2394 qui
421 2314 536 2375 Oreum
556 2316 736 2397 occupabat:
762 2316 815 2399 qui
833 2312 1011 2376 Porthmum
1031 2317 1231 2377 suffodiebat:

92 2405 134 2485 qui
154 2400 474 2462 uorei'Pnitistidem
500 2415 663 2485 tyrannum
692 2415 722 2461 et
744 2401 879 2461 Eretriae
905 2400 1090 2463 Clitarchum
1117 2402 1231 2463 consti-

50 2515 75 2540 κ
91 2489 188 2550 tuebat:
206 2487 255 2566 qui
269 2487 505 2568 Hellespontum
522 2487 699 2570 subigebat:
719 2487 772 2567 qui
783 2480 964 2572 Byzantium
984 2488 1159 2549 obsidebat:
1172 2487 1231 2567 ,qui

92 2576 248 2641 Graecarum
265 2572 389 2632 urbium
408 2573 479 2635 alias
498 2573 663 2645 evertebat,
681 2573 713 2632 in
728 2574 802 2632 'alias
823 2575 924 2632 exules
938 2574 1122 2644 reducebat:
1141 2594 1230 2632 num·
1255 2649 1257 2653 ἲ
1284 2604 1287 2610 -

51 2672 59 2695 ·'
90 2661 153 2740 quid
166 2646 352 2740 in'omnibus
374 2659 498 2740 agendis
522 2658 627 2738 inique
653 2658 782 2729 iaciebat
800 2672 831 2718 et
844 2658 956 2718 foedus
971 2660 1113 2719 violabat
1132 2671 1162 2718 et
1179 2679 1231 2739 pa-

45 2780 48 2785 ·
91 2765 148 2825 cem
162 2745 350 2816 solvebatsau
362 2744 448 2804 nou?
466 2747 574 2803 Utrum
584 2742 774 2802 'Graecorum
793 2744 925 2823 aliquem
944 2746 1088 2804 exsistere
1107 2756 1231 2824 oporte-

42 2880 48 2887 .
89 2831 141 2904 bat,
157 2831 203 2910 qui
215 2831 260 2888 illa
273 2829 462 2910 prohiberet,
481 2829 600 2889 necue?
618 2829 694 2886 Nam
709 2828 734 2886 si
749 2823 813 2887 uon
831 2829 977 2909 oportuit,
996 2831 1049 2889 sed
1064 2829 1239 2891 conniven.
1299 2840 1304 2854 ¹

89 2917 149 2976 dum
164 2915 222 2989 fuit,
239 2915 386 2996 ut,'qu0d
406 2913 534 2987 dicitur,
553 2915 709 2997 Mysorum
729 2910 838 2994 praeda
858 2915 985 2974 Graecia
1002 2915 1113 2987 fieret,
1126 2914 1230 2974 vivcn-
1312 2930 1316 2937 ·

88 3001 155 3069 tibus
171 3013 197 3060 et
212 2998 686 3081 superstitibusAtheniensibus,
704 3020 958 3079 supervacaneum
975 3013 1005 3060 et
1019 3022 1075 3082 ego
1095 2999 1230 3069 laborem
1282 3060 1292 3081 s

89 3086 151 3167 cepi,
165 3085 210 3164 qui
225 3086 336 3146 talibus
353 3086 390 3145 de
406 3084 499 3152 rebus
514 3084 606 3144 verba
620 3083 759 3144 fecerim:
778 3105 1032 3165 supervacaneum
1048 3085 1183 3144 laborem
1200 3096 1230 3141 et

88 3158 230 3250 respublica
244 3171 336 3252 cepit,
359 3193 436 3252 quae
450 3170 525 3229 mihi
538 3169 687 3250 paruerit:
703 3176 740 3229 ‘ea
752 3191 836 3243 vero,
850 3170 1013 3250 quaefacta
1027 3184 1108 3245 sunt,
1128 3165 1249 3246 omnia¹

88 3256 177 3318 delicta
191 3270 221 3336 et
240 3256 347 3329 errat'a,
365 3279 431 3316 mea
442 3269 549 3315 sunto.
575 3254 780 3334 Simaliquem
800 3277 865 3316 esse
884 3255 996 3327 decuit,
1015 3257 1066 3336 qui
1084 3254 1229 3339 prohibe4
1279 3272 1284 3288 ¹
1326 3321 1328 3327 Ι

55 3398 60 3406 ,
87 3353 139 3413 ret,
160 3362 314 3421 quemnam
334 3363 403 3401 eum
421 3341 530 3417 alium,
550 3363 639 3420 quam
656 3341 807 3420 populum
822 3340 1052 3412 Atheniensem,
1071 3361 1137 3400 esse
1156 3361 1230 3405 con-

88 3426 223 3488 veniebat?
258 3431 342 3488 Haec
360 3428 455 3509 igitur
471 3449 529 3509 ego
548 3439 621 3487 tenc
640 3421 864 3499 administravi,
888 3441 930 3499 et,
948 3447 1016 3485 cum
1035 3427 1072 3486 ab
1092 3448 1129 3486 eo
1143 3442 1231 3494 mor<
1251 3425 1314 3482 159

87 3511 148 3571 tales
162 3533 260 3589 omnes
280 3513 411 3596 opprimi
429 3514 573 3572 servitute
590 3511 744 3584 viderem,
759 3508 935 3574 adversatus
954 3533 1041 3584 sum,
1058 3524 1123 3571 tum
1142 3508 1228 3591 prae-

45 3614 51 3637 ’
84 3597 202 3672 dicendo,
218 3607 285 3659 tu'm
303 3601 471 3672 monendo,
488 3620 526 3658 nc
547 3621 580 3658 ea
598 3598 741 3678 Philippo
760 3592 881 3657 licentia
900 3600 1028 3658 daretur.
1062 3596 1158 3679 Atqui
1176 3617 1228 3677 pa-

83 3688 136 3742 cem
150 3684 196 3743 ille
214 3686 318 3757 solvit,
335 3684 462 3745 navibus
482 3684 592 3765 captis:
610 3705 674 3744 non
693 3695 796 3744 nostra
816 3682 937 3755 civitas,
956 3681 1129 3743 Aeschine..
1144 3682 1228 3741 vPro-

82 3767 119 3827 ser
133 3769 187 3849 ipsa
205 3771 328 3831 decr‘eta
348 3784 378 3830 et
401 3769 502 3830 literas
521 3769 669 3851 Philippi,
696 3782 725 3829 et
744 3765 837 3829 recita
865 3768 979 3829 ordine.
1016 3767 1091 3827 Nam
1110 3764 1184 3826 haec
1203 3767 1228 3826 si

81 3855 312 3917 considerentur:
338 3855 406 3938 quis'
431 3855 516 3917 cuius
534 3855 579 3927 rei
597 3855 637 3918 sit
662 3867 784 3928 auctor,
811 3853 1004 3939 perspicuum
1029 3850 1088 3912 {teu
1124 3851 1228 3912 Recita
1306 3870 1323 3933 ᾗ

79 3939 224 4003 decretum.

320 4069 325 4075 ’
425 4080 429 4085 ”
497 4095 800 4165 necueuum

101 4229 106 4236 ·
147 4200 291 4261 Praetore
306 4200 430 4276 Neocle,
445 4198 549 4263 mense
566 4200 681 4273 Sextili,
700 4200 822 4261 indictis
837 4223 853 4260 a
868 4189 996 4261 ducibus
1010 4201 1152 4275 comitiis,
1166 4203 1228 4261 liu-
1287 4259 1289 4265 ,

75 4280 170 4358 bulus,
187 4286 353 4347 Mnesithei
370 4289 466 4359 lilius,
487 4285 640 4371 Cyprius,
654 4287 744 4349 dixit:
774 4288 975 4365 Posteaquam
987 4287 1136 4363 ducesin
1155 4308 1228 4348 con·
1292 4313 1316 4369 s·

73 4364 152 4431 cione
176 4373 362 4455 retulerunt,
378 4368 629 4434 'Leodamantem
654 4372 835 4435 nauarchum
855 4383 892 4432 ct
905 4372 1006 4464 =missa
1031 4393 1099 4432 cum
1123 4386 1160 4432 co
1179 4369 1228 4428 vi·
1256 4402 1262 4413 κ
