2722 4754
36 143 39 146 ’
128 163 172 246 es
214 208 218 219 .
501 169 896 272 nenosrnnnts
943 132 970 157 ⁵

134 339 339 422 sperationem
363 333 532 404 inliciunt„
555 332 720 418 Postquam
744 356 817 396 vero
843 336 917 397 haec
942 337 1136 412 sustuleritis,
1163 354 1195 402 et
1226 342 1306 402 viam

85 447 88 453 ¹
134 415 447 506 optima'co'nsuleri'di
464 430 561 479 tutam
584 419 799 500 praebueritis:
832 418 978 503 turn'qui
1004 443 1037 482 ea
1062 424 1193 501 scribat,
1226 447 1305 507 quae

77 562 80 571 ,
134 531 241 571 ornnes
261 530 277 568 e
301 505 456 587 republica
482 525 548 565 csse
566 505 660 582 sqitis,
688 507 866 586 quaeritote.
910 509 1089 588 Priusquam
1108 524 1209 570 autem
1229 512 1306 573 haec

87 633 91 643 .
132 608 197 656 acta
212 595 288 666 sint,
307 591 539 672 circumspicite,
558 592 715 670 quisnam·
725 594 803 653 dum
813 591 901 653 vobis
917 593 1032 674 optime
1047 597 1196 670 consulat,
1214 617 1231 656 a
1247 617 1304 657 vo-

132 681 188 742 bis·
207 678 332 740 interire
359 676 443 738 velit:
463 678 631 738 neminem.
646 671 733 737 'euim
755 678 933 761 reperietis..
955 680 1149 761 praesertim,
1161 718 1167 726 .
1179 704 1249 741 cum
1273 681 1304 741 id

61 830 64 835 ,
96 808 106 841 ,
132 768 228 827 unum
247 759 335 823 exeo
354 762 491 823 futurum
506 763 558 834 sit,
575 775 619 835 ut,
639 763 741 843 etqui
760 784 794 823 ea
812 764 921 824 dixerit
931 786 963 824 ac
974 764 1137 845 scripserit,
1156 766 1304 847 periniu-

66 902 69 922 ,
108 848 207 921 ¹riom
225 836 399 929 muletetur,
432 869 489 908 nec
506 848 598 908 rebus
617 849 777 927 quicquam
798 852 986 909 consulatur:
1029 852 1081 909 sed
1101 851 1215 930 optima
1234 872 1304 911 sua-

113 929 380 997 dendistudium
403 930 502 1015 m'agis·
519 933 606 992 etiam
626 934 842 1013 inposterum,
870 957 1059 1015 quamnunc
1079 948 1135 1008 est,
1158 938 1307 997 reddatur

132 1021 347 1109 periculosum.
397 1019 442 1078 Ac
460 1020 676 1099 postulandum
696 1033 752 1092 est,
775 1031 811 1079 ut
830 1040 877 1080 eas
897 1021 990 1102 leges
998 1020 1147 1103 abrogent
1164 1022 1216 1080 isti
1235 1021 1305 1102 ipsi,

134 1106 188 1187 qui
204 1104 350 1165 tulerunt
381 1104 385 1111 ’
404 1104 474 1162 Non
494 1105 575 1163 enim
593 1117 799 1183 aequumest,
817 1105 923 1186 gratia,
942 1127 1018 1184 quac
1036 1119 1132 1166 totam
1151 1107 1305 1166 civitatem

80 1242 81 1246 1
133 1186 240 1263 laesit,
265 1191 334 1249 illos
359 1189 519 1269 frui-,qui
537 1203 602 1249 tum
619 1190 770 1250 tulerunt:
801 1191 906 1249 odium
925 1203 1042 1262 autem,
1060 1192 1304 1271 per-quodcum
1349 1263 1353 1267 Ι

95 1296 101 1303 ·
135 1273 383 1338 omnibusnobis
402 1274 509 1333 melius
528 1287 678 1356 ageretur,
698 1275 736 1348 ei,
763 1275 815 1355 qui
839 1297 920 1334 nunc
943 1276 1057 1355 optima
1080 1277 1228 1349 suaserit,
1258 1296 1304 1347 es-¹

88 1432 90 1436 4
136 1359 300 1435 seysrrudi.
349 1359 655 1439 Priusquam'autem
674 1360 748 1419 haec
764 1360 824 1419 rite
843 1373 1013 1439 comparata
1030 1360 1158 1420 luerint:
1187 1380 1304 1441 nequa-

136 1441 239 1527 quam,
253 1443 469 1523 Athenienses,
487 1445 566 1524 apud
581 1464 635 1507 vos
652 1465 825 1523 quenquam
838 1431 938 1505 velitis
948 1465 1021 1521 esse
1034 1458 1163 1517 tantum,
1181 1458 1226 1518 ut,
1243 1444 1305 1504 his-

35 1536 37 1546 '
69 1522 78 1611 ἰ
100 1553 171 1615 ,οε
189 1529 310 1613 legibus
328 1549 345 1587 a
363 1528 674 1607 se*uiolatis,-poenas
693 1551 757 1589 non
776 1531 839 1589 det:
865 1541 923 1607 sut
935 1531 1011 1589 adeo
1030 1531 1202 1602 vecordem,
1219 1542 1256 1589 ut
1273 1533 1305 1590 in

99 1630 103 1637 ‘
138 1616 262 1699 evidens
280 1613 391 1673 malum
410 1613 572 1694 semetipse
591 1613 740 1681 coniiciat.
783 1615 867 1691 Quin
885 1635 942 1674 nec
960 1614 1036 1673 illud
1054 1614 1141 1674 vobis
1160 1610 1323 1698 ignora'n-¹

19 1762 23 1775 ,
98 1694 284 1777 ἆιιηι εεῑ,
317 1696 533 1780 Athenienses,
568 1699 688 1758 decreta
706 1699 905 1759 nulliusesse
924 1700 1082 1772 momenti,
1118 1700 1178 1759 uisi
1197 1713 1229 1759 et
1246 1700 1307 1760 hoc
1335 1695 1353 1723 ⁵

88 1855 90 1859 Α
137 1784 308 1859 accesserit,
325 1795 360 1841 ut
379 1803 429 1858 ea,
442 1804 519 1863 quae
537 1785 748 1858 decernantur,
775 1795 831 1843 nos
850 1784 989 1867 alacriter
1005 1784 1105 1859 facere
1124 1781 1309 1844 studeamus

136 1872 213 1947 Nam
239 1869 264 1929 si
289 1889 353 1931 eam
378 1868 441 1949 vim
460 1871 579 1930 decreta
597 1869 755 1941 haberent,
787 1881 822 1928 ut
839 1878 962 1929 aut‘vos
982 1870 1019 1929 ad
1038 1870 1174 1930 officium
1192 1870 1306 1929 facien-

90 1953 94 1957 *
139 1953 426 2034 dumcompellere,
450 1947 564 2027 autea,
584 1976 659 2033 quae
679 1955 848 2026 continent,
875 1955 1020 2034 perficere
1038 1968 1178 2035 possent:
1205 1974 1306 2034 neque
1334 1964 1336 1972 '

95 2100 99 2118 ‚
126 2059 203 2116 gvos,
226 2039 320 2099 multa
340 2041 542 2113 decernendo,
566 2061 658 2118 pauca
677 2040 725 2117 uel
744 2039 822 2099 nihil
838 2039 941 2122 potius
961 2058 1067 2098 eorum
1086 2041 1227 2122 ageretis,
1252 2061 1307 2098 ne-

137 2121 197 2206 que
216 2123 373 2205 Philip‘pus
391 2137 453 2184 tam
472 2124 524 2184 diu
543 2144 574 2184 se
593 2124 762 2184 insolenter
779 2119 930 2205 gessisset
965 2125 1072 2205 Neque
1084 2126 1169 2184 enim
1184 2125 1307 2205 perde-

58 2205 61 2211 ’
102 2239 110 2247 ·
138 2224 220 2271 creta
239 2206 362 2290 quidem
381 2209 524 2288 stetisset,
556 2231 616 2290 quo
636 2210 828 2269 minus‘blim
845 2230 960 2291 poenas
979 2210 1119 2270 dedisset
1164 2209 1229 2281 Sed
1243 2229 1308 2269 non

86 2299 90 2307 ’
123 2296 180 2367 ”ita
195 2296 269 2355 haec
289 2314 321 2354 se
336 2294 456 2354 habent.
473 2365 475 2369 ¹
491 2294 638 2355 Actiones
648 2294 729 2358 enim
744 2294 978 2355 utorationibus
990 2307 1020 2354 et
1034 2294 1186 2378 suffragiis
1199 2295 1309 2354 ordine

83 2377 100 2403 ‘⁴
137 2380 324 2463 posteriores
343 2393 425 2452 sunt,
457 2380 499 2439 ita
517 2381 547 2439 vi
565 2380 682 2459 priores
702 2392 732 2438 et
750 2379 895 2459 potiores.
938 2379 1006 2438 Hoc
1025 2379 1119 2460 igitur
1137 2381 1336 2461 adiungens

87 2464 98 2474 ”
139 2466 290 2531 dum-est:
320 2463 441 2543 reliqua
455 2478 574 2544 praesto
594 2478 672 2525 sunt
707 2466 782 2524 Nam
802 2465 856 2543 qui
873 2465 1041 2545 prudenter
1059 2465 1159 2532 dicere
1178 2464 1311 2545 possint,
1331 2473 1342 2525 s

67 2586 69 2590 ·
139 2562 212 2610 sunt
229 2551 309 2631 apud
327 2570 398 2622 vos,
430 2549 649 2609 Athenienses:
685 2563 716 2609 et
734 2550 871 2609 omnium
887 2549 1061 2609 acutissime
1079 2571 1133 2610 vos
1153 2550 1310 2609 orationes

77 2636 119 2695 22
140 2635 328 2718 intelligitis,
363 2646 453 2712 atque
478 2636 555 2694 adeo
579 2635 703 2720 exsequi
728 2656 809 2694 nunc
834 2635 992 2715 poteritis,
1026 2635 1163 2695 sirecte
1184 2628 1330 2695 facietis(

142 2721 235 2803 Quod
261 2719 340 2778 enim
366 2731 497 2799 tempuS,
530 2741 656 2800 quamve
676 2719 876 2793 occasionem,
907 2718 1136 2801 Athenienses„
1150 2715 1312 2780 meliorem

141 2805 197 2865 bac
211 2803 373 2884 quaeritis?
391 2817 444 2863 aut
462 2807 583 2883 quando
601 2826 644 2878 ea,
661 2826 738 2885 quae
755 2805 823 2864 fieri
839 2804 961 2877 debent,
980 2805 1086 2887 agetis,
1103 2806 1130 2864 si
1146 2816 1230 2865 nunc
1244 2825 1311 2864 non

108 2933 112 2937 -
138 2891 254 2973 agetis?
297 2890 409 2949 Nonne
436 2889 537 2948 omnia
564 2890 653 2949 vobis
679 2890 771 2949 homo
800 2887 866 2949 loca
894 2889 1078 2969 praeripuit?
1122 2889 1216 2964 Quod
1233 2889 1261 2948 si
1281 2901 1314 2947 et

140 2975 196 3035 bac
214 2988 293 3035 terra
308 2975 459 3056 potietur,
482 2994 546 3033 rem
564 2973 831 3056 flagitiosissimam
850 2975 1054 3055 admittemus,
1094 2973 1216 3053 Nonne,
1241 2974 1312 3053 qui—

141 3056 208 3133 bus,
227 3060 253 3118 si
271 3057 385 3135 bellum
403 3073 556 3139 gererent,
581 3068 703 3120 strenue
722 3081 778 3118 nos
798 3060 1000 3140 opitulaturos
1020 3058 1248 3142 pollicebamur,
1279 3058 1314 3116 hi

129 3155 223 3204 'nunc
241 3139 330 3204 'bello
349 3144 515 3224 petuntur?
566 3144 678 3203 Nonne
696 3145 792 3204 hostis
812 3145 876 3214 est,p
903 3166 975 3203 non
993 3156 1091 3204 vestra
1108 3144 1213 3206 tenet?
1246 3163 1313 3202 non

141 3228 305 3289 barbarus?
339 3229 412 3308 quid
430 3248 494 3287 non
513 3228 664 3308 denique?
708 3229 786 3302 Sed,
818 3231 918 3289 Deum
936 3229 1157 3303 immortalem,
1192 3229 1218 3287 si
1237 3228 1313 3287 baec

144 3314 245 3374 omnia
263 3311 488 3392 reliquerimus,
507 3324 538 3371 et
556 3314 584 3372 ei
601 3314 720 3372 tantum
738 3333 802 3372 non
821 3315 858 3373 ad
878 3334 911 3373 ea
930 3313 1096 3381 obtinenda
1116 3333 1239 3394 operam
1256 3332 1311 3371 na-

142 3400 324 3460 vaverimus:
343 3410 408 3457 tum
423 3410 562 3457 auctores
581 3398 687 3457 harum
704 3420 806 3458 rerum
824 3399 878 3478 qui
897 3399 967 3472 sint,
986 3400 1190 3480 quaeremus?¹
1202 3398 1313 3476 Neque

143 3484 225 3544 enim
243 3505 299 3543 nos
318 3483 350 3543 in
369 3504 457 3543 causa
477 3503 542 3543 esse
559 3483 735 3543 fatebimur:
768 3483 839 3543 satis
858 3483 918 3544 hoc
937 3504 994 3564 ego
1013 3484 1086 3543 scio.
1134 3484 1212 3543 Nam
1232 3490 1263 3541 et
1282 3482 1314 3559 in

47 3588 53 3597 ²
98 3562 101 3566 ⁴
142 3569 217 3630 belli
235 3568 585 3650 periculisdugientium
607 3581 698 3628 nemo
724 3569 857 3649 seipsum
874 3570 1013 3640 accusat,¹
1037 3569 1175 3632 sedtum
1192 3570 1316 3637 ducem,

143 3666 209 3715 turn
228 3653 479 3726 commilitones,
501 3666 532 3714 et
549 3654 672 3734 quosvis
690 3654 806 3734 potius:
824 3652 875 3711 'ut
896 3652 1093 3712 vincerentur
1109 3665 1229 3723 tamen,
1258 3670 1316 3729 per
1346 3654 1348 3658 ‘

113 3764 116 3769 ’
144 3757 251 3804 omnes
271 3759 322 3797 eos
341 3738 479 3818 prolecto
497 3738 684 3813 factumest,
719 3738 772 3819 qui
789 3737 961 3819 ingerunt„
984 3739 1115 3805 [Manere
1134 3737 1216 3800 eninr
1234 3735 1314 3794 licu-

83 3828 86 3832 ’
144 3823 218 3885 isset
237 3823 274 3896 ei,
298 3825 350 3903 qui
368 3824 443 3884 alios
461 3837 588 3885 accusat
624 3825 717 3899 Quod
735 3823 761 3882 si
778 3821 914 3899 iacerent
931 3821 1056 3904 singuli,
1081 3821 1233 3889 vicissent.
1269 3822 1315 3891 lta

109 3965 114 3985 ὲ
143 3928 227 3968 nune
245 3929 308 3967 non
327 3911 433 3969 suadet
450 3908 558 3988 aliquis
577 3909 709 3990 optima?
742 3921 845 3990 surgat
862 3909 937 3969 alius
957 3920 988 3966 et
1013 3905 1210 3973 sententiam¹
1223 3903 1316 3975 dicat,

144 4012 209 4054 non
228 3993 313 4053 illum
332 3994 517 4055 criminetur.
551 3993 640 4054 Alius
659 3993 807 4074 quispiam
819 3993 950 4054 meliora
970 3989 1063 4050 dicit?
1082 4011 1116 4049 ea
1134 3989 1236 4061 facite,
1255 3987 1314 4047 diis

145 4078 389 4158 approbantibus.
423 4078 467 4139 At
484 4099 519 4153 ea
537 4080 669 4143 iucunda
685 4099 750 4143 non
768 4079 858 4140 sunt?
876 4070 939 4138 non
955 4076 1030 4136 haec
1044 4075 1104 4135 iam
1118 4073 1247 4134 dicentis
1268 4084 1316 4131 est

145 4163 270 4223 iniuria:
295 4164 364 4237 nisi,
383 4186 451 4225 cum
469 4176 541 4224 vota
558 4176 660 4224 essent
676 4162 822 4236 facienda,
839 4182 903 4224 non
921 4162 1000 4222 fecit
1040 4160 1116 4222 Nam
1135 4159 1227 4240 paulo
1246 4176 1313 4217 mo-
1338 4176 1341 4182 ·

145 4261 250 4309 mento
267 4249 425 4330 temporis‘,
458 4249 569 4320 omnia,
599 4248 632 4307 in
649 4241 906 4332 unumtinquam
923 4247 1034 4306 fascem
1053 4245 1205 4327 colligata,
1226 4259 1314 4321 quae

146 4329 231 4409 velis,
253 4332 359 4416 optare
376 4333 465 4417 facile
484 4345 543 4394 est:
568 4332 710 4412 amplecti
727 4335 840 4417 autem,
853 4352 932 4392 eum
950 4333 988 4392 de
1006 4326 1313 4414 negotiisoonsulta·
