2722 4754
601 78 612 109 ι
702 59 704 63 .

90 139 355 290 -sts¹
270 173 296 182 ”
412 179 1029 307 ouuosrunntsonamo·
1098 170 1105 191 ‘

33 360 42 381 ‘⁸
130 359 250 410 tantum
274 345 388 421 abfuit,
412 359 449 406 ιιι
466 319 594 430 Cotym,
621 367 710 427 quern
730 368 818 406 suum
843 331 989 428 impetum
1016 367 1078 406 non
1102 347 1309 408 toleraturum

131 435 307 516 scripserat,
332 432 514 506 invaderet,
550 445 609 492 autl
630 435 667 493 ad
695 426 920 492 Chersonesum
940 435 1189 513 recuperandam
1219 433 1309 495 vobis

55 515 60 534 '
95 530 108 543 ⁹
131 521 308 621 adiumento
328 530 425 592 essct,
447 531 497 592 ut,
521 519 622 577 denuo
642 541 695 578 sua
711 539 805 598 opera
825 515 916 604 Cotyi
935 520 1076 578 mercede
1095 519 1209 596 locata,
1236 519 1309 580 reli-

30 604 33 609 ’
68 615 71 619 “
132 627 206 687 quas
223 617 336 665 vestras
355 603 474 682 urbes,
484 600 653 684 Crithotam
672 615 703 663 et
720 604 900 678 Eleuntem
920 605 1082 664 obsideret.
1112 605 1193 665 Eum
1212 603 1308 687 poi-ro

131 693 224 767 hacc,
258 691 330 749 dum
349 689 473 750 adbuc'
465 713 497 749 ιιι
514 674 587 748 Asia
606 701 670 748 erat
689 701 720 748 et
738 647 900 770 epistolarii
916 691 952 749 ad
971 711 1024 750 vos
1044 690 1203 765 mittebat,
1239 713 1309 750 cum

131 775 317 838 contrarium
335 777 434 836 facere
454 774 686 846 decrevisset,
689 795 744 856 per
757 775 897 857 fraudem
916 776 1024 834 advos
1044 736 1275 857 decipiendos
1266 799 1309 838 aa·

38 865 40 868 ’
132 876 245 936 ctassc,
272 883 308 922 ex
332 863 396 922 eius
423 873 459 940 ιιι
481 860 554 919 Asia
577 859 705 919 traiectu
731 851 931 942 cognoscetis.
974 861 1050 920 Nam
1055 861 1205 946 Abydo,
1231 863 1308 923 urbe

20 938 47 959 ”
108 961 302 1032 ‘perpetuo
298 947 413 1008 vobis
403 945 542 1018 mimica,
569 956 599 1004 et
616 938 699 1005 unde
719 956 804 1005 erant
821 945 871 1019 bi,
898 945 1089 1027 qu1.Sestum
1111 962 1308 1030 occuparant,

132 1036 254 1096 Sestum
282 1032 419 1105 transiit,
438 1053 527 1111 quam
545 1026 640 1112 Cotys
666 1018 816 1090 tenebat
841 1031 886 1091 Ne
896 1052 978 1098 vero
996 1032 1128 1112 putetis,
1152 1034 1201 1094 vel
1216 1032 1304 1134 Aby-

40 1124 51 1193 ’,
132 1101 228 1182 denos
245 1139 317 1219 eum
334 1112 428 1178 fuisse
446 1129 641 1197 recepturos,
659 1104 710 1176 vel
725 1116 860 1190 Sestios,
883 1118 973 1177 missa
991 1119 1101 1178 advos
1119 1120 1171 1179 illa
1190 1119 1306 1201 episto-

28 1234 37 1282 3
130 1208 176 1281 la,
195 1204 255 1284 nisi
267 1204 389 1263 conscit
379 1202 551 1275 'fuissent,
574 1214 640 1262 tum
659 1223 728 1262 eum
748 1201 845 1285 egisse
862 1202 995 1276 fraude
1004 1216 1035 1262 et
1051 1203 1163 1265 illius
1154 1219 1304 1287 rmpostu-

55 1291 77 1334 ἰ
130 1303 194 1353 rain
213 1288 271 1372 ipsa
262 1288 497 1362 adiuvissent,
511 1287 542 1346 id
561 1288 734 1362 studentes,
752 1301 788 1347 ut
804 1246 1029 1357 transmitteirdl
1048 1291 1200 1350 exercitus
1220 1306 1305 1352 secu-

36 1391 38 1396 ’
130 1376 253 1438 ritatem
269 1385 324 1437 'vos
344 1375 373 1434 ei
391 1374 642 1456 suppeditaretis,
674 1373 729 1432 ubi
745 1395 818 1433 vero
836 1374 994 1434 transisset
1016 1374 1062 1475 (id
1081 1377 1166 1455 quod
1185 1375 1306 1450 accidit,

77 1511 95 1526 f
131 1458 209 1524 facta
234 1461 279 1521 illi
304 1481 361 1542 per
377 1459 561 1529 Artabazum
586 1458 780 1518 discedendi-
786 1457 967 1541 potestate),
993 1472 1029 1520 ut
1046 1461 1105 1540 ipsi
1130 1460 1308 1522 fruerentur

133 1545 409 1609 commoditatibus
452 1544 563 1604 Haec
553 1557 594 1604 tta
613 1566 645 1604 se
663 1545 791 1619 habere,
811 1566 846 1604 ex
865 1545 1001 1628 epistolis
1020 1546 1224 1630 intelligitur,
1241 1559 1327 1614 tum·

27 1637 31 1641 ’
132 1655 183 1709 ea,
200 1654 302 1733 quam
308 1631 360 1692 ille
369 1631 471 1706 misit,
488 1643 554 1690 tum
571 1630 619 1704 iis,
638 1638 711 1711 quas
729 1626 881 1712 principes
900 1628 1167 1697 Chersonesitani.¹
1175 1632 1290 1693 Recita

555 1754 964 1866 nr1sroLAE.‚

186 1866 377 1972 Cogitate,
401 1887 484 1946 unde
503 1886 672 1947 transierit:
701 1884 814 1970 Abydo
834 1886 962 1947 Sestum.
1006 1854 1164 1968 Numquid
1184 1866 1308 1969 putatis,

83 2013 86 2021 ·
131 1975 314 2060 Abydenus
319 1985 373 2032 aut
389 1971 505 2032 Sestius
525 1982 594 2031 eum
612 1973 707 2032 fuisse
724 1984 921 2054 recepturos,
939 1973 1008 2034 nist
990 1973 1130 2033 fraudis
1150 1972 1306 2034 adiutores

52 2109 56 2115 .
130 2062 271 2133 luissent,
289 2068 358 2120 cum
377 2059 483 2119 advos
498 2057 656 2138 epistolam
675 2056 828 2118 mitteret?
846 2059 995 2119 Recita
968 2080 1010 2119 ers
1025 2052 1211 2140 epistolam
1199 2080 1306 2140 ipsam.

131 2151 196 2208 Vos
214 2166 311 2218 vero,
304 2142 532 2216 Athenienses,
550 2155 693 2225 spectate,
712 2165 802 2222 quam
820 2143 966 2218 immensa
976 2145 1019 2204 de
1033 2165 1099 2221 sese
1114 2144 1152 2203 ad
1163 2165 1218 2205 ros
1237 2146 1304 2224 ipse

23 2309 25 2315 ι
120 2232 296 2334 scripserit,
314 2249 346 2289 se
365 2229 551 2304 collaudans,
568 2238 599 2290 e't
617 2229 674 2288 alia
691 2228 800 2288 iecisse
819 2216 970 2303 dictitans,
988 2230 1045 2290 alia
1063 2230 1215 2315 facturum
1233 2249 1307 2310 pro

42 2334 43 2339 ’
130 2318 263 2379 mittens
306 2311 419 2376 Recita.

38 2436 164 2545 ‘⁴2⁸‘ss
347 2450 477 2521 U„
520 2496 526 2508 „
574 2414 862 2516 celerose.

217 2572 374 2659 Praeclara
387 2552 470 2631 certe
485 2568 648 2671 (ιιοιιιιιῗ),
661 2564 877 2650 Athenienses,
896 2589 940 2642 ea,
958 2590 1036 2649 quae
1052 2546 1184 2650 scripsit,
1194 2569 1225 2628 si
1238 2589 1306 2630 vera

26 2714 33 2727 .
67 2662 69 2668 ’
131 2669 249 2732 essent,
274 2677 413 2739 magnam
431 2657 557 2739 gratiam
575 2637 777 2716 merebantur.
820 2656 933 2721 Tunc
924 2676 1015 2729 vero,
1045 2677 1114 2715 cum
1132 2654 1216 2715 nulla
1233 2675 1304 2735 spes

21 2766 22 2773 ¹
70 2806 72 2809 ,
112 2741 264 2807 ιιὀειιιιιι
284 2755 382 2815 esset,
398 2742 436 2802 ad
453 2763 508 2801 vos
529 2724 724 2822 decipiendos
743 2740 794 2799 illa
813 2739 939 2821 scripsit
980 2734 1150 2848 Postquam
1168 2761 1243 2800 vero
1260 2738 1317 2803 la·⁴

96 2881 98 2886 .
132 2843 215 2892 ctum
231 2786 428 2902 luitfredus,
445 2826 548 2901 recita,
567 2847 644 2907 quae
660 2825 828 2922 fecerit
1279 2848 1286 2857 ’

214 3017 217 3021 .
303 3023 305 3028 ,
375 2972 735 3051 7ΤΕὸΤΙῙιΙΟΝΙῙΗιῙ
769 2977 1040 3021 FACTORUM.

122 3072 136 3156 J
218 3079 324 3143 Cum'
314 3080 409 3165 agitur
423 3055 634 3163 Charidemus
636 3103 669 3141 se
686 3081 802 3143 vohis
792 3046 899 3141 aniissa
918 3079 1029 3180 oppida
1046 3050 1209 3140 restituere
1227 3077 1302 3139 velle

58 3208 60 3210 ·
132 3170 173 3232 sit
189 3167 361 3250 pollicitus.
383 3166 525 3249 princeps
544 3163 698 3226 Crithotes
718 3167 849 3240 asserit,
860 3174 899 3225 ed
916 3165 1044 3225 traiecto
1055 3160 1267 3248 gravioribus
1272 3160 1326 3224 se*

122 3253 274 3338 periculis
291 3253 483 3312 fortunarum
501 3251 638 3312 omnium
658 3251 849 3314 conflictatos
867 3258 950 3324 ess'e,
969 3272 1060 3362 quam
1078 3251 1171 3333 prius.
1213 3251 1304 3332 Lege,

38 3370 40 3376 r
132 3353 223 3420 atque
243 3359 280 3399 ex
291 3338 353 3398 alia
372 3337 525 3465 epistola
517 3358 582 3398 rem
607 3338 743 3398 ostende.

553 3488 862 3564 ΕΡΙδΤΟΙιΑ.

28 3665 31 3668 ,
148 3587 152 3617 ’
217 3593 353 3666 Videtis,
371 3593 436 3653 rem
454 3571 491 3652 ab
511 3592 595 3652 omni
611 3604 708 3672 parte
702 3593 902 3659 confirmari:
915 3614 1015 3671 eum,
1032 3586 1212 3654 transmisso
1231 3589 1306 3669 Hel
1322 3627 1325 3631 ›

39 3754 45 3759 f
128 3680 293 3761 'lesponto,
317 3700 381 3737 non
401 3690 505 3738 contra
525 3674 654 3761 Cotym,
680 3678 733 3738 sed
752 3691 857 3738 contra
881 3699 941 3738 vos
957 3700 1024 3737 cum
1044 3678 1097 3737 illo
1118 3696 1184 3736 esse
1197 3661 1309 3757 prose-

21 3779 42 3846 .'
110 3778 113 3782 ’
134 3776 223 3827 ctum.
257 3762 336 3846 Age,
353 3762 422 3845 lege
440 3763 515 3826 mihi
534 3761 610 3823 hanc
628 3764 723 3823 solam
742 3761 917 3844 epistolam,
935 3763 1061 3844 reliquis
1081 3761 1209 3823 omissis
1246 3761 1307 3822 lam

134 3849 215 3947 enim
233 3848 403 3931 perspicitis
422 3848 577 3922 nimirum,
592 3849 755 3929 quomodo
774 3849 860 3909 vobis
878 3850 983 3909 sucum
999 3848 1115 3909 fecerit.
1134 3843 1249 3907 Recita.

501 4032 508 4042 .
569 3990 862 4045 E.PlSTOLA

87 4156 89 4168 ,
110 4172 112 4177 ,
219 4102 305 4163 Satis
324 4099 486 4204 Cogitate,
494 4114 563 4163 cum
572 4103 755 4204 scripsisset
769 4125 806 4164 se
820 4103 906 4187 uobis
921 4100 1148 4165 Chersonesum
1166 4101 1306 4163 redditu·
1317 4116 1320 4127 ’

63 4257 65 4264 .
132 4208 211 4262 rum,
228 4187 326 4249 locata
339 4189 446 4249 vestris
464 4188 596 4249 inimicis
609 4209 700 4270 opera
712 4189 830 4269 eripere
842 4201 959 4259 caetera
972 4204 1125 4250 conatum
1131 4208 1213 4249 esse.
1231 4187 1306 4246 item

133 4272 298 4334 Alexandri
314 4274 431 4356 lagatos
444 4296 461 4334 a
475 4290 507 4337 se
524 4271 725 4357 repudiatos,
730 4296 799 4335 cum
818 4298 887 4336 eum
906 4287 1028 4335 constet
1045 4297 1114 4336 cum
1133 4275 1200 4336 eius
1218 4293 1305 4373 prae·
1332 4275 1341 4279 “

134 4358 265 4420 donibus
283 4359 482 4485 conspirasse,
505 4373 597 4441 atque
615 4360 721 4420 eadem
738 4360 897 4423 factitasse
931 4363 1020 4422 Bene
1032 4349 1100 4422 vult
1117 4361 1206 4443 vobis
1224 4357 1305 4420 scili·
