2722 4754
68 271 74 283 κ
149 186 226 291 ιιι
432 184 1030 261 ιιιιοιιιιιιιιιοιιιιο

37 391 45 409 a
169 358 238 420 etita
256 270 478 417 consuetudine
490 351 670 419 Philocratis
688 309 794 445 utitur,
813 352 949 432 corrupti
966 298 1195 433 largitionibus.
1212 347 1326 432 postu-

144 382 280 519 Atussa
296 432 458 500 dicendum
475 437 702 515 testimonium,
732 442 799 496 cum
817 436 989 520 Hyperides
1007 436 1213 525 Philocratem
1233 437 1325 503 detu-

24 524 48 549 “”
70 538 96 600 J,
146 530 242 601 iisset,
261 530 442 605 quamquam
458 543 623 603 praesens,
630 544 662 581 os
681 543 746 581 non
763 523 896 601 aperuit:
915 535 1032 581 creatus
1050 522 1196 604 legatus
1187 543 1220 580 ιιι
1222 508 1326 581 Pho-

123 610 248 675 'cidem
265 610 303 669 ad
321 609 495 709 Philippum
513 608 550 667 de
569 601 842 706 pollicitationibus
860 596 1031 681 firmandis,
1050 620 1208 690 aegrotare
1228 627 1263 666 se
1281 597 1325 684 si·

136 696 288 773 uiolauit.
305 695 398 775 captis
413 693 621 761 Phocensibus
640 682 711 772 pbst
727 691 936 765 eiurationem,
954 691 1080 752 ultro
1055 714 1121 753 stne
1138 692 1349 753 auctoritate·

115 782 268 865 'publiea
287 787 333 847 est
356 779 528 862 profectus,
555 798 616 857 quo
634 777 733 855 etiam
758 789 896 877 tempore
923 787 1027 838 cavere
1055 799 1125 839 eum
1152 778 1348 859 oportebatfl

51 868 61 891 ³
147 870 231 946 Hace
248 878 437 950 argumenta
442 876 514 933 suut
538 862 688 922 secundae
706 861 878 923 orationis·
905 863 987 922 Inter
1004 885 1039 922 ea
1064 875 1165 923 autem
1182 863 1325 924 firmississ

34 954 36 961 ’
147 975 236 1025 munt
242 964 312 1025 est,
331 969 456 1030 quoque
472 949 600 1020 maxime
618 948 744 1029 nititup,
761 947 925 1029 promissio
943 948 1172 1029 etpollicitatio
1190 948 1325 1061 Aescbi-
1349 960 1355 967 '

108 1092 122 1119 p
146 1039 195 1100 nis
214 1040 252 1098 de
269 1035 422 1096 Thebanis
442 1046 473 1093 et
490 1033 708 1104 Phocensihus.
1303 1060 1307 1069 ·

232 1122 456 1220 Aryrmcntum
483 1118 629 1178 orationis
657 1118 868 1178 coniecturale
880 1128 941 1178 est.
966 1136 1068 1198 neque
1094 1119 1175 1179 enim
1195 1118 1323 1195 crimina
1340 1186 1355 1197 ⁵

56 1270 60 1273 .
96 1255 105 1271 ,
125 1242 128 1251 ‹
146 1200 263 1270 iattt'tur
276 1205 455 1286 Aeschines,
473 1182 527 1265 sed
545 1204 671 1265 omnino
690 1217 788 1288 negat
805 1201 921 1264 Causae
937 1220 1034 1286 genus
1046 1204 1097 1265 alii
1115 1205 1247 1287 simplex
1263 1226 1321 1287 pu-

114 1305 233 1368 tant,
258 1305 289 1352 et
308 1292 461 1372 copiosam
480 1291 520 1365 in
529 1310 594 1350 uno
613 1290 738 1351 crimine
756 1289 929 1371 probando
935 1290 1132 1351 concurrisse
1149 1291 1322 1359 materiam

48 1438 50 1443 .
87 1397 97 1405 “
148 1379 200 1442 ilii
217 1378 307 1438 simul
325 1376 496 1438 confirmari
513 1376 574 1435 duo
589 1397 713 1435 crimme
726 1387 893 1449 statuunt,
890 1396 986 1434 unum
994 1371 1173 1459 Phocense,
1191 1376 1322 1438 alterum

22 1468 125 1531 217
148 1465 328 1551 Thracense
363 1463 531 1523 Menander
548 1472 648 1561 aptent
674 1460 837 1520 incidentia
854 1473 950 1522 uocat
992 1454 1160 1527 Exordium
1185 1474 1322 1531 sumtum

148 1563 195 1612 est
213 1572 229 1610 ι
243 1548 402 1609 calumnia
426 1549 508 1607 Dum
527 1542 608 1606 enim
626 1546 828 1607 adversarium
845 1545 986 1625 timidum
1005 1559 1036 1606 et
1053 1539 1222 1629 supplicem
1238 1547 1323 1620 tacit,

144 1635 272 1707 indicat,
290 1655 360 1693 eum
379 1654 466 1693 causa
483 1653 589 1710 parum
607 1633 673 1692 esse
690 1633 820 1691 fretum.
842 1631 939 1691 Simul
958 1632 1048 1693 etiam
1065 1633 1108 1693 ad
1121 1632 1243 1719 odium
1247 1651 1322 1733 con

76 1766 78 1773 ·
148 1714 304 1783 citandum
320 1739 356 1779 ca
374 1716 525 1779 sententia
541 1717 694 1828 pertinere
712 1729 821 1798 potest
916 1723 923 1743 ”
1159 1738 1162 1744 ¹

449 1848 452 1853 ¹
498 1855 504 1861 n
568 1859 572 1865 Ι
582 1836 802 1867 ‘lm
802 1858 824 1867 ·Ι-
830 1859 834 1866 Ι
850 1846 853 1851 ¹
882 1836 887 1848 Ι
980 1837 983 1851 Ι
1140 1825 1143 1829 .
1328 1850 1355 1859 ἡ

511 1868 516 1880 ι
804 1871 808 1875 -
1093 1864 1096 1869 “

902 1882 909 1901 Ι
1265 1894 1269 1901 ι

92 1949 313 2059 Quanta
303 1995 336 2034 un
353 1973 414 2034 hoc
429 1971 545 2034 iudicio
564 1941 763 2034 contentione
781 1985 908 2034 utantur
924 1975 1102 2050 adversarii,
1122 1976 1236 2057 quibus
1253 1996 1324 2058 pre

62 2092 66 2100 ’
148 2059 400 2133 hensationibus,
427 2056 650 2137 Athenienses,
677 2059 740 2119 iere
767 2079 872 2119 omues
897 2080 973 2120 vos
969 2060 1110 2121 arbitror
1117 2062 1325 2143 ¹animadver-

56 2148 72 2204 2
150 2151 239 2213 tisse:
262 2168 334 2207 cum
351 2142 441 2225 paulo
460 2157 529 2204 ante
547 2144 722 2219 videretis,
727 2147 891 2225 quosdam,
909 2147 982 2205 dum
999 2146 1207 2226 sortiremini,
1224 2147 1326 2208 iacere

89 2231 91 2241 '
149 2234 311 2333 negotium
336 2243 367 2291 et
376 2229 553 2313 supplicare
577 2228 672 2288 vohis
715 2228 819 2290 Petam
844 2244 945 2291 autem
969 2253 985 2292 a
1009 2231 1096 2292 vobis
1115 2190 1265 2292 omnibus
1278 2253 1328 2304 ea,

99 2366 104 2371 .
151 2340 229 2402 quae
248 2318 351 2379 etiam
356 2335 419 2375 non
434 2313 614 2414 rogantibus
632 2316 777 2395 praestari
795 2328 841 2376 est
858 2337 1002 2397 aequum:
1024 2330 1059 2377 ut
1076 2339 1178 2400 neque
1198 2318 1326 2419 ‘gratiam

70 2406 76 2417 ¹
150 2407 261 2478 ullam,
295 2398 396 2481 neque
413 2399 512 2483 virum
529 2399 625 2493 pluris
642 2400 772 2476 faciatis,
809 2424 897 2481 quam
919 2402 1102 2483 aequitatem
1120 2417 1152 2463 et
1169 2404 1330 2464 iusiuran

151 2493 243 2564 dum,
261 2509 323 2570 quo
338 2485 553 2565 unusquisque
570 2498 704 2546 vestrum
723 2489 792 2548 dato
811 2487 883 2546 huc
890 2501 936 2548 est
952 2489 1124 2589 ingressus:
1142 2489 1192 2568 vel
1211 2489 1270 2549 hac
1289 2489 1334 2548 de

95 2625 98 2643 .
151 2598 255 2649 causa,
284 2573 367 2654 quod
393 2570 453 2630 h'oc
480 2591 496 2630 e
522 2591 555 2630 re
579 2583 680 2641 vestra
702 2585 748 2632 est
771 2585 801 2632 et
809 2569 914 2633 totius
934 2573 1078 2648 civitatis,
1104 2574 1332 2644 advocatiarum

112 2672 117 2679 “
151 2674 252 2724 autem
280 2659 356 2720 istae
383 2656 617 2729 intercessiones
647 2667 684 2716 ef
705 2636 804 2719 studia
822 2671 949 2739 propter
974 2659 1087 2738 privata
1116 2661 1337 2720 emolumenta

130 2744 373 2848 ,ιιιιιίιιὶιιιιιιιι,
391 2743 428 2802 ad
447 2763 524 2842 quae
529 2724 768 2842 prohibendum
785 2765 839 2803 vos
854 2744 978 2827 legum
978 2745 1158 2807 auctoritate
1176 2744 1330 2805 eonveni-

25 2827 53 2851 ”
87 2850 102 2883 ³
151 2833 224 2906 stis,
241 2851 322 2905 non,
339 2839 376 2887 ut
394 2847 428 2886 ea
446 2827 564 2886 iniuriis
583 2827 759 2888 hominibus
778 2822 1004 2889 confirmaretis
1029 2830 1075 2889 Ac
1093 2831 1169 2890 alios
1188 2831 1327 2932 quidem,
1344 2850 1355 2863 ¹·

145 2918 205 2999 ‘qui
230 2927 324 2983 ιιιιο
341 2912 500 2997 proposito
528 2914 565 2972 ad
589 2912 806 2994 rempublicam
832 2914 1000 2989 accedunt,
1028 2915 1145 2977 etiamsi
1171 2915 1324 2978 fatieuem

84 3022 92 3037 ‘
151 3001 369 3088 reddiderunt,
405 3018 525 3079 semper
540 3011 642 3069 tamen
659 2999 741 3078 ultro
761 3000 798 3058 ad
815 3001 1064 3081 respondendum
1082 3014 1248 3082 paratos,
1242 2999 1332 3061 A·e

151 3080 302 3149 schinem·
305 3095 406 3148 autem
424 3084 516 3167 longe
534 3083 621 3144 aliter
637 3070 800 3144 animatum
819 3103 884 3144 esse
901 3086 999 3163 video.
1041 3087 1227 3168 Priusquam
1243 3084 1321 3147 euim

151 3174 188 3234 ad
206 3193 261 3233 vos
270 3170 492 3252 ingrederetur
509 3181 540 3228 et
556 3182 693 3234 actorum
708 3191 833 3230 suorum
850 3171 1000 3231 rationem
999 3174 1175 3247 redderet,
1188 3173 1332 3273 ιιίιιιιιιιικ

57 3326 60 3332 ,
106 3276 114 3294 ’
149 3261 276 3359 ebrum,
296 3256 360 3359 qui
377 3255 511 3314 rationes
527 3255 738 3354 postulabant,
755 3256 930 3331 sustulit,
936 3257 1001 3317 aliis
1019 3257 1129 3339 passim
1154 3257 1346 3339 minitatur,2

65 3341 69 3345 ’
152 3356 183 3404 ιι
207 3341 426 3445 iniquissimam
452 3341 588 3400 omnium
607 3342 893 3442 consuetudinem
884 3364 916 3401 m
923 3343 1156 3443 rempublicam
1182 3355 1213 3403 et
1233 3341 1321 3402 vobis
1350 3410 1355 3419 ⁸

150 3427 435 3530 perniciosissimam
462 3426 636 3487 introducit.
673 3426 705 3484 Si
725 3424 805 3486 enim
824 3428 859 3499 is,
878 3451 931 3527 qur
923 3428 1105 3508 publicum
1124 3449 1235 3490 munus
1254 3448 1321 3510 ges-

38 3582 42 3595 ,
79 3550 81 3554 -
148 3514 191 3575 sit
209 3526 240 3574 et
258 3512 457 3594 procuravit,
473 3512 671 3585 suiterrore,
700 3524 811 3573 etnon
829 3514 980 3613 aequitate
999 3513 1126 3589 efficiet,
1154 3535 1193 3574 ne
1202 3510 1250 3573 ab
1269 3512 1321 3574 ali:
1354 3522 1355 3526 ’

114 3608 128 3637 “·
149 3620 213 3700 quo
230 3610 402 3659 accusetur:
422 3597 520 3660 omnis
539 3597 625 3657 vobis
644 3596 791 3678 eripietur
808 3599 978 3659 auctoritas
1020 3599 1066 3659 Ac
1084 3600 1179 3660 multa
1198 3577 1344 3689 quidem,

85 3698 91 3710 ‘
150 3685 241 3745 istum
260 3683 360 3766 gravia
376 3684 489 3744 scelera
508 3683 681 3765 designasse
708 3696 738 3767 et
762 3696 896 3743 extremo
923 3684 1072 3766 supplicio
1092 3706 1158 3745 esse
1185 3680 1325 3767 dignum,
1343 3710 1345 3731 ι

149 3769 237 3831 facile
261 3791 309 3830 me
335 3770 456 3828 confido
480 3768 679 3869 probaturum
698 3781 728 3827 ιι
747 3769 872 3829 omnino
890 3790 1067 3850 persuasum
1085 3770 1193 3831 habeo.
1220 3769 1324 3845 Quid
1336 3754 1351 3813 ‚⁸

65 3863 127 3920 218
152 3864 264 3929 autem,
282 3855 372 3938 etiam
390 3854 422 3913 in
441 3855 496 3914 hac
512 3855 719 3934 persuasione,
736 3855 910 3930 formidem,
928 3856 1024 3915 dicam
1041 3857 1121 3936 apud
1136 3878 1192 3917 vos
1211 3868 1243 3915 et
1260 3875 1324 3914 uon

151 3940 355 4019 dissimulabo
390 3940 468 3998 Mihi
486 3961 607 4013 causae,
626 3960 702 4021 quae
720 3942 801 4022 apud
819 3963 872 4003 vos
890 3954 1036 4023 aguntur,
1056 3963 1163 4002 omnes
1182 3962 1247 4001 non
1260 3940 1323 3999 lni-

57 4043 60 4053 ·
150 4049 225 4101 nus,
236 4026 463 4100 Athenienses,
481 4038 653 4106 temporum
673 4047 738 4086 esse
756 4026 914 4126 videntur,
933 4049 1021 4106 quam
1040 4029 1270 4111 negotiorum.‘
1285 4039 1326 4100 et,

65 4140 68 4149 ι
90 4146 93 4151 <
121 4114 124 4119 ’
151 4114 222 4194 quia
245 4107 372 4194 longum
394 4111 476 4170 inter
498 4111 682 4192 legationem
700 4112 828 4192 spatium
848 4112 1040 4172 interiectum
1060 4121 1121 4197 est,
1150 4115 1182 4174 id
1206 4125 1327 4187 metuo,

89 4238 106 4271 ῃ
151 4218 190 4258 ne
210 4219 298 4279 quam
315 4197 402 4257 vobis
422 4195 617 4273 oblivionem
633 4196 769 4256 attulerit
791 4210 842 4257 aut
861 4188 1114 4258 consuetudinem
1134 4199 1327 4259 iniuriarum

152 4283 225 4342 Sed
236 4296 356 4357 tamen,
381 4257 637 4383 quemadmodum
663 4281 752 4340 etiam
779 4282 873 4343 sicet
897 4284 1099 4359 intellecturi,
1128 4306 1208 4365 quae
1227 4305 1329 4365 aequa

59 4422 62 4426 .
130 4381 239 4442 -sunt,
252 4380 284 4427 et
295 4367 524 4448 pronuntiaturi
541 4388 623 4427 nune
640 4354 824 4481 videamini,
830 4368 862 4475 id
876 4368 963 4465 vobis
978 4366 1095 4433 dicam:
1112 4371 1147 4481 Si
1162 4371 1329 4482 uobiscum
