2722 4754
39 168 61 275 J
104 202 110 208 ’
161 187 260 262 65οῧ-
455 199 462 253 r
530 141 974 275 ῥιιιιιοιιιιιιιιι
1065 172 1096 230 .’

33 402 40 409 ,
148 338 236 425 tio?
245 339 337 414 Quod
351 359 424 398 cum
442 336 483 398 ita
500 336 554 399 sit:
572 349 690 411 tamen,
708 335 811 397 otalii
829 338 967 399 leccmnt
983 339 1201 415 haetenus,rta
1220 343 1316 402 etmi-

66 436 67 439 ’
124 425 193 485 ’1ιί
210 424 420 486 disserendum
439 421 488 484 bie
512 442 578 482 esse
600 443 679 486 reor
714 424 886 497 Quantum
894 424 988 505 igitur
1010 425 1115 484 civitas
1134 445 1242 483 eorum
1259 440 1315 486 stu

161 511 243 570 diurn
263 508 388 583 habeat,
416 509 517 588 quiin
537 507 624 568 bellis
643 508 845 591 occumbunt,
869 530 937 567 eum
961 503 1089 578 caeteris
1110 531 1125 568 e
1143 508 1237 568 rebus
1255 532 1315 589 per

158 594 303 678 spicitur,
324 607 390 660 tum
409 614 480 653 vero
500 614 535 654 ex
560 594 616 652 hac
633 592 701 676 lege
727 593 933 674 potissimum,
960 616 1036 673 qua,
1060 616 1114 674 qur
1105 594 1170 652 ad
1189 594 1315 673 publicas

119 698 121 703 ’
157 679 327 760 sepulturas
345 679 515 738 orationem
533 678 659 750 babeat,
678 677 770 760 deligi
789 679 873 737 solet.
905 679 1005 738 Non
996 701 1100 761 ignara
1120 678 1314 758 enim,prae

157 777 271 846 stantes
290 763 371 823 viros
393 785 451 823 nee
469 765 516 824 de
530 763 668 844 parandis
696 764 821 842 opibus,
835 778 903 822 nee
928 764 1119 843 perfruendis
1137 763 1218 822 vitae
1236 764 1314 824 volu-

111 903 116 927 ,
157 848 289 949 ιιιιιὶιιιιι
312 849 493 929 magnopere
522 848 676 920 laborare,
700 849 751 914 sed
771 868 875 907 eorum
891 868 985 907 omne
1009 848 1223 908 desiderium
1215 850 1312 908 tnvir-
1337 900 1340 904 .

61 928 62 933 ι
85 973 88 976 -
108 952 122 974 ²
156 934 226 994 tute
242 946 272 993 et
289 933 429 994 laudibus
447 934 671 1013 acquiescere,
681 932 908 1000 orationibus
887 956 942 1005 us,
961 953 1037 1013 quae
1056 933 1116 992 illis
1137 953 1172 993 ea
1191 947 1312 1012 praesta

112 1039 114 1043 ·
155 1032 246 1095 rent
243 1018 380 1093 maxime,
397 1019 549 1088 ornandos
568 1017 701 1090 censuit,
718 1029 769 1092 ut,
789 1039 876 1096 quam
891 1012 952 1099 ipsr
944 1018 1097 1100 gloriam
1115 1019 1251 1076 viventes
1269 1021 1311 1078 ad-

47 1165 52 1174 ,
75 1128 80 1139 ⁸
156 1105 220 1184 epti
239 1116 348 1188 essent,
368 1126 401 1163 ca
416 1104 566 1167 defunctis
582 1103 674 1183 etiarn
686 1102 871 1161 redderetur.
890 1104 1020 1178 Quodsi,
1039 1113 1188 1182 quantum
1208 1103 1285 1161 ιιι
1260 1126 1310 1162 ιιι-

35 1200 41 1216 ‘
96 1205 103 1248 ί
155 1201 261 1249 tutem
270 1188 394 1259 attinet,
412 1189 532 1247 solam
524 1211 555 1247 m
574 1188 617 1248 eis
635 1173 736 1246 luisse
746 1187 957 1266 fortitudinem
973 1189 1126 1255 uiderem:
1153 1208 1190 1246 ea
1209 1188 1309 1248 collau-

157 1273 239 1347 data,
252 1275 348 1333 finem
368 1272 488 1332 dicendi
505 1273 642 1343 facerem,
678 1268 756 1329 Cum
773 1292 845 1331 vero
860 1272 908 1330 eis
928 1259 1123 1356 eontigerit,
1133 1284 1170 1330 ut
1189 1285 1220 1330 et
1236 1294 1309 1351 prae-

52 1353 85 1436 *g¹
157 1360 237 1420 clare
253 1359 333 1430 nati,
352 1371 382 1418 et
400 1357 532 1416 instituti
550 1358 610 1417 sint
628 1348 812 1431 liberaliter,
839 1369 869 1415 et
887 1357 918 1415 in
936 1357 996 1417 vita
1014 1358 1129 1440 gloriae
1150 1357 1333 1435 studuerint·

155 1443 280 1528 (quibus
298 1443 389 1505 rebus
408 1443 518 1503 factum
539 1455 600 1514 est,
610 1456 646 1501 ιιι
664 1442 772 1500 merito
791 1441 934 1509 virtutem
952 1441 1119 1523 colerent):
1139 1440 1249 1500 horum
1265 1442 1310 1501 ali-

103 1590 106 1595 ,
156 1529 230 1608 quid
245 1528 408 1609 praeterire
422 1528 487 1586 siue
503 1527 619 1607 pudore
634 1548 697 1585 non
689 1544 843 1626 ’possum
862 1525 972 1589 Ordiar
987 1541 1087 1588 autem
1102 1550 1119 1586 a
1133 1527 1253 1608 generis
1267 1548 1311 1586 eo-

148 1623 222 1672 ·rrtm
240 1612 415 1695 primordio.
433 1613 551 1675 Horum
571 1612 650 1670 enim
663 1612 801 1670 virorum
820 1610 973 1709 pobilitas,
988 1613 1043 1671 vel
1049 1612 1231 1674 seculorum
1248 1632 1310 1670 con-

155 1719 256 1771 sensu,
258 1698 352 1778 apud
372 1717 486 1756 omnes
496 1697 634 1755 homines
655 1708 701 1756 est
717 1696 852 1776 insignis
870 1692 935 1755 Nee
954 1696 1033 1778 enirn
1052 1698 1089 1755 ad
1108 1708 1227 1777 patrem
1243 1696 1308 1754 dun-

106 1784 108 1788 ‘
156 1794 237 1842 taxat
255 1795 285 1841 et
303 1781 431 1841 maiores
450 1781 561 1840 viritim
582 1780 701 1858 referre
728 1793 828 1842 ortum
854 1802 942 1840 suum
966 1783 1096 1868 quisque
1126 1792 1244 1877 potest:
1267 1782 1312 1839 sed

72 1877 133 1948 390
158 1867 191 1926 in
208 1887 321 1949 genere
339 1867 375 1924 ad
390 1878 488 1925 totam
506 1865 649 1946 patriam,
673 1865 756 1926 cuius
755 1865 935 1952 indigenae
954 1879 1026 1926 sunt
1043 1878 1133 1925 extra
1145 1865 1313 1924 controuer-

156 1953 237 2013 siam.
272 1951 339 2034 Soli
356 1950 436 2010 enim
455 1950 626 2010 mortalium
654 1948 790 2009 omniunt
809 1966 873 2009 eam
890 1963 1018 2023 terram,
1046 1973 1142 2029 equa
1161 1951 1225 2009 nati
1242 1950 1314 2022 sunt,

156 2036 319 2101 coluerunt
342 2035 532 2116 posterisque
558 2032 760 2094 tradiderunt:
785 2035 893 2114 utqui
911 2036 942 2095 in
961 2027 1097 2095 colonias
1124 2056 1250 2117 peregre
1267 2036 1322 2099 ιιι·
1354 2034 1357 2038 ’

92 2171 99 2180 ι
122 2121 133 2164 ἒ
155 2135 306 2184 venerunt
323 2128 497 2199 earumque
505 2121 583 2180 cives
596 2119 801 2193 nominantur,
819 2121 892 2199 iure
900 2142 967 2179 cum
984 2120 1135 2203 adoptivis
1148 2121 1219 2179 filiis
1238 2140 1312 2178 eom-

72 2262 74 2265 .
155 2220 310 2288 parentur,
328 2205 360 2263 hi
375 2225 447 2264 vero
461 2224 615 2286 germano
620 2205 731 2283 patriae
750 2217 836 2284 partu
854 2205 933 2264 cives
949 2206 1010 2265 sint
1023 2205 1164 2266 habendi.
1183 2206 1238 2278 Ac,
1255 2224 1314 2263 mea

156 2292 279 2371 quidem
297 2290 467 2360 sententia,
485 2288 559 2347 illud
579 2287 684 2359 etiam,
703 2291 791 2368 quod
803 2289 905 2370 fruges
923 2291 1002 2370 apud
1020 2312 1078 2349 nos
1096 2290 1210 2370 primos
1230 2288 1315 2348 exsti-

45 2375 72 2430 '.
155 2388 274 2448 terunt,
298 2374 608 2474 praeterquamquod
634 2395 783 2432 summum
803 2374 906 2432 estin
922 2394 1027 2434 omnes
1047 2374 1277 2473 beneficium,'
1267 2396 1312 2432 rn-

156 2459 365 2521 dubitabile
341 2481 460 2540 signum
480 2457 568 2523 etiam
587 2470 649 2529 est,
667 2470 777 2517 terram
796 2458 872 2518 bane
890 2459 1070 2540 genitricem
1089 2481 1152 2519 esse
1169 2459 1315 2518 maiorum

155 2559 337 2606 nostrorum.
373 2543 422 2602 Sic
442 2543 522 2602 enim
540 2545 647 2601 natura
665 2557 872 2623 comparatum
889 2556 949 2619 est,
973 2558 1023 2618 ut,
1049 2564 1249 2623 quaecunque
1266 2564 1314 2621 pa-

109 2625 129 2661 s
155 2631 256 2702 riont,
285 2629 388 2688 eadem
407 2628 496 2687 etiam
514 2625 625 2686 victum
645 2640 676 2687 et
703 2628 888 2687 alimoniam
894 2650 910 2688 e
928 2651 967 2688 se
979 2629 1090 2711 genitis
1110 2628 1315 2727 suppeditent:

70 2786 74 2792 ι
155 2714 186 2773 id
205 2714 287 2794 quod
307 2713 380 2772 haec
397 2713 483 2794 regio
501 2713 581 2795 fecit.
600 2710 713 2810 Quae
700 2713 798 2794 agitur
815 2714 851 2771 ad
869 2714 982 2774 natales
1001 2715 1143 2786 attinent,
1162 2735 1198 2772 ea
1215 2711 1289 2771 ti
1263 2711 1314 2770 vrri

61 2811 64 2815 ’
120 2812 122 2817 “
154 2796 440 2858 taliaamaioribus
459 2797 496 2856 ab
525 2817 608 2856 omnr
626 2818 717 2856 aevo
713 2790 910 2878 aeceperunt.
947 2799 1032 2873 Quae
1050 2820 1124 2858 vero
1144 2811 1217 2858 sunt
1231 2797 1314 2855 sorta

115 2900 122 2905 '
154 2883 269 2943 tudinis
280 2895 533 2981 caeterarumque
550 2881 713 2955 virtutum,
733 2903 766 2941 ea
786 2883 907 2961 quidem
927 2884 1027 2943 omnia
1045 2885 1162 2942 referre
1182 2902 1313 2961 superse-

155 2969 224 3040 deo,
241 2966 372 3038 veritus,
391 2987 439 3025 ne
432 2962 522 3025 mihi
539 2987 636 3045 aequo
654 2960 801 3046 prolixior
818 2982 957 3027 nascatur
975 2970 1096 3028 oratio.
1117 2969 1179 3027 Sed
1198 2987 1269 3046 quae
1285 2979 1311 3025 et

154 3052 319 3113 scientibus
337 3050 422 3109 utilia
440 3052 609 3124 recordatu,
629 3065 662 3111 et
676 3052 786 3134 ignaris
805 3045 1005 3133 pulcherrima
1024 3054 1142 3125 auditu,
1163 3065 1204 3124 et,
1219 3064 1250 3110 ιιι
1262 3051 1309 3108 ad-

63 3197 68 3212 ,
96 3162 99 3171 ’
155 3137 315 3197 narratione
329 3136 417 3215 plena
433 3149 511 3208 sunt,
525 3157 568 3194 stc
573 3129 755 3214 prolrxrtate
770 3138 939 3197 molestiam
954 3160 1015 3197 non
1034 3139 1176 3219 pariunt:
1194 3159 1225 3196 ea
1237 3157 1325 3202 som.

36 3226 39 3232 ’
90 3230 116 3271 st
154 3222 258 3282 matam
275 3220 479 3301 perstringere
498 3219 638 3280 conabor.
655 3222 742 3280 Nam
750 3222 894 3303 temporis
913 3236 1004 3301 atque
1022 3224 1129 3282 aetatis
1149 3222 1239 3281 huius
1257 3241 1312 3278 ma
1330 3231 1334 3250 '

154 3307 259 3386 iores,
271 3318 301 3365 et
318 3318 434 3386 patres,
452 3317 483 3364 et
500 3304 531 3378 ii,
550 3326 679 3389 quorum
698 3308 914 3406 appellationes
933 3307 984 3373 alt
962 3319 1021 3373 trus
1041 3309 1250 3380 adscendunt,
1266 3325 1312 3385 per

154 3413 227 3472 quas
246 3391 277 3450 in
283 3390 415 3454 familiis
434 3403 649 3472 agnoscuntur,
668 3392 781 3450 nemini
798 3415 930 3472 unquam
946 3393 993 3451 vel
1007 3393 1145 3456 Barbaro
1161 3392 1210 3451 vel
1226 3391 1311 3449 Grae-

155 3498 191 3536 co
211 3477 350 3535 iniuriam
369 3477 523 3534 lecerunt·
547 3476 601 3534 sed
626 3490 745 3555 praeter
771 3491 901 3536 caeteras
927 3471 991 3536 bac
1008 3500 1132 3557 quoque
1153 3478 1243 3536 laude
1260 3473 1312 3534 llo-¹

61 3620 66 3630 x
153 3573 290 3632 ruerunt,
308 3573 343 3620 ut
360 3560 452 3619 iidem
471 3573 502 3618 et
518 3561 575 3618 viri
593 3573 776 3660 praestantes
796 3575 837 3620 et
840 3563 975 3621 omnium
994 3563 1151 3622 iustissimi
1172 3561 1311 3620 baberen-

105 3664 110 3669 ·
153 3659 219 3706 tur:
247 3639 448 3726 propulsanda
474 3657 573 3704 autem
593 3668 623 3703 vr
614 3645 733 3705 multa
759 3659 790 3706 et
815 3647 964 3726 praeclara
989 3648 1122 3708 facinora
1151 3647 1311 3707 ediderunt

100 3754 127 3807 '-
152 3731 229 3790 Nam
248 3744 277 3791 et
294 3730 481 3788 Amazonum
502 3730 665 3791 exercitum
684 3726 743 3789 buc
756 3753 952 3817 progressum
972 3733 1012 3791 ita
1030 3734 1180 3805 vicerunt,
1198 3744 1234 3790 ut
1247 3751 1312 3802 ,eom
1338 3730 1339 3735 ’

152 3817 231 3876 oltra
245 3815 414 3877 Phasidem
440 3815 690 3886 exterminarent,
708 3828 746 3874 et
769 3817 920 3897 Eumolpi
939 3819 1166 3898 multorumque
1191 3817 1312 3874 aliorum
1352 3849 1354 3852 >

57 3917 70 3935 ··
153 3899 302 3960 exercitus
320 3921 382 3958 non
402 3920 417 3957 e
436 3917 488 3958 sua
507 3901 610 3972 modo,
630 3900 684 3958 scd
703 3901 798 3961 etiam
811 3916 998 3962 caeterorum
1018 3903 1209 3961 Graecorum
1229 3900 1313 3960 ditio-

56 4030 63 4049 ι
82 4013 86 4021 ι
153 3993 191 4046 ne
205 3984 426 4085 profligarunt.
445 4005 521 4064 quos
541 3985 593 4063 qui
611 4007 699 4066 supra
715 4006 771 4044 nos
785 3988 820 4046 ad
839 3976 1026 4047 occidentem
1046 3979 1195 4060 habitant,
1215 4002 1313 4045 omnes

75 4070 82 4080 ”
115 4090 128 4100 ·
153 4091 209 4131 nec
227 4071 391 4143 sustinere,
405 4092 461 4129 nee
479 4069 642 4169 probibere
659 4082 832 4153 potuerunt
864 4072 947 4146 Quin
967 4086 997 4132 et
1013 4072 1182 4131 liberorum
1202 4072 1312 4131 Hercu

53 4174 56 4180 ·
87 4169 104 4202 ’-
154 4154 246 4229 lis,
220 4177 294 4229 erus,
313 4155 366 4234 qui
385 4146 508 4215 caeteris
528 4155 654 4215 salutem
675 4155 783 4229 dabat,
797 4169 963 4217 servatores
982 4157 1129 4217 nominati
1149 4169 1233 4230 sunt,
1252 4171 1313 4218 cunr

81 4293 85 4310 ,
119 4256 124 4260 “
154 4237 226 4300 illi'
218 4263 248 4298 ro
268 4241 348 4300 hanc
363 4253 472 4299 terram
469 4218 671 4338 supplices,
676 4240 881 4324 Eurystheum
897 4242 1071 4324 fugitantes,
1091 4242 1256 4302 venissent
1279 4241 1314 4298 Et
1350 4301 1352 4304 .

107 4337 272 4450 praeter
294 4324 370 4441 baec
390 4325 497 4388 omnia
519 4325 677 4431 multaque
699 4325 759 4387 alia
780 4330 815 4388 et
833 4327 994 4443 praeclara
1005 4327 1190 4402 facinora,
1181 4349 1248 4411 ιιιιι
1265 4327 1334 4386 de-·

308 4597 312 4601 Α
340 4569 348 4594 t
