2722 4754
321 178 599 284 ‘inversus
631 165 957 305 ιοιιιιιιιιιι.
989 180 992 184 “
1120 180 1123 187 ’
1155 160 1253 278 ιιι.

58 344 196 438 absolvit,
214 368 367 428 Boeotum
376 356 569 427 condemnat
582 333 749 426 absenteris
764 366 866 452 Quem
880 365 1126 435 eadem-actione
1139 367 1226 427 blan-

56 451 170 512 titheus
189 450 222 510 in
241 453 391 513 iudiciu'ru‘-
404 461 502 524 vocat,
521 452 625 521 dotem
642 450 807 510 maternam
825 463 975 532 repetens.
1025 498 1028 503 -
1287 455 1289 457 ’

60 759 219 856 Omnium
236 779 484 870 molestissimum
502 771 564 873 est,
591 789 728 862 ludices,
746 809 815 848 cum
833 789 902 869 quis
920 790 1044 850 nomine
1061 790 1227 851 sratcreo
1282 816 1285 821 ¹

59 897 127 934 rum
145 870 321 973 appellatur,
340 893 417 973 quos
428 872 505 973 'ipsa
511 894 554 935 rc
569 873 673 935 hostes
691 873 799 974 babet,
812 883 848 935 ct
865 873 968 934 multis
986 875 1169 957 magnisque
1182 875 1225 935 ab

55 960 156 1019 'lectus
170 957 249 1017 ab'
222 979 265 1016 ers
279 957 407 1031 iniuriis,
426 959 458 1033 in
473 959 618 1019 iudicium
637 954 741 1018 venii-c
760 960 895 1042 cogitur.
913 959 1042 1040 idquod
1057 958 1248 1018 mibinu‘nc·
1289 986 1296 996 ¹

60 1067 117 1104 usu
135 1043 240 1102 venit
260 1041 368 1121 Neque
388 1042 467 1102 enim
487 1065 521 1103 ea
546 1043 644 1103 solum
663 1041 700 1102 ab
725 1043 814 1104 initio
830 1043 988 1103 calamitas
1008 1042 1083 1102 mibi
1106 1043 1228 1115 accidit,
1252 1052 1257 1064 ‘

56 1142 95 1196 ιιι
112 1128 245 1227 Plango,
269 1126 399 1186 istorum
418 1141 530 1201 mater,
547 1140 661 1208 patrem
679 1134 782 1188 menni
807 1126 967 1188 manifesto
984 1127 1129 1213 periurio
1137 1126 1226 1185 dece·
1288 1167 1292 1172 -

59 1227 155 1312 ptum
163 1214 200 1272 ιιι
219 1213 294 1271 istos
312 1212 500 1291 adoptandos
518 1213 663 1297 adegerit,
683 1233 806 1305 egoque
820 1225 980 1295 propterea
998 1209 1115 1273 duabus
1121 1209 1226 1290 patri-
1307 1234 1309 1239 ¹

60 1298 156 1358 monia
147 1295 351 1396 ιιιιιιιιιιι“
327 1316 383 1355 srm
401 1297 570 1356 fraudatus:
588 1297 642 1356 sed
659 1310 796 1381 praeter
798 1298 872 1358 haee
889 1299 978 1358 etiam
993 1295 1127 1378 paternis
1143 1293 1226 1355 aedi-

54 1383 116 1443 bus
136 1381 200 1440 ab
192 1382 255 1440 rstis
270 1394 405 1454 exactus,
423 1381 454 1439 in
473 1380 583 1459 quibus
601 1393 633 1440 et
649 1394 737 1440 natus
756 1383 824 1440 su'm
840 1395 871 1441 et
884 1382 1040 1454 educatus,
1058 1393 1089 1441 et
1101 1380 1132 1438 iu
1152 1400 1226 1458 quas
1297 1392 1301 1398 '

55 1487 124 1528 -non
142 1479 228 1546 pater
246 1485 316 1538 eos,
335 1466 388 1524 sed
407 1484 485 1546 ego,
511 1465 655 1525 defuncto
674 1465 747 1538 illo,
764 1464 885 1547 recepi,
901 1467 1026 1528 fraudor
1044 1463 1133 1525 etiam
1153 1464 1234 1523 dote·

61 1563 209 1625 materna,
227 1548 264 1609 dc
283 1571 342 1628 qua
359 1570 441 1612 nuuc
458 1570 532 1631 ago.
556 1571 626 1628 curn
643 1569 703 1632 ego
723 1549 765 1610 eis
784 1550 822 1609 de
841 1550 1000 1624 omuibus,
1019 1570 1095 1631 quae
1114 1568 1225 1628 quere·
1250 1544 1300 1598 ι·“

60 1637 185 1708 bantur,
208 1634 422 1706 satisfecerim,
445 1624 674 1714 praeterquam,
701 1634 727 1694 si
745 1653 804 1713 qua
822 1657 904 1695 nunc
930 1649 1056 1716 propter
1078 1632 1225 1694 iudicium

59 1721 120 1781 boc
137 1719 347 1780 resortitione
353 1718 490 1778 instituta
508 1740 564 1799 per
581 1718 759 1785 calumniam
777 1720 950 1798 postulant,
967 1733 1004 1780 ut
1020 1719 1106 1780 vobis
1127 1717 1226 1778 decla-

59 1805 183 1865 rabitur.
217 1803 294 1862 Ab
286 1803 350 1864 rstis
369 1815 469 1863 nutem
488 1825 556 1887 cum
583 1805 725 1863 undecim
750 1804 837 1866 annis
864 1804 939 1864 nibil
957 1805 1046 1900 aequi
1072 1801 1225 1886 potuerim

59 1890 240 1969 impetrare:
258 1906 340 1949 nunc
357 1890 462 1949 advos
481 1872 650 1969 coniugio,
654 1889 745 1967 atque
764 1903 869 1948 omnes
886 1909 941 1950 vos
956 1890 1027 1989 pro,
1045 1889 1174 1961 ludices,
1190 1897 1263 1945 ut

52 1974 109 2060 'me
129 1974 314 2055 benig-ne,
290 1996 333 2034 src
351 1986 386 2032 ut
402 1986 527 2073 potero,
546 1971 697 2036 dicentem
716 1972 854 2045 audiatis,
873 1987 920 2045 et,
939 1973 965 2033 si
983 1994 1105 2034 mecum
1120 1973 1243 2052 inique

60 2069 161 2117 actum
188 2058 362 2156 putabitis,
375 2059 493 2117 veniam
520 2052 597 2114 detis
616 2078 681 2117 mea
706 2078 884 2149 recuperare
912 2057 1065 2155 cupienti,
1090 2059 1129 2117 ad
1146 2040 1227 2116 liliae
1250 2061 1309 2119 133

54 2141 238 2222 praesertim
257 2142 477 2202 edocationem
496 2140 617 2221 Accidit
635 2141 725 2212 enim,
743 2137 778 2198 ιιι
795 2147 921 2229 propter
937 2141 1029 2220 patris
1048 2147 1196 2221 preces
1172 2140 1226 2200 de·
1281 2173 1283 2177 ⁷

61 2245 126 2286 cem
145 2239 176 2284 et
195 2238 264 2286 octo
283 2239 370 2292 natus
388 2247 484 2285 annos
508 2244 633 2283 uxorem
652 2221 807 2298 duxerim,
832 2225 1053 2304 proptereaque
1072 2226 1147 2293 mihi
1165 2206 1227 2292 filia

51 2310 198 2370 sitiam
194 2311 324 2370 nubilis
366 2309 500 2368 Proinde
526 2319 565 2367 et
581 2329 629 2403 spe
658 2308 835 2370 affectum
826 2309 937 2368 iniuria
963 2310 1074 2369 merito
1099 2321 1228 2401 propter

62 2395 156 2454 multa
174 2394 326 2494 iuuabitis,
345 2408 375 2454 et
393 2394 458 2453 istis
476 2374 661 2465 irascemini,
680 2393 744 2472 qui,
765 2393 844 2474 prob
862 2390 963 2453 diutim
981 2394 1082 2467 fidem,
1101 2417 1170 2454 cum
1188 2394 1226 2453 li-

42 2493 145 2540 ‘ceret
163 2481 223 2553 eis,
241 2480 391 2582 praestitis
409 2479 464 2551 iis,
483 2498 559 2577 quae
578 2497 673 2571 acqua
689 2491 780 2552 sunt,
797 2479 912 2539 iudicio
929 2479 1177 2560 supersedere,
1162 2498 1227 2539 nou

62 2577 206 2624 verentur
223 2564 337 2623 vobis
328 2587 360 2623 m
378 2558 554 2623 memoriam
567 2566 724 2636 ιιιοιιιιι,
743 2584 768 2623 ιιι
759 2563 854 2642 quid
869 2575 922 2623 aut
938 2577 1025 2644 pater
1040 2578 1146 2626 noster
1162 2563 1241 2623 non*

62 2661 144 2712 recte
162 2649 252 2722 lecit,
270 2662 322 2709 aut
339 2648 397 2728 ipsi
415 2649 447 2708 in
466 2669 535 2708 eum
554 2647 765 2747 deliquerunt,
790 2668 899 2726 meque
917 2668 1020 2708 secum
1023 2641 1155 2732 litigare
1174 2666 1227 2707 co·
1228 2669 1252 2711 .“

56 2727 145 2816 'gunt
191 2737 232 2793 Ut
250 2747 351 2793 autem
369 2746 453 2793 certo
480 2731 603 2830 sciatis,-
625 2733 688 2793 eius
706 2732 752 2791 rei
777 2752 895 2792 causam
914 2753 1044 2795 menon
1063 2753 1166 2805 csse,
1164 2733 1226 2792 sed

65 2819 152 2877 istos:
176 2839 240 2878 rem
259 2839 380 2878 omnem
398 2816 463 2877 ab
454 2815 544 2889 mitio
562 2816 668 2888 vobis,
686 2838 774 2896 quam
793 2830 901 2897 potero
921 2817 1114 2890 brevissime,
1132 2816 1226 2898 expli·
1292 2880 1295 2890 ¹

66 2903 149 2962 cabo
184 2905 282 2962 Mater
298 2924 382 2974 meu,
401 2902 548 2974 ludices,
553 2900 614 2959 filia
633 2902 693 2961 suit
708 2900 852 2960 Poliarati
871 2894 1120 2992 Cholargcnsis,
1120 2902 1227 2961 Mene-

63 2987 144 3086 xeni,
161 2987 294 3070 Bathylli
312 3000 343 3048 et
359 2985 517 3047 Periandri
534 3004 628 3045 soror.
652 2982 728 3045 Cum
747 3006 819 3045 vero
837 2997 922 3065 pater
940 3007 1004 3044 eam
1024 2981 1228 3053 Cleomedon·
1295 3014 1299 3028 ι

64 3072 97 3171 ti,
117 3069 239 3132 Cleonis
259 3072 334 3145 filio,
353 3070 565 3151 despondisset
578 3083 609 3129 et
619 3069 766 3129 talentum
780 3071 893 3130 dotem·
891 3069 1080 3137 addidisset:
1098 3070 1228 3151 primum

55 3157 129 3216 »eius
147 3157 366 3216 materfamilias
385 3155 451 3216 suit
485 3153 569 3217 Notis
588 3166 689 3214 autem
707 3153 736 3212 ei
757 3150 859 3214 tribus
881 3143 1005 3215 filiabus
1024 3169 1055 3216 et
1071 3177 1136 3225 uno
1153 3153 1230 3225 filio,

67 3237 193 3315 Cleoue,
211 3242 387 3320 maritoque
397 3252 503 3321 postca
522 3239 677 3310 defuncto,
690 3238 823 3300 deserta
828 3237 940 3298 familia
959 3252 990 3298 et
1006 3253 1127 3321 recepta
1146 3241 1241 3311 dote,¹

64 3344 168 3385 rursus
186 3348 251 3386 earu
275 3325 463 3385 elocantibus
481 3322 649 3395 ¹fratribus,
672 3323 841 3382 Menexeno
861 3336 891 3383 et
907 3324 1050 3407 Bathyllo
1068 3323 1151 3405 (nam
1169 3325 1227 3383 Pc-

64 3411 197 3470 riander
203 3432 280 3491 puer
297 3399 395 3469 adbuc
414 3405 491 3490 erat)
510 3421 540 3467 et
557 3407 704 3469 talentum
722 3407 915 3481 addentibus,
933 3409 1037 3508 nupsit
1051 3430 1120 3468 meo
1136 3409 1227 3488 patri:
1258 3468 1261 3473 ,

65 3514 185 3577 egoque
204 3509 290 3555 natus
303 3495 353 3555 eis
372 3512 454 3567 sum,
468 3505 499 3551 ct
515 3492 591 3552 alius
609 3487 701 3550 frater
718 3513 766 3551 me
785 3492 897 3564 iunior,
916 3494 969 3572 qui
985 3514 1065 3574 puer
1080 3493 1165 3553 obiit.
1184 3495 1229 3555 ,ιιι
1308 3503 1309 3507 ’

64 3593 166 3640 autem
184 3591 304 3641 constet
321 3599 369 3638 rue
387 3579 460 3639 haec
477 3598 548 3639 vere
567 3576 678 3650 dicere,
695 3576 833 3657 primum
843 3589 936 3670 testes
954 3579 1126 3658 producam.
1255 3575 1260 3583 '

539 3728 752 3772 Tuscus:

112 3831 306 3895 Matrem
296 3832 390 3914 igitur
407 3852 515 3893 meam.
521 3844 609 3912 pater
621 3852 706 3891 meus
718 3829 759 3892 ιιι
772 3832 901 3901 ductam
909 3851 1035 3890 uxorem
1054 3830 1137 3893 dorni
1155 3852 1227 3894 suae

66 3856 189 3989 babuit,
216 3938 324 3996 meque
343 3929 373 3976 et
401 3916 512 3976 erudiit
531 3929 562 3975 et
579 3916 700 3975 dilexit:
728 3917 983 4015 quemadmodum
1002 3928 1044 3975 et
1049 3936 1103 3979 uos
1121 3936 1227 3979 omnes
1257 3962 1260 3968 .

65 4015 181 4061 vestros
199 4002 318 4060 liberos
331 4000 462 4082 diligitis.
490 3995 566 4059 Cum
584 4013 679 4059 matre
697 4013 797 4060 autem
815 4000 952 4100 istorum,
969 3999 1136 4084 Plangonc,
1153 4021 1227 4059 eon-

67 4087 259 4147 suetudinem
286 4085 392 4145 babuit
416 4105 601 4165 quocunque
629 4082 720 4143 modo
746 4062 861 4182 (ιιιιιιιι
888 4085 968 4144 enim
994 4083 1053 4144 boc
1080 4084 1227 4175 explicare

67 4192 174 4231 meum
188 4170 257 4252 est),
274 4191 374 4269 neque
392 4182 492 4230 tamen
511 4189 547 4228 eo
566 4188 664 4248 usque
682 4168 839 4249 cupiditati
856 4168 1026 4243 succubuit,
1042 4181 1080 4245 ιιι
1096 4191 1160 4231 eam
1179 4168 1227 4229 vel
1270 4239 1273 4242 ⁵

68 4268 187 4319 mortua
205 4267 298 4314 matre
317 4255 349 4314 iu
366 4255 455 4314 aedes
474 4253 511 4313 ad
534 4273 566 4317 se
582 4254 726 4332 recipere
745 4254 884 4336 diguatus
901 4254 1009 4328 suerit,
1034 4265 1086 4315 aut
1104 4254 1228 4323 credere
1256 4307 1257 4311 ,

68 4339 304 4415 volueritistos
323 4360 359 4401 er
373 4360 409 4407 ¹se
427 4359 494 4431 esse
510 4350 605 4401 natos.
630 4338 771 4421 3Reliquu
789 4337 1037 4429 igiturtcr'npore
1049 4338 1106 4406 tui
1123 4339 1165 4409 i&
1181 4337 1226 4401 ιί-
1261 4341 1264 4345 ’

594 4555 707 4607 '1''
