2722 4754
379 140 876 277 ‚tnrfflmmmuns
1111 206 1113 211 ·
1191 195 1323 259 mv.

19 402 21 411 ,
92 357 159 442 igitur
172 350 274 411 harum
292 368 400 412 rerum
418 362 499 410 metu
517 348 654 410 facienda
665 362 770 423 erunt,
789 369 867 430 quae
886 347 936 410 isti
952 347 1232 433 iusserintl-tuque

19 449 22 504 l
92 446 136 507 eim
147 433 287 499 reinobis
301 448 412 497 auctor
426 435 476 496 esi
495 433 621 494 Minime
635 454 711 497 ,vero
729 434 879 515 equidem.
897 434 958 497 Sed
971 456 1028 497 nos
1043 450 1074 499 et
1089 436 1165 498 nihil
1184 438 1231 498 in-

19 532 23 589 Ι
94 530 185 611 Qum
196 518 289 609 nobis
303 519 449 596 facturos,
466 538 566 599 neque
581 518 695 588 bellum
713 518 909 607 conflaturus,
929 526 960 581 e't
972 523 1152 608 prudentiae
1165 524 1230 591 lau-

19 637 23 673 e
93 616 140 676 dem
151 619 406 686 consequuturos„
420 625 579 684 meamque
590 605 772 671 sententiam
789 624 854 666 esse
868 627 982 666 veram:
1001 608 1075 673 haec
1093 631 1141 669 mc
1156 630 1230 670 con-

19 724 23 758 1
94 699 138 769 fids
149 689 349 775 probaturum
376 692 447 753 lllos
464 702 582 765 autem,
600 691 654 771 qui
673 691 863 753 confidenter
881 690 1000 772 quidvis
1020 715 1084 755 esse
1102 693 1231 775 periculi

19 823 23 832 .
96 776 250 848 “trundum
269 789 414 851 censent,
440 796 497 835 nec
515 773 588 836 belli
614 776 715 837 clades
731 775 774 837 ob
792 776 898 837 oculos
915 777 976 838 sibi
993 792 1131 857 ponunt,
1156 780 1231 841 baec
1291 780 1293 784 ’

19 909 22 916 .
97 867 155 931 ,din
170 861 381 923 considerare:
397 862 469 922 Nos,
482 859 621 941 Oropum
635 861 798 923 Thebanos
816 875 922 922 tenere
939 862 1073 923 sinimus.
1092 862 1188 938 Quod
1203 865 1230 925 si

19 954 21 1010 l
51 975 56 982 ·
94 952 200 1035 prierius
215 960 318 1030 roget,
336 969 370 1009 ac
386 967 456 1007 vera
474 947 563 1007 lateri
580 945 694 1021 iubeat,
713 948 930 1026 quamobrem?
955 947 1001 1007 Ne
1020 947 1102 1009 bello
1121 950 1229 1010 conssi-
1287 946 1294 953 ’

19 1090 20 1095 ,
91 1032 343 1107 mrisitneccsse,
361 1031 621 1113 respondebimus.
639 1032 679 1094 Et
695 1033 838 1115 Philippo
858 1055 939 1094 nunc
958 1053 994 1093 cx
1011 1033 1136 1094 foedere
1153 1033 1229 1094 Am·
1271 1073 1282 1088 ι.

87 1117 205 1204 phipolim
222 1117 444 1180 concessimus}
472 1120 504 1177 et
522 1113 687 1178 Cardianus
706 1141 721 1179 a
741 1115 964 1183 Chersonesitis
981 1119 1108 1200 reliquis
1128 1140 1228 1181 exem-

85 1219 136 1288 ptos
151 1222 210 1263 esse
227 1202 376 1282 patimur,
411 1215 441 1262 et
459 1197 563 1262 Cariae
582 1216 728 1283 satrapam
747 1203 859 1263 insulas
879 1224 1043 1283 occupare,
1077 1199 1178 1264 Chion
1199 1217 1229 1265 et

85 1287 137 1350 Con
157 1299 185 1348 et
202 1287 360 1349 Rhodum:
386 1300 418 1361 et
433 1288 597 1370 Byzantios
622 1288 655 1347 in
674 1288 748 1347 mari
768 1302 924 1368 exceptare
946 1293 1039 1349 'naves
1066 1310 1130 1349 non
1156 1272 1233 1371 pro-¹

83 1375 211 1435 bibemus:
228 1370 269 1430 ob
280 1371 348 1432 -hoc
367 1371 522 1446 nimirum,
540 1374 623 1452 quod
641 1374 722 1452 pacis
741 1373 990 1453 tranquillitatem
1007 1374 1075 1453 plus
1092 1395 1227 1435 commo-

81 1460 139 1520 dare
151 1469 295 1537 putamus,
314 1478 403 1538 quam
422 1456 599 1525 inimicitias,
613 1471 643 1517 et
662 1458 875 1519 contentiones
895 1459 976 1529 hisce
992 1459 1030 1531 de
1046 1459 1142 1519 causis
1160 1481 1227 1520 sus-

79 1556 168 1624 ceptae
198 1540 332 1607 Proinde
350 1542 477 1603 stultum
495 1565 529 1603 ac
547 1543 780 1623 supramodum
804 1542 969 1611 absurdum
987 1545 1095 1620 suerit,
1122 1567 1226 1624 quum,

19 1670 21 1679 ·
77 1625 235 1710 inpropriis
257 1641 290 1689 et
307 1627 436 1687 maxime
454 1628 631 1698 necessariis
649 1629 760 1703 rebus,
790 1629 965 1711 singulatim
983 1650 1054 1713 erga
1073 1629 1228 1709 quoslibet
1333 1620 1336 1625 ’

23 1728 27 1737 “
75 1734 121 1773 nos
136 1711 209 1786 tales
227 1713 576 1793 ‚praebuerimus,.cum
601 1714 749 1775 universis
775 1714 813 1774 de
839 1715 946 1781 umbra
970 1714 1117 1796 Delphica
1145 1735 1226 1773 nune

74 1797 239 1880 belligerare.
271 1848 275 1856 .
298 1854 302 1861 .

131 2120 664 2251 sumerset
723 2094 1166 2215 secutos·

374 2398 900 2512 snoummuruu

62 2540 172 2630 Monet
186 2568 393 2643 Athenienses
412 2570 467 2631 bac
485 2570 624 2631 oratione
642 2568 770 2643 Orator,
788 2571 1016 2650 Philippumut
1033 2571 1152 2637 bostem
1169 2595 1221 2636 su.
1239 2562 1242 2569 Δ
1282 2596 1298 2631 .·

60 2669 188 2737 spectum
213 2672 278 2718 esse
305 2656 496 2717 habendum:
523 2676 623 2734 neque
642 2656 888 2735 pacefidendum
907 2655 1011 2728 nimis,
1038 2659 1091 2717 sed
1115 2678 1221 2740 exper-

59 2741 240 2824 giscendum,
256 2754 286 2817 et
299 2739 551 2823 rebus-gerendis
567 2740 702 2799 animum
721 2740 934 2812 adiiciendum,
953 2753 984 2799 et
1001 2740 1114 2801 bellum
1129 2764 1220 2822 appa·
1238 2750 1279 2809 42

59 2827 183 2901 randum
201 2847 272 2886 esse.
297 2823 483 2887 Criminatur
494 2825 581 2905 ,enim
600 2824 789 2905 Philippum,
807 2837 849 2884 ut·
859 2823 914 2903 qui
933 2837 963 2883 et
979 2823 1221 2901 Atheniensibus

59 2923 88 2971 et
105 2910 225 2977 Graecis
244 2912 387 2994 omnihus
406 2910 582 2971 insidietur:
608 2909 701 2989 idque
719 2909 791 2970 satis
809 2909 904 2990 ipsius
923 2910 1027 2975 testari
1044 2911 1122 2971 lacta
1141 2912 1222 2990 dicit.
1327 2936 1333 2947 s

59 2995 219 3056 Pollicetur
235 2997 343 3070 etiam,
378 3018 412 3056 se
441 3011 660 3075 responsurum
686 2995 792 3077 legatis
819 2993 872 3075 qui
898 2995 1101 3055 advenerunt:
1137 2998 1234 3075 quod·

59 3079 256 3147 Athenienses
265 3082 454 3154 aestuabant,
473 3102 541 3141 cum
558 3081 804 3159 respondendum
821 3092 906 3140 esset.
924 3080 1013 3155 Unde
1030 3101 1103 3140 vero
1117 3080 1171 3155 illi,
1191 3095 1231 3151 et,

33 3228 37 3237 ,
61 3165 162 3244 quibus
181 3167 219 3226 de
235 3165 496 3239 rebusvenerint,
515 3165 572 3224 etsi
589 3165 621 3224 in
640 3165 779 3229 oratione
797 3185 861 3224 non
880 3162 1066 3245 exprimitur,
1084 3171 1221 3243 tamene

59 3248 226 3330 Philippicis
251 3248 387 3312 historiis
411 3249 557 3332 cognosci
580 3263 689 3330 potest.
723 3250 783 3309 Per
805 3250 837 3309 id
863 3251 943 3310 enim
966 3263 1088 3330 tempus
1105 3251 1221 3333 legatos
1291 3284 1293 3294 ‹

59 3332 175 3395 miserat
195 3334 356 3416 Philippus
380 3337 419 3397 ad
442 3334 665 3407 Athenienses,
689 3355 897 3414 conquerens,
921 3355 954 3396 se
979 3336 1059 3415 apud
1086 3336 1221 3409 Graecos

60 3419 120 3478 sine
133 3441 219 3481 causa
236 3421 377 3492 traduci,
393 3434 430 3482 ut
447 3419 500 3501 qui
517 3421 615 3479 multa
632 3433 663 3480 et
680 3441 787 3503 magna
806 3420 963 3500 pollicitus
980 3418 1057 3480 nihil
1076 3421 1120 3483 eis
1133 3441 1220 3503 prae-

59 3502 183 3565 stitisset
207 3518 300 3588 negat
318 3506 417 3579 enim,
441 3526 474 3567 se
492 3505 540 3564 vel
558 3504 745 3584 pollicitum,
763 3505 811 3565 vel
829 3504 1005 3565 frustratum
1025 3525 1105 3567 csse:
1135 3518 1166 3567 et
1186 3526 1221 3569 ea

58 3588 173 3668 probari
189 3591 336 3670 postulat:
358 3592 461 3672 Atque
480 3590 571 3651 etiam
589 3590 790 3654 Messeniiet·
799 3589 907 3672 Argivi
924 3589 1041 3671 legatos
1060 3590 1220 3657 cum-Phi-

59 3672 136 3754 lippo
150 3674 289 3736 Athenas
305 3675 466 3750 miserant,
492 3688 525 3736 et
545 3674 611 3755 ipsi¹
622 3674 848 3735 crimininantes
866 3674 1040 3755 populum,
1058 3675 1220 3756 quibam!-

58 3757 217 3822 daemoniis
234 3760 482 3842 Peloponnesum
509 3758 751 3840 opprimentibus
766 3772 802 3820 et
816 3760 934 3821 faveret
949 3772 980 3822 et
997 3761 1133 3823 adesset:
1161 3759 1221 3832 sibi

58 3855 151 3905 autem
174 3846 212 3906 de
237 3845 378 3907 libertate
404 3845 619 3907 dimicantibus
645 3844 860 3906 adversaretum
898 3842 1102 3911 Athenienses
1126 3845 1222 3927 igitur

58 3947 116 3989 non
131 3929 261 4002 babent,
281 3930 359 4011 quid
373 3931 423 3990 vel
439 3929 589 4010 Philippo.
599 3929 843 3999 rel-civitatibus,
854 3931 1066 4010 respondeant
1093 3930 1171 4004 Nam
1189 3943 1222 4001 et

56 4013 295 4085 Lacedaemoniis
322 4014 399 4075 hene
425 4016 571 4096 cupiunt,
596 4015 885 4097 ammiratum-ac
900 4015 1125 4089 Messeniorum
1151 4037 1221 4087 cum

57 4097 191 4181 Philippo
217 4099 476 4180 conspirationem
493 4099 597 4172 ‚simul
617 4111 648 4161 et
672 4101 823 4174 oderunt,
853 4099 1221 4178 etesmpectamhabsm:

58 4202 148 4264 neque
179 4199 285 4249 tamen
321 4186 523 4265 pronunciare
548 4185 680 4259 audent,
715 4197 798 4247 recte
828 4185 931 4257 facere
954 4184 1220 4259 Lacedaemonios

59 4262 145 4342 Quod
156 4288 232 4331 vero
249 4270 291 4329 ad
308 4268 482 4350 Philippum
500 4270 619 4343 attinet,
637 4270 695 4330 etsi
712 4292 765 4352 spe
783 4268 919 4331 frustrati
936 4282 1017 4345 suut,
1034 4291 1100 4333 non
1118 4284 1221 4333 tamen

58 4351 138 4416 abeo
154 4352 283 4437 decepti
302 4373 369 4415 esse
386 4355 533 4443 ridentur.
564 4355 728 4442 Philippus.
742 4355 824 4418 enim
841 4373 942 4432 neque
959 4354 1057 4419 uttam
1069 4354 1219 4436 pollicita
