2722 4754
58 134 63 193 s
96 134 233 267 '‘saass
269 151 274 156 ’
337 152 406 279 ³⁵:
426 123 787 262 uun‘osunnN-ls
808 150 809 154 ‘
830 135 1019 245 daturo

79 375 86 385 ,
142 333 212 399 tatis
230 335 398 396 damnatam
417 332 558 395 habuerit
575 335 607 395 in
625 335 835 408 matrimonio,
869 335 952 416 mille
970 331 1120 405 drachmis
1139 333 1309 396 mulctetur.

53 423 68 442 ”
227 422 359 502 Legem,
377 420 511 494 ludices,
536 421 708 494 audivistis,
732 441 809 500 quae
827 440 883 479 nec
900 411 1088 501 peregrinam
1109 417 1168 491 civi
1186 417 1308 495 nubere,

41 505 43 508 ’
115 525 244 585 ‚neque
270 506 365 566 civem
391 504 548 565 mulierem
573 507 753 589 peregrino,
780 525 880 585 neque
903 504 1055 584 suscipere
1083 525 1119 563 ex
1138 525 1175 564 ea
1198 503 1329 564 liberos*

50 585 51 588 ¹
144 603 209 652 arte
232 588 294 649 ulla
306 587 308 608 '
319 603 381 650 aut>
394 590 617 651 machinatione
643 593 737 651 sinit'
752 591 852 664 ¹Quae
863 590 889 648 si
906 589 973 668 quis
998 587 1137 661 violarit,
1162 588 1309 648 actionem

114 745 116 749 7
138 675 424 753 'eontraleosdedit
441 678 520 756 apud
535 677 686 749 Sexviros,
703 689 763 736 tam
783 675 1111 756 contra-peregrinum,
1128 694 1220 753 quarn
1240 695 1309 733 con-

75 771 95 827 >
118 809 120 814 .
143 758 190 820 tra
207 758 413 842 peregrinam:
432 761 529 839 quisi
547 762 813 834 damnentur,‘eos
832 759 997 819 venundari
1016 758 1110 818 iubet
1146 760 1207 817 lam
1225 779 1309 838 pere-

51 860 63 876 *
99 894 112 900 -
144 844 267 928 g'rinaml
286 865 352 904 esse
376 845 541 923 Neaeram,
570 846 600 905 id
625 846 712 906 robis
738 844 775 904 ab
801 845 869 925 ipso
888 844 1061 924 primordio
1086 844 1309 905 demonstrabo.

50 930 68 957 ⁹⁸·
106 982 109 993 ,
144 931 268 1011 Septem
286 930 400 1010 puellas
419 929 456 989 ab
474 930 537 1011 ipsa
554 930 680 1020 ipsantia
699 930 771 995 emit
788 925 1092 1001 Nicareta,Charisii
1110 926 1179 987 Elei
1197 927 1310 1003 liberta,
1332 932 1340 945 '

106 1042 108 1048 ⁴
123 1080 128 1085 ,
143 1014 291 1094 Hippiae,
310 1016 401 1096 coqui
421 1012 510 1088 eins,
528 1037 622 1088 uxor,
649 1011 740 1097 gnara
759 1015 903 1094 etperita
921 1014 1150 1094 perspiciendae
1168 1027 1309 1083 venustae

41 1135 46 1174 g
143 1099 350 1181 parvulorum
365 1111 507 1175 naturae,
533 1113 564 1161 et
582 1121 633 1160 eos
652 1101 782 1160 solerter
803 1094 956 1183 educandi
980 1097 1226 1176 instituendique
1244 1099 1310 1173 scia,

144 1197 182 1244 ut
199 1205 276 1263 quae
301 1197 396 1245 artem
422 1207 486 1265 eam
514 1198 682 1259 exerceret,
708 1199 799 1264 atque
820 1194 917 1248 ex'ea
936 1203 969 1242 re
994 1184 1107 1243 victum
1131 1183 1308 1263 collegisset
1344 1208 1347 1213 ·

114 1326 119 1333 ,
143 1269 169 1328 F
171 1268 290 1329 iliarum
307 1283 408 1330 autern
420 1295 424 1301 ·
436 1291 484 1330 eas
503 1271 627 1330 nomine
654 1269 863 1351 compellavit,
889 1281 924 1326 ut
942 1290 1029 1347 quam
1049 1263 1198 1326 maximas
1212 1267 1249 1326 ab
1266 1270 1309 1343 iis,

83 1401 86 1406 Δ
146 1352 200 1432 qni
216 1362 319 1414 earum
330 1343 588 1417 'consuetudinem
605 1368 748 1435 tanquam
765 1355 965 1436 ingenuarum
981 1349 1183 1433 appetebant,
1200 1374 1310 1413 merce-

112 1459 133 1512 .'
146 1438 200 1510 des
218 1440 366 1522 exigeret:
392 1454 589 1521 posteaquam
606 1454 706 1501 autern
722 1439 840 1506 llorem
861 1437 966 1499 aetatis
994 1459 1104 1498 earum·
1115 1459 1227 1520 magno
1246 1459 1308 1499 cum

66 1531 70 1586 ἱ
108 1547 110 1550 ·
146 1537 274 1602 quaestu
292 1525 467 1604 prostituit,
479 1547 570 1600 uno,
595 1526 688 1605 utita
707 1526 823 1598 dicam,
845 1524 926 1590 fasce
944 1542 1071 1603 corpora
1087 1522 1183 1581 etiam
1202 1545 1309 1600 earum,

48 1612 51 1640 ²
146 1629 215 1668 cum
232 1621 349 1688 septem
367 1620 483 1682 essent,
500 1611 651 1683 vendidit,
671 1604 801 1682 rl'ntiae,
817 1608 976 1680 Stratolae,
992 1607 1201 1680 Aristocleae,
1218 1609 1307 1669 Meta·

56 1688 124 1771 Ι364
144 1691 239 1765 nicae,
256 1693 371 1766 Philae,
388 1693 559 1754 Isthmiadis
573 1694 603 1755 et
616 1694 859 1754 Neaeraehuius.
877 1695 976 1768 Quam
991 1692 1085 1774 igitur
1102 1693 1306 1773 unusquisqne

52 1787 58 1803 ¹
119 1832 121 1839 s
146 1797 248 1836 earum
266 1777 384 1853 emerit,
402 1790 433 1837 et
450 1791 485 1838 ut
501 1779 539 1840 ab
557 1780 603 1852 iis,
623 1780 676 1858 qui
688 1800 736 1839 eas
751 1779 917 1839 aNicareta
933 1789 1081 1852 emerant,
1098 1777 1241 1837 libertate
1258 1779 1327 1838 do-⁴

93 1888 102 1917 i
145 1874 233 1921 natae
250 1862 328 1922 sint:
351 1856 514 1944 progressu
534 1863 695 1938 orationis,
713 1865 738 1924 si
756 1864 860 1924 audire
878 1863 987 1924 voletis
1006 1875 1131 1942 etaqua
1149 1863 1226 1922 mihi
1244 1885 1310 1944 sup·
1328 1893 1329 1896 ¹

103 1938 106 1949 ’
125 1956 128 1961 “
145 1952 240 2026 petet,
257 1947 343 2007 vobis
362 1948 525 2029 explicabo.
552 1951 697 2009 Neaeram
717 1963 817 2009 autem
836 1949 928 2017 luisse
947 1947 1116 2020 Nicaretae,
1135 1959 1168 2006 et
1186 1969 1309 2031 corpore

44 2026 48 2048 ³
139 2031 255 2093 secisse
273 2042 442 2112 quaestum,
460 2034 640 2116 morigeram
660 2021 818 2106 omnibus,
838 2033 890 2113 qui
909 2055 977 2095 cum
996 2053 1030 2091 ea
1048 2033 1197 2114 congredi
1215 2033 1310 2113 pretio

90 2118 98 2196 J
125 2167 130 2179 ,
146 2116 216 2176 dato
233 2117 362 2178 vellent:
381 2119 440 2196 hoc
458 2118 544 2179 vobis
563 2120 665 2179 denuo
683 2119 819 2178 narrabo.
853 2119 957 2202 Lysias
975 2117 1129 2197 sophista,
1148 2118 1310 2179 Metanirae

67 2209 87 2242 '·
103 2196 116 2208 ⁶
130 2277 133 2283 ι
146 2213 271 2274 amator,
288 2201 398 2275 uoluit,-
412 2217 533 2284 praeter
549 2204 620 2271 alias
639 2204 800 2284 impensas,
819 2225 891 2282 quas
911 2203 943 2262 in
959 2223 1024 2261 eam
1043 2201 1231 2277 conserebat,
1249 2225 1311 2264 earn

102 2295 111 2370 'X'
145 2284 394 2355 etiam-initiare:
421 2289 505 2366 quod
529 2285 732 2361 existimabat,
763 2289 898 2367 reliquos
926 2300 1043 2347 sumtus
1068 2287 1219 2354 dominam
1249 2290 1312 2349 eius

51 2426 54 2435 ,
91 2384 94 2394 “
146 2368 320 2450 percipere,
345 2393 512 2450 quaerero
532 2373 563 2432 ia
589 2374 700 2443 festum
717 2386 750 2433 et
773 2372 866 2455 initia·
876 2393 932 2453 pro
952 2395 985 2432 ea
1013 2373 1195 2446 insumeret,
1221 2373 1257 2433 iis
1276 2394 1308 2433 se

141 2453 183 2539 ab
201 2453 265 2535 ipsa
273 2454 409 2523 xmuliere
427 2451 725 2539 gratiaminiturum.
742 2459 885 2518 Precatus
903 2458 998 2540 igitur
1017 2471 1062 2518 est
1079 2458 1260 2530 Nicaretam,
1275 2470 1311 2518 ut

45 2597 49 2612 ,
145 2539 183 2599 ad
200 2538 287 2599 initia
304 2541 433 2616 veniret,
451 2543 596 2603 Metanira
612 2564 715 2603 secum
733 2545 870 2616 adducta,
889 2556 924 2602 ut
936 2543 1118 2614 initiaretur,
1136 2536 1310 2622 ipseque'se

109 2659 117 2669 x
144 2622 228 2684 illam
245 2623 439 2709 initiatorum·
453 2626 500 2687 est
516 2626 677 2708 pollicitus.
705 2629 799 2702 Quas,
818 2650 886 2686 cum
904 2628 1067 2700 venissent,
1076 2628 1119 2701 ,in
1138 2649 1207 2686 suas
1226 2628 1311 2687 aedes

113 2701 250 2851 ‘J'Lysias
262 2730 326 2773 non
340 2711 518 2786 introduxit,
536 2714 649 2789 ueritus
664 2735 732 2772 cum
747 2733 883 2785 uxorem,
902 2734 991 2793 quam
1004 2694 1148 2784 habehat,
1161 2711 1312 2795 Brachylli

140 2793 166 2872 ,fi
180 2793 247 2868 am,
261 2812 347 2855 ‘suam
366 2805 499 2876 neptem,
510 2809 581 2858 'tum
598 2810 724 2879 matrem
742 2820 834 2856 suam·
845 2810 917 2857 natu
936 2799 1096 2879 grandem,
1116 2818 1194 2876 quae
1214 2797 1246 2854 in
1263 2796 1312 2855 iis-

79 2901 95 2943 a
147 2878 216 2937 dem
240 2880 366 2941 aedibus
393 2880 557 2942 habitaret:
583 2883 637 2942 sed
655 2884 691 2941 ad
709 2883 926 2941 Philostratum
945 2878 1136 2958 Coloneum,
1165 2882 1311 2942 coelibem

54 3038 56 3045 Ι
105 2971 112 2983 ’
146 2961 245 3037 adhuc
263 2977 294 3024 et
311 2965 371 3024 sibi
395 2961 690 3039 amicum,deducit
708 2988 756 3026 eas
774 2966 895 3050 Lysias,
921 2980 982 3026 tam
999 2967 1199 3043 Metaniram,
1227 2988 1309 3045 quam

145 3045 323 3108 Nicaretam.
342 3046 551 3111 Comitabatur
569 3073 616 3112 eas
636 3052 725 3111 etiam
740 3052 866 3124 Neaera,
885 3052 942 3111 iarn
961 3053 1084 3130 quidem
1102 3050 1228 3132 vulgato
1246 3072 1323 3110 cor-x>

80 3184 83 3189 ,
145 3151 237 3212 pore,
262 3134 317 3192 sed
333 3133 436 3195 iunior
454 3149 484 3195 et
502 3148 597 3196 aetate
615 3137 714 3197 adhuc
739 3137 905 3196 immatura.
940 3139 986 3217 Ue
999 3137 1094 3217 igitur
1111 3157 1193 3217 vera:
1202 3156 1250 3194 me
1269 3135 1312 3193 di-

146 3235 225 3289 cere,
243 3229 274 3276 et
291 3215 384 3279 luisse
401 3221 559 3281 Nicaretae
571 3221 718 3282 Neaeram
737 3234 866 3298 constet,
885 3234 915 3280 et
930 3233 1065 3280 secutam
1084 3221 1168 3280 illam
1180 3233 1219 3280 *et
1237 3240 1312 3278 mer-

60 3309 69 3319 ‘
146 3300 252 3364 cedem
282 3305 461 3365 numeranti
479 3306 573 3366 cuivis
597 3307 646 3365 sui
671 3307 778 3367 secisse
805 3306 939 3389 copiam:
969 3306 1075 3366 barum
1098 3314 1209 3375 rerum.
1229 3304 1311 3383 robis
1351 3342 1354 3350 ·

134 3382 244 3469 ipsum
256 3385 571 3452 Philostratum¹roco
589 3385 707 3460 testem.
753 3419 758 3442 ι

489 3534 931 3618 ‘rnsrrmontum

120 3693 123 3699 ,
157 3704 159 3707 ,
228 3643 450 3721 Philostratus,
467 3634 679 3732 Dionysii'Ff,
695 3644 868 3725 Coloneus,
887 3647 1128 3720 testatur,-scire
1147 3668 1198 3722 se,
1217 3647 1313 3707 Neae-

59 3778 88 3816 Τ,
120 3733 206 3812 ἠιη
223 3729 317 3789 fuisse
334 3730 508 3806 Nicaretae,
527 3733 612 3792 cuius
633 3747 663 3793 et
680 3732 826 3793 Metanira
844 3732 956 3804 fuerit,
977 3745 1007 3791 et
1024 3733 1061 3792 ad
1079 3754 1112 3797 se
1131 3755 1197 3793 esse
1217 3733 1313 3792 dedu·
1347 3779 1354 3792 ,

133 3813 237 3888 etam,
264 3837 331 3875 curn
351 3816 387 3875 ad
405 3817 491 3876 initia
510 3817 569 3878 huc
595 3818 765 3892 venissent,
792 3820 863 3878 dum
882 3814 1023 3877 Corinthi
1042 3819 1208 3900 degerent:
1235 3815 1314 3897 apud

77 3928 79 3935 >
140 3917 174 3957 se
192 3910 292 3974 autem
318 3920 383 3961 esse
411 3901 572 3963 collocatas
591 3925 607 3963 a
624 3904 731 3989 Lysia,
759 3899 885 3983 Cephali
907 3903 993 3975 lilio,
1019 3904 1116 3963 amico
1144 3924 1201 3963 suo
1223 3902 1313 3962 etla-

111 3981 288 4066 ›miliarip
447 4055 451 4060 ι
518 4056 521 4060 .
558 4055 561 4070 Ι
861 4064 865 4068 ᾗ
928 4041 933 4051 ,
977 3989 979 3992 ’
1130 4003 1160 4033 1*
1212 4005 1234 4061 ’,
1283 4053 1286 4056 ,

128 4084 145 4092 “
215 4066 363 4142 Rursus,
381 4069 605 4146 Athenienses,
623 4073 853 4133 deindeSimus
871 4073 1035 4151 Thessalus
1053 4095 1122 4134 eum
1139 4073 1257 4132 Neaera
1276 4070 1313 4129 ad
1341 4077 1350 4097 ‘

141 4154 489 4233 magnaPanatheuaea
505 4158 644 4231 advenit,
672 4159 836 4219 comitante
861 4178 913 4218 eos
938 4157 1027 4218 etiam
1051 4159 1199 4228 Nicareta:
1236 4152 1313 4215 Cum

141 4247 240 4296 autem
259 4238 483 4300 diverterentur
499 4244 536 4304 ad
555 4241 748 4324 Ctesippum,
767 4243 982 4304 Glauconidae
998 4243 1110 4317 filium,
1136 4256 1167 4303 et
1186 4240 1310 4322 compo-

107 4372 110 4377 ,
140 4317 222 4381 tabat
240 4333 270 4382 et
288 4325 501 4402 concoenabat-
514 4349 615 4411 coram
633 4326 737 4397 multis
749 4328 879 4402 Neaera,
893 4340 1038 4408 tanesiam
1054 4326 1205 4389 meretrix„
1221 4327 1263 4388 Et
1276 4337 1312 4386 ut
