2722 4754
118 140 218 248 ,saa
407 170 792 273 χΜΜοεΤΗΕΝιε
828 166 1020 283 orario
1047 205 1074 236 .-
1112 148 1114 151 ’

144 327 204 404 teri
223 338 410 401 domicilium
427 336 589 418 imposuit,
619 338 651 397 id
666 336 745 397 mibi
763 329 1118 418 quoque'imputandum
1137 347 1202 407 est,
1231 336 1312 414 quod

48 485 54 490 ,
143 446 245 506 neque
264 422 399 495 corruit,
411 442 512 502 neque
532 423 692 503 quicquam
710 422 829 504 gravius
847 432 1042 505 passum'est·
1071 423 1175 497 Quare
1195 417 1221 478 si
1238 419 1313 478 fate·
1337 496 1342 505 ὁ

144 534 208 584 rer,
242 509 351 568 meeis
372 507 507 567 omnium
525 508 674 567 malorum
692 521 848 567 auctorem
867 528 945 568 esse:
980 512 1098 579 tamen,
1133 505 1214 585 quae
1231 524 1313 564 com-

137 594 325 674 'maduerinb
342 593 417 652 haec
435 593 566 659 fuemnt„
585 590 661 652 Cum
680 606 781 652 autem
797 604 885 672 pater
897 600 958 673 'nec
975 592 1013 652 ab
1030 591 1140 666 initio,
1156 612 1227 651 cum
1245 589 1314 649 lun-

39 688 57 734 -“
82 747 84 749 ‚
144 679 393 761 dum'muniret,
419 678 467 738 eis'
487 674 629 737 iniuriam
652 678 778 751 lecerit,
803 697 861 736 nec
879 677 937 737 -isti
962 698 1098 757 unquam
1126 675 1228 754 questi
1255 672 1315 733 siut

142 758 390 844 tantouempore
416 762 596 834 interiecto,
621 776 651 822 et
676 762 726 821 alii
750 761 862 822 multis*
876 775 908 822 et
931 762 1048 844 maguis
1071 762 1175 821 afsee'ti
1199 758 1313 818 damnis
1346 800 1349 809 -

98 861 106 867 '
144 849 242 913 nihilo
260 845 327 929 plus
346 869 394 908 me
413 859 575 921 accusent,
609 842 725 926 vosque
745 868 850 907 omnes
867 869 975 927 aquam
995 868 1031 906 ex
1048 846 1175 906 aedibus
1197 857 1228 904 et
1246 844 1314 902 fun-

12 967 17 981 =
92 1001 96 1008 ,
145 937 190 996 dis
210 934 243 993 in
260 935 322 994 vias
341 935 470 992 educere
485 932 628 1005 soleatis,
640 953 728 1005 non,
752 933 794 997 ita
806 933 859 991 ‘me
878 933 1107 1014 amet-Iupiter,
1133 951 1219 1002 eam,
1239 949 1313 1008 quae
1344 975 1347 979 .

17 1091 20 1097 ¹
130 1021 177 1092 ¹in
200 1019 247 1079 via
262 1021 334 1091 '‘est,
355 1018 444 1077 'intro
468 1016 642 1077 admittere:
664 1024 814 1096 quorsum
832 1016 1063 1098 plura-dicenda
1087 1015 1180 1076 sunt?
1195 1014 1313 1104 ’Neque

106 1166 107 1169 ,
145 1105 227 1177 enim
253 1108 289 1164 eis
313 1103 358 1163 his
384 1102 547 1162 obscurum
572 1115 633 1175 est,
658 1102 742 1184 mibi·
760 1102 920 1166 manifeste
940 1101 1119 1169 calumniam
1136 1099 1219 1159 fieri:
1249 1120 1313 1157 cum

144 1188 404 1268 neque-iniuriam
422 1187 481 1248 illis
501 1186 624 1258 faciam,
642 1189 743 1266 neque
762 1209 830 1247 cum
849 1187 892 1246 eis
910 1197 971 1246 tam
990 1187 1066 1246 male
1086 1198 1187 1246 actum
1207 1183 1266 1256 sit,
1281 1197 1314 1244 ut

145 1275 258 1343 dicunt
275 1276 320 1334 Ut
336 1285 436 1332 autem
455 1272 566 1346 sciatis,
585 1292 637 1331 eos
658 1285 688 1332 et
706 1271 835 1332 eluviem
853 1271 886 1330 in
902 1272 981 1331 viam
997 1270 1175 1351 proiecisse,
1195 1281 1227 1328 et
1246 1288 1314 1349 sepe

60 1349 350 1421 314··circumducta
367 1357 451 1426 viam,
464 1357 670 1439 angustiorem
689 1356 836 1430 effecisse,
858 1369 888 1416 et
903 1357 1101 1416 mersorum
1116 1353 1315 1414 matri'iusiu-

112 1459 115 1463 ’
145 1445 274 1506 randum
293 1442 451 1515 detulisse,-
467 1455 499 1503 et
511 1463 532 1504 a
551 1462 617 1504 mea
635 1442 814 1523 postulasse,
831 1454 867 1501 ut
884 1442 965 1503 idem
984 1441 1197 1517 iusiurandum
1218 1440 1314 1500 daret:

146 1549 219 1610 cape
237 1528 312 1587 mihi
330 1528 405 1587 baec
420 1527 595 1588 testimonia
614 1538 644 1588 et
661 1527 916 1608 provocationem.
992 1595 1000 1605 N

363 1744 365 1749 y
402 1680 701 1744 'TESTIMONIA
745 1679 1023 1752 Pnovoc‚nt'1¹0.

65 1815 71 1822 ¹
224 1778 398 1857 'Quidistis
415 1782 591 1843 hominibus
609 1782 790 1877 fieril'possit
806 1767 1035 1864 impudentius?
1071 1780 1149 1863 quae
1169 1777 1317 1863 calumnia
1356 1818 1359 1825 ,

147 1866 356 1928 manifestior?
369 1868 449 1949 qui,
475 1889 543 1927 cum
567 1868 626 1948 ipsi
649 1876 752 1949 sepem
768 1868 975 1950 produxerint
996 1882 1030 1932 et
1050 1868 1130 1928 viam
1156 1885 1317 1947 exaggera-

63 2017 73 2023 „
139 1953 228 2041 rint,
248 1953 330 2038 'alios
350 1953 411 2013 dati
430 1952 531 2012 damni
549 1966 706 2025 accusant,
734 1967 765 2014 et
782 1955 864 2013 mille
878 1953 1037 2014 drachmas
1058 1953 1122 2012 dari
1136 1951 1203 2030 *sibi
1221 1970 1257 2011 ex
1274 1949 1318 2007 le-

130 2036 137 2063 '¹
147 2038 237 2120 gibus
262 2037 389 2097 omnino
409 2039 578 2118 postulant,
605 2060 736 2118 quorum
761 2040 902 2099 universa
925 2039 1039 2098 iactura
1064 2058 1129 2111 non
1155 2048 1204 2096 est
1228 2033 1317 2113 quiu-
1357 2110 1359 2120 Ι

103 2175 106 2179 ,
148 2120 291 2203 quaginta
309 2121 525 2182 drachmarum.
549 2124 645 2203 Atqui
664 2118 870 2197 considerate,
888 2123 1021 2197 ludices,
1040 2144 1131 2202 quam
1149 2121 1316 2181 multorum

59 2255 62 2258 -
103 2207 226 2288 flagris
245 2207 537 2287 ab'aquasdamnum
556 2208 658 2267 datum
677 2208 732 2282 sit,
758 2209 867 2289 partim
885 2209 1047 2280 Eleusine,
1072 2204 1268 2287 partimaliis
1286 2203 1317 2262 in
1341 2254 1345 2258 .

116 2303 128 2325 ³
147 2291 232 2352 lacis.
246 2291 355 2373 Neque
369 2292 480 2366 lamen,
497 2292 568 2351 odii
580 2293 775 2365 immortales,
791 2315 897 2354 eorum
911 2294 1040 2373 quisque
1055 2294 1196 2353 damnum
1213 2288 1317 2350 evici·
1357 2310 1359 2315 ’

79 2409 83 2413 ·
148 2376 195 2436 nis
213 2376 333 2456 pensari
350 2376 407 2435 sibi
426 2377 566 2457 postulat
585 2375 630 2438 Ae
649 2399 706 2461 ego
726 2379 858 2459 quidem,
878 2399 968 2458 quern
985 2378 1135 2460 indignari
1152 2374 1317 2457 oportebat

68 2459 110 2474 ’
147 2458 367 2543 propterviam
387 2463 640 2544 et'angustiorem
660 2466 690 2522 et'
707 2464 845 2535 altiorem
863 2464 987 2535 factam,
1006 2463 1147 2543 quiesco:
1159 2480 1164 2485 ·
1175 2461 1241 2519 istis
1261 2480 1316 2517 au·
1356 2494 1359 2506 ·

130 2614 132 2619 ,
147 2561 210 2608 tem
221 2551 264 2605 ‘ea
281 2545 404 2608 licentia
423 2548 518 2621 datur,
537 2547 562 2606 si
577 2548 618 2624 ita
633 2548 677 2622 fit,
695 2561 730 2608 ut
747 2549 870 2608 allectos
885 2547 1003 2608 iniuriis
1021 2548 1112 2608 etiarn
1128 2543 1315 2606 calumnien-

61 2663 70 2671 -
129 2645 206 2693 tur.
231 2631 343 2709 Atqui,
357 2626 518 2705 Callicles,
536 2631 561 2690 si
579 2632 666 2692 vobis
686 2634 803 2693 munire
822 2631 895 2693 licet
912 2637 1045 2694 vestrum
1063 2632 1208 2702 landum:
1228 2628 1314 2687 nobis
1356 2632 1359 2670 ἵ

149 2716 257 2794 utique
275 2728 414 2775 nostrum
432 2735 556 2795 quoque
573 2717 668 2793 licuit
699 2718 754 2777 Sin
771 2730 856 2797 pater
873 2739 957 2778 meus
976 2717 1145 2777 muniendo
1164 2715 1252 2775 vobis
1270 2713 1314 2772 in·
1341 2714 1359 2743 '²

40 2844 42 2849 .
64 2852 80 2873 „
149 2801 260 2860 iuriam
275 2800 363 2860 lecit:
383 2814 484 2860 ctvos
503 2822 583 2860 nunc
601 2801 676 2861 mihi
692 2803 789 2862 facitis
808 2802 1010 2882 iniuriamtsic
1028 2802 1207 2861 muniendo.
1241 2794 1313 2857 Cum

38 2927 41 2932 -
125 2948 128 2954 ,
151 2885 232 2948 enim
249 2893 350 2945 'vester
367 2886 479 2948 fundus
492 2886 612 2968 magnis
632 2886 707 2947 saxis
727 2887 862 2947 munitus
880 2888 934 2961 sit,
959 2887 1028 2948 satis
1048 2898 1188 2968 apparet,
1212 2904 1313 2962 aquam

24 2972 27 2977 ’
85 2992 88 2996 ·
124 2992 254 3055 rursus
271 2972 305 3030 in
322 2991 423 3029 meum
440 2970 569 3030 fundum
588 2985 761 3032 venturama
781 2985 862 3052 post,
880 2972 906 3031 si
923 2973 966 3033 ita
982 2971 1137 3045 ceciderit,
1156 2968 1329 3050 inopinato«
1357 3004 1359 3014 ·

32 3062 39 3073 '
84 3090 97 3117 η
131 3077 271 3116 ιωυωω
287 3068 512 3136 prostraturam.
530 3055 590 3115 Sed
609 3078 666 3138 ego
685 3059 886 3137 propterhoc
903 3077 955 3117 eos
971 3056 1069 3116 nihilo
1084 3056 1181 3137 magis
1196 3073 1313 3114 accuso:

151 3142 204 3200 sed
223 3141 376 3217 fortunam
395 3140 469 3201 boni
488 3139 634 3214 consulo,
654 3139 701 3214 et,
718 3142 754 3202 ut
770 3161 837 3203 mea
854 3156 957 3215 tuear,
975 3162 1097 3222 operam
1116 3141 1207 3200 dabo.
1243 3139 1313 3199 Nam
1357 3160 1359 3185 ³

95 3219 97 3226 '
153 3238 183 3285 et
200 3226 310 3299 istum,
324 3224 381 3304 qui
399 3230 454 3289 sua
470 3225 713 3331 sepiat,5sapere,
732 3230 814 3306 quod
833 3240 933 3286 autem
950 3226 1026 3286 mihi
1043 3227 1128 3285 litem
1147 3237 1271 3297 movet,
1288 3216 1314 3283 el

46 3386 51 3396 .
130 3309 407 3409 'improbissimum
427 3324 457 3372 et
475 3312 583 3371 mentis
608 3332 711 3371 errore
737 3312 879 3375 affectum
906 3305 973 3372 esse
996 3311 1142 3372 existimo.
1176 3310 1224 3370 Ne
1248 3329 1313 3369 vero
1333 3334 1351 3360 .-

86 3429 94 3434 ν
144 3396 318 3480 Ιιῐιιτιὲιῐιίῐιί,
335 3396 471 3469 ludices,
490 3396 577 3456 istius
595 3396 837 3478 improbitatem,
854 3398 955 3476 nequ‘e
970 3396 1005 3460 in
1023 3395 1226 3478 impingendo
1245 3394 1315 3454 falso

76 3542 81 3549 ,
122 3521 130 3529 -
152 3473 277 3543 crimine
288 3482 451 3555 audaciam.
464 3482 541 3542 Nam
554 3483 637 3562 prius
652 3484 752 3556 etiam,
767 3505 835 3542 cum
845 3482 1029 3543 consobrino
1038 3499 1096 3543 suo
1108 3479 1316 3562 persuasisset,

151 3565 280 3625 ut'mibi
298 3565 381 3624 litem
399 3581 536 3628 moveret
554 3569 590 3627 de
609 3567 721 3641 fundo,
736 3584 738 3587 ·
756 3568 911 3649 pactiones
931 3567 1154 3629 commentitias
1173 3565 1316 3647 protulit:

140 3663 184 3710 'et
202 3672 283 3712 nunc
301 3649 430 3730 ipse‘me
449 3654 509 3712 alio
528 3652 642 3718 iudicio
664 3653 820 3713 absentem
837 3654 1050 3714 condemnavit
1069 3653 1176 3713 arbitri
1195 3664 1316 3712 senten·
1350 3712 1353 3721 ,

144 3736 211 3809 tia,
239 3732 353 3805 Callari
366 3737 507 3811 nomine,
533 3737 587 3816 qui
603 3759 683 3798 unus
703 3751 750 3798 est
767 3734 783 3797 e
802 3737 894 3798 servis
912 3739 995 3798 meis.
1028 3739 1105 3799 Nam
1123 3750 1251 3818 praeter
1267 3736 1317 3797 alia

54 3830 70 3882 ἰ
133 3821 266 3896 ¹scelera
285 3822 374 3882 etiam
392 3821 451 3881 hoc
470 3835 675 3883 commentum
693 3812 918 3906 e'ricogitaruut:
935 3819 1085 3882 Callarum
1104 3823 1248 3883 eiusdem
1261 3821 1318 3894 ,cri-
1345 3850 1349 3855 ¹

113 3929 117 3945 ¹
152 3906 242 3969 minis
260 3928 346 3967 reum
364 3920 464 3990 agunt
500 3908 577 3982 Quis
596 3910 696 3968 autem
714 3930 817 3975 servus
835 3907 954 3968 iniussu
971 3908 1088 3968 domiui
1105 3912 1217 3990 agrurn
1236 3919 1318 3989 septo

79 4007 82 4011 ·
153 3988 372 4053 circumdaret?
387 4018 391 4026 ·
406 3990 483 4053 Cum
501 3980 864 4074 autem,1quod⁵Callaro
884 3992 1043 4066 obiiciant,
1066 3992 1147 4053 nihil
1166 3994 1255 4057 aliud
1271 3993 1319 4052 ba-

26 4144 28 4157 !
86 4086 108 4157 J
148 4075 260 4136 'beautz
292 4089 419 4157 propter
434 4079 467 4137 id
484 4074 619 4161 septum,
646 4099 708 4158 quo
726 4079 807 4139 lacto
824 4090 910 4158 pater
926 4098 1021 4157 anuos
1039 4078 1172 4166 amplius
1192 4079 1319 4160 quinto-

63 4169 66 4175 ‘
125 4168 129 4181 '
157 4156 320 4235 cimrixit,
339 4182 409 4222 eum
427 4162 459 4223 in
477 4164 524 4223 ius
541 4176 658 4224 vocant
682 4163 878 4246 Quodsi-*ego
897 4162 1025 4243 praediis
1044 4161 1091 4222 his
1112 4184 1257 4241 cessero,
1274 4175 1320 4226 aut

21 4318 26 4324 ξ
72 4246 133 4304 315
156 4245 303 4320 uenditis,
328 4259 467 4308 anteum
484 4248 548 4308 aliis
567 4249 699 4328 praediis
718 4248 913 4330 permutatis:
939 4247 1015 4315 nihil
1034 4247 1146 4310 iniusti
1164 4251 1242 4313 lacit
1260 4247 1321 4312 Cal·

15 4341 34 4397 “,
156 4327 244 4393 larus.
261 4329 316 4394 Sin
333 4331 399 4413 istis
416 4333 591 4394 condonare
609 4351 674 4413 mea
690 4335 782 4395 uolo:
799 4333 924 4397 summis
941 4355 959 4396 a
977 4329 1099 4396 Cullaro
1117 4335 1245 4401 iniuriis
1263 4336 1321 4400 alfi-

647 4476 651 4480 i
712 4444 742 4474 fs

205 4532 214 4547 l
295 4514 339 4543 ’ἱ
