2722 4754
116 136 211 264 'tos'
239 116 263 225 ἶ
415 108 785 221 uuuosru‘sms
820 110 1020 223 οιιίιιο

60 323 63 328 ’
132 310 186 374 bat
202 326 315 387 noctu,
342 324 469 393 propter
485 290 557 372 anni
582 325 720 414 tempus,
736 325 772 375 ut
795 311 923 393 pluviae
933 325 965 375 et
981 310 1117 381 tonitrua
1143 315 1176 374 et
1192 326 1304 376 centus
1330 364 1338 374 .

40 401 69 475 ἦ,
110 419 275 481 'maguus
287 397 435 465 oriretur·
462 397 538 458 lraec
554 401 645 459 enim
673 398 763 460 sub
750 420 854 478 ipsum
877 398 1034 458 Pleiadum
1060 392 1202 460 occasum
1227 400 1304 459 faeta

134 492 213 546 sunt
240 474 333 558 Quas
342 482 382 541 ob
401 503 448 542 res
468 483 500 543 in
519 506 608 564 quarn
626 484 719 553 aniuri
737 483 970 578 aegritudinem
977 505 1042 544 non
1060 475 1215 545 incidisse
1226 484 1303 543 ruili-

133 582 180 630 tes
198 567 394 629 existimatis?
412 590 516 657 quam
521 564 633 632 multos
651 592 667 629 a
686 591 733 630 me
745 565 857 650 poste'a
873 569 1027 653 aufugisse
1037 570 1146 630 rursus
1165 578 1304 630 veterum

75 684 83 693 ’
134 665 312 742 nautarum,
336 674 406 715 eum
424 666 455 714 et
479 676 602 737 magnas
626 676 784 717 aerumnas
795 655 990 729 tolerarent,
1014 667 1047 714 et
1071 670 1191 735 operae
1207 649 1305 742 pretia
1332 680 1337 691 ι

49 760 67 794 ι,-
133 758 223 821 parra
241 738 394 814 facerent,
418 752 565 820 quantum
590 740 708 801 scilicet
725 762 788 823 ego
810 739 853 801 eis
870 741 908 800 ad
926 739 996 822 illa,
1022 760 1100 819 quae
1117 740 1203 821 prius
1222 761 1239 799 a
1257 759 1304 799 me
1338 740 1341 744 ⁴

68 839 71 845 “
122 824 336 900 abstulerant,
362 832 500 884 mutuare
526 826 687 906 poteram?
712 849 781 886 uam
804 827 890 886 dux
882 845 921 886 ue
939 814 970 885 id
996 825 1137 905 quidem,
1165 823 1251 904 quod
1267 824 1305 890 ad

49 966 53 991 ι
134 910 343 991 quotidianam
360 910 533 972 alimoniam
551 911 735 991 pertineret,
752 908 969 1005 suppeditabat
1003 910 1119 971 Etiam
1137 919 1204 981 tres]
1219 929 1306 974 men-

110 1050 116 1060 ,
136 1012 184 1056 ses
202 995 341 1078 legitimo
358 997 565 1077 praefecturae
587 996 719 1077 tempori
736 994 938 1070 adieceram,
946 1002 977 1057 e‘t
990 1007 1063 1056 cnm
1089 995 1147 1055 iste
1166 988 1305 1055 nondum

123 1081 174 1152 Ιιιιι
191 1099 299 1141 navem
316 1081 452 1155 veniret,
478 1102 537 1164 ego
555 1081 593 1141 in
597 1083 802 1160 deserturam
828 1082 930 1142 locum
955 1092 1060 1141 nautas
1086 1079 1307 1154 conducebam,

136 1178 244 1226 mutuo
263 1178 360 1227 sumta
378 1166 513 1250 pecunia
532 1166 597 1226 Soli
614 1179 716 1233 autem
734 1167 789 1227 isti
801 1188 817 1227 e
831 1166 960 1228 caeteris
976 1166 1204 1230 successoribus
1223 1166 1306 1225 nulla

39 1323 42 1327 Δ
134 1249 320 1333 relinquitur
336 1251 509 1341 excusatio,
517 1274 572 1312 cur
588 1271 652 1312 non
653 1250 774 1326 multo
785 1264 854 1312 ante
873 1254 910 1313 ad
919 1273 1030 1312 navem
1048 1231 1175 1311 venerit.
1193 1250 1307 1311 Eucte-

79 1399 85 1407 Ι
135 1357 222 1400 ιιιοιι
234 1335 322 1407 enim
338 1326 571 1412 semicenttirio,
597 1349 642 1397 ut
659 1359 695 1399 ex
712 1338 914 1418 Hellesponto
939 1349 1068 1419 propter
1089 1334 1232 1405 morbum
1252 1336 1306 1394 do
1316 1350 1322 1356 ·

50 1492 56 1499 θ
99 1423 104 1433 ’
136 1443 220 1481 ιιιιιιιι
238 1433 285 1481 est
301 1421 421 1495 missus,
439 1423 656 1505 cumprimum
674 1423 791 1505 appulit
808 1435 838 1493 et
855 1421 1071 1503 aqdiitrstum
1090 1420 1167 1480 mihi
1182 1441 1306 1480 succes-

94 1537 96 1541 <
119 1527 236 1566 xsorem
255 1506 374 1581 datum,
391 1529 461 1567 eum
478 1507 587 1584 sciret,
605 1509 664 1581 iam
684 1521 715 1568 et
732 1509 829 1569 exisse
846 1514 966 1588 tempus
985 1506 1193 1588 praefecturae
1209 1526 1305 1580 meae,

39 1619 42 1624 ¹
136 1603 168 1651 et
180 1612 228 1651 me
242 1590 301 1651 iam
318 1592 398 1652 ultra'
414 1593 579 1654 tenninum
597 1589 721 1668 abesse:
738 1592 875 1677 adhibito
890 1592 992 1666 Dinia,
1009 1611 1118 1652 socero
1137 1612 1218 1664 meo,
1236 1613 1304 1652 eum

50 1717 75 1758 -κ
134 1675 167 1736 in
184 1676 325 1759 Digmate
337 1678 505 1754 convenit,-
523 1691 554 1741 et
568 1701 661 1759 quam
678 1678 808 1761 primum
827 1680 864 1739 ad
889 1699 996 1739 navem
1014 1677 1125 1742 abire
1115 1675 1229 1736 tussit:
1238 1658 1304 1735 ·-im
1320 1696 1328 1756 j

135 1781 244 1842 pensas
262 1761 343 1823 enim
362 1763 393 1822 in
413 1763 476 1824 dies
491 1762 632 1848 singulos
641 1785 772 1846 magnas
788 1763 866 1838 freri,
882 1778 1003 1844 praeter
1019 1769 1234 1836 commeatum,
1252 1760 1304 1841 qui
1341 1806 1344 1812 .

63 1851 81 1881 ‘²
125 1864 157 1917 =a
172 1847 300 1909 ducein
318 1869 425 1909 navem
450 1851 579 1911 daretur.
583 1849 701 1951 sle
684 1849 860 1933 singulatim
881 1851 909 1908 ei
927 1847 1203 1932 commemoravit,
1229 1867 1304 1926 quae

136 1934 332 1994 mercedes
314 1934 447 2017 remigio
473 1948 504 1995 et
526 1931 701 1995 militibus'
692 1957 725 1994 ιιι
751 1934 889 2035 singulos
913 1955 1031 1995 menses
1058 1944 1305 2005 numerarentur,
1335 1980 1339 1987 s

79 2065 100 2088 2
138 2038 215 2112 quae
234 2019 363 2096 nautis,
369 2041 463 2100 quos
474 2021 539 2102 ipse
556 2020 711 2102 Lampsaci
729 2019 942 2095 conduxisset,
961 2039 1037 2100 quae
1056 2017 1109 2091 iis,
1128 2017 1233 2099 quiin
1252 2019 1305 2077 de-

111 2107 290 2177 ·sertorum
309 2106 410 2187 locum
428 2106 666 2166 inscendissent.
691 2120 926 2187 praetereaque,
952 2105 1026 2186 quid
1043 2116 1181 2183 veterum
1200 2115 1306 2162 nauta·
1324 2181 1328 2187 ι

135 2210 205 2249 rum
223 2189 356 2272 singulis
367 2184 492 2273 rogatus
510 2191 702 2264 addidissem,
719 2205 881 2291 postquam
897 2190 973 2250 mihi
990 2176 1198 2271 praefecturae
1217 2210 1307 2247 nava·
1339 2231 1342 2239 .

136 2259 174 2334 ιιι
192 2272 256 2334 dies
275 2273 396 2348 exisset,
410 2288 445 2336 et
462 2288 596 2350 caetera,
619 2297 699 2356 quae
717 2277 750 2335 in
768 2298 875 2337 navem
893 2274 1032 2375 quotidie
1049 2275 1307 2357 impenderentur.

67 2422 74 2429 ,
138 2359 225 2434 Quae
244 2379 308 2418 non
321 2358 498 2441 ignorabat:
510 2382 572 2442 per
588 2381 658 2421 eum
671 2362 776 2435 enim,
792 2362 867 2425 dum
885 2360 1171 2422 semice'nturionem
1189 2371 1305 2441 ageret,

66 2469 73 2483 ι
140 2456 171 2503 et
189 2432 368 2505 emebantur
385 2458 417 2506 et
440 2446 688 2527 expendebantur
705 2446 813 2507 omnia
846 2448 894 2507 De
911 2447 1105 2506 armamentis
1123 2466 1243 2543 porro,
1256 2464 1306 2503 me

137 2528 289 2631 privamtim
295 2551 328 2590 ea
347 2528 458 2592 babere
477 2544 508 2592 et
526 2551 542 2591 e
560 2530 684 2612 publico
699 2532 779 2592 nihil
796 2532 947 2632 accepisse
964 2531 1077 2591 retulit
1108 2530 1211 2590 Earn
1202 2526 1307 2611 igitur,

51 2652 58 2661 ι
102 2655 103 2658 ¹
138 2613 258 2714 inquit,
279 2615 357 2675 inito
380 2617 548 2692 rationem,
566 2630 609 2681 ut
625 2629 678 2699 aut
695 2617 790 2677 abeo
806 2617 1048 2698 illarmpetre's,
1053 2629 1106 2677 aut
1123 2627 1307 2682 armamenta

138 2699 253 2780 privata
271 2699 352 2760 hinc
360 2701 482 2763 afferas.-
502 2688 651 2770 Arbitror
664 2715 776 2775 autem,
795 2722 825 2763 er
815 2702 928 2762 facile
946 2715 1048 2762 tecum
1058 2713 1305 2763 „conventurum

77 2790 80 2806 ³
138 2783 200 2844 illic
219 2785 300 2863 enim
318 2788 477 2866 pecuniam
496 2788 605 2861 debet,
632 2810 721 2867 quam
739 2787 905 2848 dissolvere
927 2787 1012 2848 volet
1028 2787 1067 2847 de
1091 2786 1192 2867 pretio
1212 2798 1308 2850 artne³

57 2871 119 2928 270
141 2883 342 2930 mentorum.
357 2872 440 2932 His
431 2886 488 2934 rste
506 2895 544 2933 er
559 2872 748 2933 Euctemoue
767 2884 798 2933 et
814 2872 922 2945 Dinia,
945 2893 1052 2943 socero
1071 2893 1161 2948 meo,
1188 2870 1308 2943 auditis,

140 2955 178 3017 ad
197 2976 250 3028 ea,
269 2972 346 3036 quae
365 2956 393 3022 ei
412 2957 578 3057 dixerant,
586 2957 662 3018 nihil
681 2957 856 3041 respondit,
874 2957 930 3018 sed
947 2978 1016 3018 cum
1034 2957 1098 3018 risu
1117 2956 1231 3017 dixisse
1248 2956 1292 3015 fer

67 3089 87 3121 o
137 3052 203 3099 tur:
219 3041 317 3100 Modo
336 3064 402 3102 mus
416 3043 519 3124 picem
536 3055 652 3128 gustat:
645 3030 783 3103 -lacetus
804 3043 965 3103 enimesse
983 3041 1088 3102 voluit
1107 3039 1186 3103 Cum
1206 3053 1304 3102 autem

137 3124 335 3186 Euctemonis
355 3139 385 3186 et
402 3127 511 3190 Diniae
535 3114 649 3188 verbis
660 3128 737 3188 nihil
760 3140 951 3202 moveretur,
974 3117 1080 3208 postea
1105 3149 1213 3187 rursus
1240 3147 1306 3185 eum

138 3210 327 3270 conveniunt
342 3211 592 3314 ΡχιιιοιιιιιιιιΗ
557 3211 761 3274 Acharnensis
780 3228 817 3275 et
813 3209 1043 3294 Apollodorus
1067 3210 1307 3284 Leuconoensis,

43 3300 46 3305 “
68 3352 70 3361 ,
135 3292 299 3381 familiares
318 3317 378 3357 mer
386 3311 487 3381 atque
504 3298 610 3399 amici,
633 3310 664 3358 et
681 3299 718 3359 ad
733 3320 842 3360 navem
860 3298 942 3357 abire
961 3297 1083 3371 iubent,-
1096 3309 1132 3358 ut
1150 3313 1305 3359 successo-

46 3425 56 3444 ,
138 3397 220 3440 rem:
229 3373 326 3440 etde
343 3380 547 3443 armamentis‘
554 3383 583 3442 ei
600 3397 738 3457 narrant,
757 3405 805 3444 me
823 3365 961 3465 privatim
981 3383 1093 3443 habere
1112 3382 1232 3455 omnia,
1248 3404 1310 3482 pu-

118 3453 254 3524 *blisum
272 3465 356 3525 nihil.
392 3467 512 3543 Quodsi
529 3444 590 3528 illis
609 3469 655 3546 uti
663 3469 773 3543 voles,
790 3468 975 3548 relinque,
966 3468 1127 3548 mquiunt,
1146 3462 1306 3549 pecuniam

140 3546 207 3623 bic,
232 3570 332 3630 neque
349 3552 486 3632 periculo
511 3553 601 3615 maris
626 3554 799 3629 committe,
825 3553 898 3613 illuc
920 3553 1077 3629 vehendo:
1103 3554 1213 3633 idque
1218 3573 1251 3624 ea
1270 3540 1333 3612 de*

53 3640 55 3645 ’
140 3633 227 3694 eausa
244 3633 412 3711 faciebant,
437 3650 472 3698 ut
489 3637 565 3697 mihi
590 3638 794 3700 redimerent
792 3638 973 3721 praedium,
993 3638 1124 3701 redditis
1138 3637 1307 3698 Archeneo

139 3732 171 3779 et
188 3717 397 3805 Thrasylocbo
413 3723 537 3806 triginta
556 3722 663 3783 minis.
686 3725 733 3784 De
752 3730 1005 3784 armamentorum
1030 3736 1132 3784 autem
1150 3722 1309 3784 attritione

129 3800 349 3866 'voluerunt
322 3827 349 3866 er
368 3807 469 3869 literas
488 3808 558 3868 dare
578 3821 609 3868 et
625 3809 683 3892 ipsr
674 3807 879 3890 spondere
869 3830 925 3890 pro
944 3830 1013 3882 me,
1037 3809 1122 3884 fore,
1147 3821 1183 3870 ut
1202 3809 1306 3868 eadem

139 3908 259 3971 mecum
278 3892 456 3954 conditione
480 3892 680 3976 transigeret,
706 3915 765 3984 qua
783 3909 814 3955 et
830 3894 964 3975 reliqui
959 3894 1137 3954 triremium
1163 3891 1307 3975 praefecti

82 3982 84 3986 ’
140 3995 209 4118 {um
227 3972 460 4122 succqs‘soribus
494 3978 578 4040 Haec
594 4000 611 4058 a
628 3999 677 4040 me
694 3999 765 4042 vere
784 3980 843 4042 dici
860 3992 897 4041 ut
913 3993 1052 4057 constet,
1059 3979 1237 4080 testimonia
1252 3997 1307 4040 ιο-

124 4078 130 4101 s
162 4081 187 4120 rs
204 4061 297 4124 recita
319 4075 420 4124 untur.
484 4093 493 4119 l
654 4080 657 4089 ’
820 4100 823 4104 ›

416 4207 418 4214 '
521 4175 963 4288 srasr1rlrou1a·

176 4304 188 4309 '¹
224 4313 329 4378 Multis
344 4329 445 4415 autem
457 4336 511 4407 *me
532 4318 620 4405 robis
633 4321 819 4402 argumentis
836 4333 1133 4405 ostensurumputo,
1150 4321 1304 4408 Polyclem
