2722 4754
355 40 445 103 ,1.

339 117 441 150 ’Ν

55 228 148 316 με
253 238 260 317 3
362 164 981 305 'ou-uosruunrsouauro
1090 158 1134 229 Ἰ
1242 242 1251 270 t

17 372 32 409 ”
88 373 93 384 “
108 374 192 433 iusto
207 369 355 432 vocabulo
373 389 464 443 usus,
481 367 568 430 vobis
586 369 739 430 restituat:
766 371 820 430 sed
838 368 970 442 iniusto,
990 368 1072 428 dono
1091 349 1181 428 deti·
1199 366 1274 426 Non

13 444 24 456 κ
108 459 169 519 hoc
185 456 308 537 ntique,
332 453 417 513 utin
434 447 488 513 uos
507 454 670 514 contulisse
689 450 871 514 beneficium
882 453 985 515 'videri
1002 451 1076 514 velit
1092 449 1296 534 (ridiculum

25 552 34 576 ‘¹
110 542 192 603 enim
207 541 267 600 hoc
282 538 463 600 beneficium
477 536 593 620 fuerit),¹
609 540 663 619 sed
676 553 713 598 ut
727 540 850 610 ¹Graecis
865 538 1006 599 omnibus
1024 538 1174 611 ostendat,
1193 536 1281 596 beno<

77 622 78 626 ¹
110 640 212 688 secum
231 623 278 706 agi
296 626 401 704 putare
419 621 641 699 Athenienses,
667 624 691 683 si
710 624 857 684 maritima
882 625 948 682 loca
966 645 983 683 a
1000 624 1168 683 Macedone
1180 650 1182 655 ¹
1193 620 1274 693 acci·¹
1303 647 1306 651 ⁴

6 778 14 789 „
109 712 200 794 piant
219 710 286 768 Hoc
300 707 484 782 verovobis,
490 707 705 782 Athenienses,
717 729 781 768 non
796 722 842 769 est
855 708 1081 769 admittendum.
1100 708 1274 782 Quum‘au-

84 826 89 832 ·
108 809 172 856 tem
191 793 325 867 dicit,:se
343 793 381 852 de
398 789 444 851 his
462 791 539 852 velle
555 793 671 870 iudicio
690 793 832 874 experiri:
850 793 927 852 nihil
945 792 1026 852 aliud
1044 792 1103 851 nisi
1118 812 1171 851 vos
1191 786 1274 850 deri-

110 881 169 939 det
182 878 333 958 primum,
339 899 432 956 quum
446 876 638 958 postulat-ut
646 877 849 938 Athenienses
860 870 932 937 'cum
945 898 993 952 eo,
1007 875 1151 956 quiPella
1166 876 1274 934 oriun-

23 1029 28 1041 ,
62 959 77 1005 ¹,
111 963 306 1045 du's'est,'dc
323 960 430 1021 insulis
448 962 527 1043 apud
544 962 675 1023 iudicem
693 963 861 1045 ambigant,
879 975 981 1022 utrum
998 973 1114 1027 vestrae
1132 982 1171 1020 an
1189 959 1294 1018 illius*

18 1095 19 1098 ,
109 1047 285 1111 sinti2Nam
302 1046 357 1107 ubi
371 1059 469 1107 vestra
486 1048 632 1127 potentia,
651 1042 728 1126 quae
745 1048 878 1107 Graecos
897 1047 928 1106 in
946 1040 1116 1106 libertatem
1133 1042 1281 1116 asseruit,

107 1131 360 1192 maritima‘vobis
377 1132 444 1192 loca
459 1131 540 1189 tueri
558 1153 621 1190 nou
637 1132 759 1210 poterit,
778 1133 831 1192 sed
848 1131 974 1204 iudices,
992 1130 1101 1212 quihus
1112 1147 1191 1188 rem·
1202 1134 1273 1209 perss

109 1216 333 1295 miseritis,¹qui
349 1216 490 1295 ferendae
504 1216 676 1275 sententiae
695 1228 766 1275 sunt
782 1212 960 1276 auctoritate
972 1214 1116 1294 praediti,
1134 1213 1167 1272 hi
1183 1212 1273 1286 ¹vobis

71 1354 75 1375 ,
110 1323 167 1362 eas:
177 1300 408 1374 conservabunt,
417 1301 453 1359 ¹'oi
465 1312 566 1360 tamen
580 1322 597 1359 a
612 1300 981 1381 Philippolargitionibus
996 1319 1059 1357 non
1075 1317 1281 1377 corrumpam--
1314 1321 1317 1327 ·

24 1436 27 1445 ,
110 1400 174 1446 tur:
205 1405 309 1445 noune
327 1406 408 1458 vos„
425 1385 451 1444 si
469 1384 542 1443 haee
560 1385 757 1458 admiseritis,
781 1385 846 1443 sine
870 1383 931 1444 ullo
949 1382 1155 1451 controversia
1174 1380 1278 1441 conti--

8 1530 12 1537 ,
111 1481 203 1542 nente
221 1490 344 1550 prorsus
362 1468 492 1543 cedetis,
503 1480 550 1527 =ct
567 1469 707 1529 omnibu's
732 1469 906 1529 hominibus
933 1468 1117 1545 ostendetis,
1142 1487 1197 1526 vos
1215 1484 1272 1545 pro

111 1554 195 1613 nulla
212 1576 246 1615 re
263 1564 415 1613 certamen
433 1556 502 1613 c'um
521 1574 558 1612 eo
575 1556 785 1634 suscepturos:
812 1554 837 1614 si
856 1553 977 1632 quidem
994 1562 1050 1633 pro
1068 1551 1157 1610 maris
1176 1550 1273 1630 impe-

70 1691 93 1707 „
110 1639 174 1711 rio,
190 1638 224 1697 in
243 1659 304 1716 quo
322 1659 378 1698 vos
393 1649 533 1717 potentes
553 1659 617 1700 esse
635 1637 823 1719 gloriamini,
841 1658 904 1697 non
914 1636 1112 1718 pugnabitis,
1131 1635 1185 1695 sed
1203 1655 1272 1695 sen·
1289 1691 1295 1702 ,.

29 1799 31 1802 Α
110 1722 236 1782 tentiam
254 1720 362 1781 iudicis
381 1721 597 1800 expectabitis?
628 1725 688 1781 lam
708 1723 790 1800 quod
807 1722 845 1781 ad
862 1735 996 1781 tesseras·
1007 1732 1038 1780 et
1054 1720 1210 1800 pactiones
1229 1729 1273 1777 at-

109 1806 198 1879 tinet,
216 1804 248 1865 se
263 1806 546 1884 'quosdamimisisse
564 1807 623 1878 ait,
642 1806 695 1885 qui
711 1806 862 1866 faciendas
881 1826 929 1866 eas
948 1805 1079 1865 curaturi
1098 1804 1175 1863 sint:
1196 1815 1272 1883 ratas
1301 1818 1304 1829 ’

110 1903 212 1950 tamen
228 1889 354 1962 futuras,
372 1912 436 1949 non
453 1890 508 1949 ubi
524 1891 556 1949 in
574 1890 771 1950 vestra-curia
790 1890 1000 1971 comprobatae
1017 1889 1149 1962 fuerint,
1167 1908 1273 1968 quem-

111 1974 274 2035 admodum
291 1974 340 2033 lex
357 1974 459 2048 iubet,
483 1976 536 2034 sed
554 1997 647 2054 quum
666 1975 703 2034 ad
722 1994 753 2034 se
770 1975 881 2034 relatae
899 1974 1021 2035 suerint
1047 1974 1089 2034 ita
1107 1993 1139 2033 sc
1157 1985 1273 2035 vestrae

112 2057 296 2139 cognitionis
315 2059 446 2133 iudicem
464 2070 662 2138 autoremque
680 2059 758 2118 facit
791 2056 867 2118 Nam
885 2059 918 2117 in
935 2057 994 2119 hoc
1012 2079 1065 2119 vos
1085 2069 1297 2117 antevertere·

42 2167 50 2178 ·
82 2131 97 2149 '²
111 2143 186 2215 vult,
206 2153 236 2201 et
249 2142 283 2201 in'
298 2142 420 2205 tesseris
438 2163 493 2223 pro
514 2144 652 2203 confesso
673 2142 867 2216 constituere,
885 2165 917 2202 se
933 2144 969 2202 de
984 2142 1069 2202 sactis
1085 2142 1116 2201 in
1130 2141 1275 2201 Potidaea

27 2256 37 2266 ·
75 2242 78 2250 ¹
111 2226 231 2286 iniuriis
242 2228 312 2287 'non
330 2228 462 2286 accusari
479 2248 495 2286 a
512 2226 600 2287 vobis
617 2227 761 2287 iniuriae:
786 2229 839 2288 sed
854 2229 932 2290 illud
951 2227 1139 2306 confirmari,
1157 2226 1274 2284 iure'se

112 2332 177 2371 eam
193 2322 224 2370 et
239 2330 411 2391 occupasse,
431 2325 461 2371 et
477 2320 589 2371 tenere.
607 2311 712 2391 Atqui,
731 2325 883 2392 quotquot
896 2311 1098 2371 Athenienses
1112 2311 1275 2371 Potidaeae

88 2395 302 2477 habitarunt,
329 2419 508 2476 quamquam
527 2397 569 2456 eis
596 2419 664 2456 cum
681 2395 822 2476 Philippo
841 2418 903 2456 non
921 2396 1050 2469 bellum,
1076 2397 1129 2455 sed
1147 2395 1283 2454 societas·
1313 2458 1316 2465 ,

112 2493 185 2553 erat,
205 2492 236 2538 et
252 2480 460 2540 iusiurandum
476 2482 694 2556 intercesserat,
712 2475 1034 2561 fidemquc'Philippirs
1047 2479 1209 2548 Potidaeae
1221 2479 1275 2538 ha·
1312 2533 1317 2541 .

112 2564 442 2638 bitantibustdedcran¹
453 2578 553 2625 umen
571 2565 763 2627 saturitatibus
781 2566 843 2625 suis
861 2564 899 2625 ab
918 2586 954 2625 eo
973 2564 1093 2645 spoliati
1111 2577 1188 2624 sunt
1210 2565 1277 2623 ‘Po-

50 2660 54 2683 ‘
113 2649 205 2710 stulat
222 2649 317 2730 igitur
333 2646 402 2722 hoc,
420 2663 457 2709 ut·
470 2650 507 2739 qb
524 2651 606 2708 omni
624 2663 707 2730 parte
727 2650 922 2724 confirmetis,
939 2669 971 2710 se
987 2652 1024 2709 de
1040 2650 1123 2710 hisce
1141 2647 1275 2708 crimini-

113 2734 169 2793 bus
187 2754 245 2792 nec
266 2734 401 2801 accusari
419 2734 556 2806 anobis,
582 2747 613 2792 ct
629 2733 720 2794 nullis
744 2734 870 2800 affectos
896 2755 961 2794 esse
979 2756 1033 2806 vos
1058 2734 1176 2799 iniuriis
1201 2729 1296 2812 pro-'

85 2863 88 2868 .
113 2817 267 2882 fiteamini
302 2817 379 2878 Nam
404 2818 621 2881 Macedonibus
646 2819 767 2878 tesseris
801 2820 942 2895 adversus
969 2818 1170 2879 Athenienses
1187 2815 1275 2875 vnihil

116 2902 241 2963 omnino
261 2921 325 2961 esse
345 2924 439 2982 opus,
464 2904 658 2982 praeteritum
682 2917 801 2983 tempus
822 2904 959 2964 evidenti
983 2904 1068 2964 vobis
1095 2913 1275 2984 argumento

4 2989 7 2993 ’
57 2990 98 3045 52
116 2986 161 3047 sit
177 2986 255 3068 'Nec
273 2986 354 3046 enim
372 2986 420 3046 vel
437 2990 602 3070 Amyntas,
619 2988 751 3070 Philippi
768 2992 869 3069 pater,
886 2988 934 3048 vel
951 2988 1063 3068 reliqui
1080 2984 1277 3059 Macedoniae

6 3077 9 3080 ’
113 3091 219 3152 reges,
245 3093 380 3151 unquam
405 3078 532 3131 tesseras
549 3095 618 3135 cum
642 3073 719 3147 urbe
744 3085 846 3133 nostra
870 3074 1024 3133 fecerunt:
1050 3071 1183 3154 quamvis
1201 3083 1278 3129 tunc

31 3176 34 3181 ·
72 3204 73 3208 ,
113 3155 200 3236 plura
217 3156 411 3228 commercia,
430 3178 519 3235 quam
536 3179 635 3230 munci
658 3157 819 3218 nobiscum
838 3158 866 3217 ei
883 3158 1114 3218 intercederent
1148 3157 1224 3217 Nam
1243 3153 1278 3212 in

114 3252 218 3324 nostra
234 3252 385 3320 potestate
405 3252 468 3300 erat
485 3242 670 3314 Macedonia,
689 3254 720 3303 et
737 3242 851 3302 tributa
869 3242 958 3303 nobis
976 3242 1145 3323 pendebat,
1164 3252 1195 3299 et
1212 3260 1276 3298 em-.

113 3324 207 3404 poriis
225 3337 300 3385 tunc
316 3324 428 3407 magis,
453 3348 543 3404 quam
554 3348 652 3398 nunc,
672 3339 734 3387 tam
752 3349 808 3387 nos
825 3321 967 3401 illorum,
993 3349 1082 3408 quam
1097 3322 1277 3405 ipsi-vestris

113 3409 295 3484 utebantur,
314 3423 345 3470 et
360 3410 471 3470 iudicia
489 3424 689 3471 mercatorum
707 3433 769 3472 non
787 3425 873 3473 crant
889 3412 930 3471 ita
948 3413 1099 3485 accurata,
1118 3408 1277 3471 ut-hodie:

111 3515 202 3572 quae,
218 3495 287 3573 quia
300 3494 426 3577 singulis
440 3497 595 3557 mensibus
609 3511 795 3571 exercentur,
813 3497 959 3569 efficiunt,
976 3509 1021 3570 ut,
1039 3508 1124 3556 tanto
1137 3495 1278 3554 locorum

39 3608 44 3616 ¹
114 3576 273 3638 intervallo
292 3579 437 3652 seiuncti,
463 3582 585 3640 tesseris
603 3581 679 3647 nibil
703 3583 865 3664 indigeant
901 3582 962 3642 Sed
979 3595 1080 3653 tamen
1105 3601 1199 3660 quum
1217 3577 1278 3636 illis

113 3664 301 3743 temporibus
320 3665 380 3725 tale
404 3664 481 3723 nihil
499 3665 530 3724 in
548 3688 605 3725 usu
625 3678 722 3738 esset,
740 3689 803 3726 non
823 3666 1016 3768 expediebat,
1032 3667 1164 3730 'tesseris
1190 3661 1286 3734 factis¹

62 3820 64 3829 y
113 3748 151 3806 ad
168 3747 234 3819 iura
251 3750 380 3829 peteuda
398 3748 445 3808 vel
464 3769 500 3808 cx
517 3751 692 3811 Macedonia
711 3750 857 3824 Athenas,
874 3751 921 3810 vel
939 3750 1068 3809 Athenis
1086 3749 1119 3809 in
1134 3747 1287 3808 Macedo-¹

43 3828 55 3843 ⁸
114 3831 194 3891 niam
212 3834 361 3915 navigari:
379 3835 432 3893 sed
450 3846 485 3892 ut
502 3857 558 3894 nos
576 3837 714 3908 illorum,
733 3836 776 3899 sic
794 3835 840 3894 illi
856 3835 968 3897 nostris
983 3834 1133 3894 institutis
1152 3844 1183 3891 ct
1200 3830 1278 3912 legi·
1299 3886 1310 3900 ,

101 3914 170 3976 bus
181 3918 315 3978 iudicari
332 3919 552 3979 controversias
569 3920 766 4001 patiebantur.
800 3920 915 3981 Scitote
932 3919 1045 4000 igitur,
1060 3917 1279 3983 tesserasistas

113 4000 198 4076 fieri,
223 4003 361 4085 ut·.robis
380 4002 520 4083 deinceps
546 4005 658 4065 nullam
678 4026 741 4063 esse
768 4026 897 4064 causam·
911 4003 1098 4084 probabilem
1116 4001 1281 4061 Potidaeae

113 4085 308 4148 vindicandae
327 4087 506 4149 concedatis.
533 4087 576 4148 At
593 4090 630 4149 dc
644 4089 848 4169 praedonibus
867 4109 997 4168 aequum
1013 4108 1078 4148 esse
1096 4087 1147 4160 ait,
1160 4098 1210 4159 ut,
1225 4083 1280 4164 qui
1303 4120 1306 4124 »

114 4171 267 4251 piraticam
285 4171 318 4230 in
334 4171 409 4231 mari
434 4184 590 4246 exercent,
615 4196 632 4233 a
649 4173 735 4234 vobis
754 4185 816 4232 eta
835 4193 867 4231 se
894 4171 1278 4252 communiter‘pellantur.
1311 4174 1314 4181 ‘

115 4257 149 4314 ln
166 4278 229 4336 qno
246 4275 310 4316 non
327 4254 409 4316 aliud
428 4278 517 4336 quarn
535 4255 594 4316 hoc
611 4258 754 4338 postulat,
770 4268 806 4317 ut
823 4257 882 4317 sibi
899 4279 916 4318 a
931 4257 1018 4337 vobis
1034 4257 1172 4317 tradatur
1184 4252 1279 4322 ¹maris

114 4339 289 4420 imperium:
307 4352 403 4418 utque
421 4341 644 4417 confiteamini,
662 4341 797 4422 vossins
815 4341 956 4425 Philippo
975 4362 1031 4402 nec
1048 4361 1131 4403 mare
1147 4340 1229 4403 tueri
1248 4351 1280 4399 ct
