2722 4754
277 145 280 150 ’
365 134 994 271 ιιιιιιιιιιιιιιιιιιιιιιιιιιι
1036 157 1039 163 ’
1166 175 1240 262 ιιι

78 331 250 392 decernetis
276 354 325 406 ea,
351 353 427 413 quae
452 346 483 393 et
507 306 715 432 superioribus
738 310 961 432 temporibus,
971 333 1080 394 instrui
1107 327 1241 420 classem,
1328 394 1332 404 „

78 416 260 493 conscendi,
284 417 395 483 tributa
415 417 563 489 conserti,
589 418 690 477 onrnia
709 437 741 475 ea
767 418 861 476 fieri
851 440 908 477 ram
927 432 1085 498 oportere,
1110 440 1240 518 ιιιιοιιιιιι
1270 416 1273 420 ’

77 503 188 583 agendi
207 503 352 601 perendie
371 515 422 560 aut
428 508 510 581 p'ost
522 500 657 603 quinque
676 500 795 574 dies,
771 524 796 560 ιι
808 524 945 562 rumores
965 502 1070 563 bellici
1085 504 1242 586 sopiantur
1325 556 1328 561 a

77 599 109 645 et
128 587 228 646 hostes
250 588 419 666 quiescant,
445 610 550 646 rursus
568 588 627 647 iam
645 608 707 645 nou
727 607 792 646 esse
812 588 1002 656 occasionem
1020 589 1173 680 putabitis.
1210 588 1243 647 ld

78 673 178 749 quod,
204 694 271 730 cum
291 673 322 730 in
342 671 543 752 Hellesponto
563 692 627 731 esse
646 671 819 751 Philippum
844 664 1032 746 audiremus,
1055 652 1195 745 ιιιιιιίι,
1209 695 1242 732 ιι

76 757 190 827 denuo,
208 779 276 818 cum
294 755 476 835 piraticae
453 778 543 815 naves
562 758 599 816 ιιι
612 756 819 816 Marathonem
834 757 1027 837 appulissent.
1047 760 1144 832 Quam
1161 758 1262 821 euim.

63 841 236 920 quispiam,
255 840 475 912 Athenienses,
492 841 615 920 probe'
607 854 754 901 mstructo
773 855 913 901 uteretur
931 842 1082 902 exercitu:
1107 856 1169 902 tam
1187 863 1242 914 vos

76 926 210 985 consiliis
225 924 348 984 utimini
363 925 509 984 celeriter.
528 927 581 984 Est
596 938 696 985 autem
712 939 742 985 et
757 927 838 986 lente
854 925 1093 999 deliberandum,
1106 941 1145 999 et,
1165 949 1241 1006 quae
1312 954 1317 960 ι

56 1012 195 1070 decreta
215 1009 342 1082 luerint,
367 1023 484 1077 mature
503 1011 638 1070 facienda
657 1023 744 1083 sunt,
770 1024 800 1071 et
818 1012 1013 1093 cogitandum
1033 1012 1107 1071 hoc':
1133 1013 1192 1071 nisi
1212 1025 1243 1072 et

75 1095 200 1154 uberem
220 1108 419 1161 commeatum
438 1095 469 1161 iu
488 1108 620 1175 promtu,
636 1095 817 1168 habueritis,
844 1110 873 1154 et
892 1098 998 1154 ducem
1018 1096 1150 1176 aliquem
1169 1120 1284 1197 pru-

54 1215 55 1219 κ
75 1180 197 1238 dentem
217 1180 297 1238 bello
316 1180 538 1259 praefeceritis,
555 1189 723 1280 vestraque
749 1182 868 1240 decreta
895 1194 1070 1240 constanter
1093 1182 1241 1255 urseritis,

32 1327 43 1345 Ι
74 1264 184 1323 nihile
204 1264 289 1323 vobis
309 1265 565 1338 consectumrri,
580 1264 638 1324 nisi
657 1266 793 1337 decreta,
822 1279 853 1325 et
870 1286 976 1324 omnes
1001 1267 1150 1348 impensas
1172 1268 1239 1326 fru-
1264 1280 1327 1336 417

73 1361 132 1407 stra
152 1350 315 1428 perituras,
335 1362 365 1408 et
382 1349 464 1419 ihre,
487 1362 523 1412 ιιι
540 1371 640 1428 neque
658 1349 748 1407 rebus
769 1351 929 1428 quicquam
949 1351 1129 1423 consulatis,
1148 1364 1295 1444 atque

73 1434 157 1506 irati,
178 1455 376 1513 quoscunque
396 1434 514 1492 libitum
534 1432 700 1503 fucrit,1n
719 1433 864 1492 ιιιιιιιιιιιιι
884 1435 1046 1494 adducatis.
1081 1437 1147 1518 Ego
1166 1456 1239 1495 vero
1314 1445 1319 1452 ‘

73 1518 183 1590 nolim,
210 1540 261 1577 vos
282 1519 488 1589 committere,
514 1531 549 1577 ut
566 1518 646 1576 cives
665 1516 747 1596 prius
767 1519 802 1576 in
818 1518 937 1577 iudiciis
957 1521 1130 1602 exagitetis,
1150 1543 1239 1599 quam
1309 1561 1311 1565 -

72 1603 175 1662 hostes
195 1602 396 1661 ulciscamini:
416 1603 541 1681 aequius
561 1602 641 1661 enim
661 1615 723 1674 est,
742 1615 777 1661 ut
795 1625 862 1673 cum
881 1603 957 1673 illis,
976 1626 1080 1691 ιιιιιιιι
1083 1604 1164 1664 inter
1182 1627 1238 1665 nos
1259 1614 1261 1617 ’

33 1700 49 1723 ·’
72 1686 294 1785 belligerrimus
323 1690 447 1757 Verum,
464 1707 503 1745 ne
522 1686 562 1760 id,
582 1688 664 1764 quod
682 1687 762 1745 lactu
780 1687 954 1747 facillimum
974 1701 1029 1763 est,
1047 1703 1170 1749 tantum
1184 1690 1239 1749 ob-

72 1772 225 1853 iurgem,
237 1793 297 1850 quo
316 1785 410 1865 pacto
424 1772 530 1830 haeca
531 1771 634 1830 vobis
662 1785 804 1872 oportere
828 1773 896 1831 fieri
913 1786 1044 1852 putem,
1072 1775 1246 1854 explicabo,

71 1870 211 1935 precatus
229 1879 245 1915 a
263 1852 410 1928 vobis,
393 1877 430 1914 ne
450 1849 648 1936 οιιιιιειιιιιι,
674 1878 750 1916 neve
769 1880 817 1917 me
836 1858 1027 1940 tergiversari
1045 1873 1096 1945 aut
1114 1860 1238 1919 differre

73 1942 231 2022 negotium
259 1940 451 2004 existimetis.
477 1941 547 2031 Non
567 1940 649 2015 enim
667 1942 718 2020 qui
746 1943 896 2002 celeriter
904 1955 934 2002 et
951 1943 1043 2032 hodie
1060 1948 1124 2003 r'em
1143 1946 1239 2046 susci-

71 2025 213 2106 piendam
232 2027 386 2099 suadent,
382 2012 552 2085 rectissime
554 2008 729 2084 consulunt
746 2026 846 2108 (ιιοιι
843 2029 923 2086 enim
941 2025 992 2099 ea,
1004 2050 1080 2107 quae
1095 2030 1154 2088 iam
1171 2032 1238 2110 qui-

72 2112 141 2169 dem
160 2111 360 2184 acciderunt,
356 2111 470 2191 copiis
488 2108 681 2174 auxiliaribus
706 2112 869 2190 prohibere
891 2112 1088 2195 poterimus):
1113 2116 1167 2174 sed
1187 2115 1239 2195 qui

72 2194 258 2267 ostenderit,
278 2217 361 2295 'quae
388 2196 491 2276 copiae
518 2208 706 2275 comparatae
731 2218 812 2256 nunc
838 2218 1022 2276 permanere
1040 2219 1073 2273 ιι·
1098 2214 1237 2268 constare

27 2274 30 2287 ’
72 2294 194 2379 queant
210 2280 365 2380 tantisper,
386 2282 456 2339 dum
476 2294 528 2340 aut
545 2280 647 2340 hostes
674 2302 850 2382 superemus
878 2294 930 2340 aut
926 2263 1122 2365 persuaderi
1149 2283 1237 2343 nobis
1263 2356 1265 2363 Ι
1317 2358 1319 2366 Ι

69 2364 234 2443 patiamur,
259 2356 424 2424 uthellum
443 2367 636 2445 deponamus.
662 2364 721 2423 Sic
741 2367 1238 2460 enimfiet,tutmalis1nposte·

52 2445 56 2451 ’
72 2471 137 2508 rum
156 2449 327 2510 liberemur
1164 2528 1168 2551 ι
1187 2510 1189 2519 ,

482 2596 827 2621 J—----—--t--.—

51 2719 240 2816 'Arbitror
259 2765 364 2804 omnes
382 2765 453 2814 vos,
471 2740 693 2817 Athenienses,
712 2746 923 2818 confessuros,
942 2758 1083 2825 oportere
1102 2759 1236 2808 nostram

69 2833 195 2909 urbem,
221 2852 288 2889 cum
308 2830 345 2888 de
364 2829 480 2908 privato
506 2829 599 2907 ipsius
627 2830 767 2928 quopiam
794 2829 919 2911 negotio
946 2830 1125 2902 deliberet,
1140 2853 1236 2933 aeque

69 2939 208 3006 magnam
225 2913 336 2973 habere
355 2912 493 2979 utilitatis
513 2925 603 2992 atque
622 2908 753 2973 iustitiae
772 2914 937 2973 rationem:
957 2935 1025 2973 cum
1043 2936 1116 2974 vero
1135 2918 1236 2978 socio-

67 3016 136 3060 rum
155 3022 203 3059 res
222 3010 371 3082 aguntur,
396 3010 448 3057 aut
466 3017 661 3069 communes,
688 2998 859 3058 cuiusmodi
879 2998 967 3058 etiam
985 2997 1060 3059 haec
1079 3013 1140 3071 est,
1159 3001 1236 3060 nihil

35 3070 42 3087 ¹
70 3107 135 3146 esse
153 3085 280 3165 perinde
298 3082 463 3140 curandum
481 3094 516 3140 ut
534 3083 724 3161 aequitatem.
752 3083 856 3141 Nam
847 3105 878 3141 ιιι
897 3083 984 3143 illis'
975 3105 1038 3163 ipsa
1058 3096 1104 3143 est
1120 3086 1235 3146 utilitas
1251 3135 1258 3145 ι

69 3171 159 3230 satis:
176 3168 207 3227 in
228 3166 401 3226 huiusmodi
420 3179 520 3225 autem
538 3166 629 3226 rebus
647 3167 771 3248 adiungi
788 3179 910 3247 oportet
928 3168 1018 3227 etiam
1038 3169 1235 3230 honestatem.

67 3254 214 3314 Actiones
234 3250 363 3310 enimin
383 3271 488 3309 eorum
507 3264 657 3330 potestate
675 3265 764 3325 sunt,
782 3274 797 3309 a
817 3251 927 3330 quibus
946 3267 1110 3352 geruptur:
1135 3268 1165 3313 at
1184 3254 1235 3314 eri-

67 3336 257 3408 istimatioui,
276 3355 352 3415 quae
370 3336 503 3403 actiones
521 3337 668 3415 sequitur,
687 3356 776 3395 nemo
795 3348 896 3395 tantus
916 3340 961 3395 est
980 3336 1032 3416 qui
1051 3339 1237 3412 dominetur,

69 3425 121 3484 scd
142 3422 384 3519 qualemcunque
403 3440 450 3478 res
469 3433 588 3500 gestae
598 3420 775 3500 opinionem
795 3420 968 3493 excitarint,
986 3422 1052 3482 talis
1074 3424 1111 3481 de
1129 3437 1235 3485 aucto-
1238 3451 1239 3454 ¹

66 3510 151 3568 ribus
169 3510 261 3567 fama
265 3505 432 3586 spargitur
435 3525 451 3562 ι
468 3505 592 3586 populo.
610 3504 865 3564 Providendum
846 3504 950 3585 igitur
968 3518 998 3565 et
1017 3497 1113 3577 danda
1107 3525 1240 3606 ηοιιειι,Γ

67 3607 103 3653 ut
122 3607 174 3652 eae
193 3592 289 3650 iustae
314 3589 480 3647 videantur.
515 3586 637 3649 Debent
654 3602 756 3649 autem
780 3610 887 3648 omnes
908 3610 945 3648 eo
972 3590 1003 3648 in
1022 3590 1140 3650 iniuriis
1159 3594 1235 3652 alfe-

67 3691 133 3738 ctos
153 3697 222 3743 esse
236 3673 352 3746 animo,
378 3694 439 3752 quo
459 3680 529 3754 erga
548 3695 597 3747 se,
615 3697 641 3733 ιι
632 3673 732 3754 quid
751 3674 916 3745 accideret,
936 3675 1025 3761 quod
1036 3668 1135 3748 absit,
1151 3679 1263 3756 quis-

41 3758 44 3762 ’
68 3783 141 3842 que
138 3761 221 3820 alios
241 3780 305 3818 esse
323 3758 422 3817 vellet
449 3757 508 3816 Sed
529 3758 597 3836 quia
616 3758 757 3822 nonnulli
775 3758 874 3818 huic
865 3759 922 3838 ipsi
940 3761 1108 3836 sententiae
1127 3763 1233 3821 adver-

41 3886 43 3890 »
66 3859 186 3906 santur:
202 3844 257 3924 ubi
275 3864 368 3922 pauca
386 3842 445 3901 illis
459 3845 657 3922 respondero,
676 3865 752 3922 quae
765 3843 852 3902 vobis
865 3844 1005 3922 expedire
1021 3845 1147 3904 maxime
1161 3868 1233 3915 cen·
1306 3837 1310 3853 ¹

66 3953 158 4004 seam,
177 3953 210 3991 ea
228 3927 330 3989 statim
346 3927 489 3987 suadebo.
1288 3928 1296 3933 ’

35 4189 146 4288 „Non
164 4237 283 4296 parvam
301 4168 402 4273 mihi'
394 4226 555 4284 iacturam,
570 4211 791 4284 Athenienses,
810 4184 1007 4275 existimaturi
1025 4215 1186 4291 videmini,
1204 4212 1234 4278 si

58 4323 124 4384 ,qua
144 4301 261 4408 opinio
259 4300 386 4360 sinistra
405 4312 568 4378 nostraque
584 4298 668 4357 urbe
680 4290 804 4378 indigna
821 4298 913 4380 vulgo
929 4300 966 4360 de
982 4301 1071 4361 nobis
1090 4302 1269 4364 suboria

410 4532 413 4535 .
476 4524 486 4534 1
508 4515 515 4523 μ

317 4540 321 4550 l
500 4547 506 4576 l

562 4566 568 4583 ι
