2722 4754
78 190 83 207 ‘
151 227 193 282 co
291 288 297 300 ,
436 212 1016 282 ἩΕΜοεΤΗΕΝιεοΜΤιο
1082 217 1092 227 “
1175 216 1183 229 ‘

60 381 65 393 “
92 382 134 438 80
152 373 338 434 exercitatus.
374 371 482 450 Neque
507 391 585 443 vero.
603 374 702 433 solum
726 373 768 432 ita
792 374 985 434 sentiendum
1004 383 1060 446 est,
1087 383 1140 431 aut
1162 369 1216 444 ille
1242 366 1321 427 belli
1343 370 1356 425 ’.

152 458 295 539 operibus
320 455 527 530 ulciscendus,
543 457 608 516 sed
633 470 663 516 et
687 457 800 516 animo
813 464 844 517 ‘et
868 458 1082 540 cogitationes
1095 456 1210 536 quique
1223 453 1320 533 ,apud

69 560 72 566 “
151 564 205 610 vos
225 543 289 602 eius
309 561 426 601 causam
444 536 548 624 agunt,
565 543 638 601 odio
656 543 861 623 prosequendi
879 555 957 603 sunt.
982 543 1091 621 Neque
1109 540 1193 600 enim
1211 538 1319 599 hostes

153 639 235 687 extra
251 625 359 686 urbem
377 626 512 706 superari
529 639 673 707 possunt,
697 628 872 706 priusquam
891 647 959 700 eos,
978 625 1030 705 qui
1047 627 1126 686 intra
1144 623 1253 687 urbem
1271 621 1317 683 illi
1337 618 1354 641 ”

104 726 117 760 “-
153 732 276 793 operam
294 724 420 791 natant,
439 711 625 792 puniveritis.
651 711 759 784 Quod,
778 711 819 769 ita
837 732 884 770 me
903 723 982 771 amet
1000 711 1115 790 Iupiter
1131 709 1245 786 aliique
1260 707 1336 780 ‘dii,‘

152 816 252 875 neque
270 796 396 875 potestis
415 814 467 854 vos
486 795 601 867 facere,
620 815 720 873 neque
739 794 838 853 vultis.
872 795 934 854 Sed
951 796 983 854 in
1003 817 1067 854 eam
1085 793 1246 855 stultitiam
1264 803 1327 851 te:

152 881 238 941 nistis
258 880 484 961 antdelirium,
511 892 562 939 aut
579 879 682 938 nescio
702 879 775 957 quid
795 879 890 938 dicam
909 877 1011 961 (saepe
1028 879 1112 940 enim
1130 877 1207 938 illud
1226 877 1316 936 ctiam

151 964 250 1027 v‘ereri
269 963 342 1022 mihi
360 964 467 1036 subit,
487 984 525 1021 ue
545 964 628 1041 quod
646 983 760 1021 numen
777 985 826 1022 res
845 958 968 1045 agitet),
998 977 1034 1023 ut
1051 963 1181 1026 convicii
1198 974 1252 1021 aut
1268 961 1325 1020 iat-¹
1343 964 1351 1035 j

151 1050 250 1110 vidia‘e
269 1062 321 1108 aut
339 1048 457 1123 dicterii
475 1047 569 1128 gratia
592 1046 806 1129 (quaeeunque
825 1048 912 1108 vobis
931 1069 1018 1113 causa
1036 1048 1068 1107 in
1086 1060 1221 1108 mentem
1240 1044 1316 1105 inci-⁴

153 1133 246 1216 derit)
263 1133 401 1193 homines
420 1130 621 1191 mercenarios
635 1129 781 1213 (quorum
799 1132 921 1211 quidam
938 1133 1016 1192 haud
1033 1132 1175 1215 negaturi
1193 1130 1265 1202 sint,
1282 1148 1335 1189 se.

118 1247 121 1254 ·
154 1234 220 1280 esse
238 1215 327 1299 tales)
352 1217 453 1277 dicere·
469 1216 599 1276 iubeatis
618 1229 648 1276 et
664 1216 806 1289 rideatis,
844 1217 870 1275 si
889 1216 998 1296 quibus
1018 1217 1153 1277 convicia
1170 1213 1316 1274 iecerintz
1337 1246 1349 1287 ··.

102 1368 127 1377 ³,
154 1304 328 1383 nequedum
347 1301 405 1363 hoc
421 1321 512 1383 grave
532 1315 594 1375 est,
631 1323 812 1381 quamquam
829 1323 927 1384 grave.
954 1303 1007 1362 sed
1026 1315 1057 1378 qt
1073 1302 1150 1362 illud
1169 1301 1211 1360 eis
1230 1297 1315 1359 dedi·
1341 1324 1345 1331 ·

45 1420 52 1428 =
154 1389 224 1469 stis,
242 1400 278 1447 ut
295 1387 413 1446 minore
432 1386 500 1446 cum
518 1386 654 1466 periculo
672 1385 888 1467 rempublicam
906 1378 1026 1468 gerant,
1046 1408 1135 1466 quam
1152 1384 1247 1445 vestri
1264 1385 1314 1442 de-

58 1514 62 1523 »
153 1475 298 1534 sensores.
316 1474 318 1479 ’
333 1470 430 1551 Atqui
454 1484 604 1552 spectate,
631 1483 741 1551 quanta
756 1492 796 1530 ex
815 1491 851 1530 eo
871 1473 946 1532 mala
966 1472 1136 1544 exsistant,
1151 1470 1234 1549 quod
1255 1482 1317 1540 eos,

155 1558 208 1638 qui
225 1557 300 1616 tales
318 1569 406 1627 sunt,
425 1548 529 1616 audire
547 1556 646 1616 vultis.
670 1556 775 1616 Dicam
794 1569 894 1616 autem
913 1577 963 1628 ea,
983 1551 1059 1636 quae
1079 1574 1184 1614 omnes
1203 1551 1316 1615 intelli-

19 1715 25 1720 *
142 1642 240 1725 -getis
275 1642 370 1700 Erant
387 1639 516 1723 Olynthi
536 1641 658 1721 quidam
681 1641 713 1701 in
738 1641 913 1725 magistratu
932 1641 1064 1722 Philippi
1088 1639 1220 1700 studiosi
1238 1636 1326 1697 etin*

108 1732 124 1778 '.
155 1726 296 1786 omnibus
317 1726 344 1784 ei
362 1725 453 1784 rebus
473 1725 693 1804 obsequentes:
711 1726 833 1805 quidam
852 1727 965 1806 optime
983 1724 1157 1785 sentiebant
1175 1736 1206 1783 et
1222 1719 1318 1781 servi-

155 1823 252 1883 tutem
271 1832 287 1868 a
306 1808 420 1868 civibus
440 1810 592 1890 depellere
610 1810 795 1870 nitebantur.
814 1811 902 1873 „Utri
915 1824 1015 1879 autem
1031 1810 1159 1890 patriam
1177 1806 1318 1889 perdide-

129 1908 133 1914 ’
155 1895 247 1954 runt?
273 1907 325 1952 aut
347 1893 410 1953 utri
435 1895 552 1974 equites
571 1896 788 1974 prodiderunt,
816 1895 925 1973 quibus
944 1896 1073 1975 proditis
1092 1892 1246 1977 Olynthus
1270 1889 1318 1948 in-

83 2014 87 2021 -
155 1978 259 2040 teriit?
278 1977 411 2063 Philippi
424 1979 570 2038 studiosi:
590 1992 680 2058 atque
696 1980 727 2052 ii,
744 1993 809 2039 tum
824 1980 900 2038 urhe
918 1980 1074 2052 incolumi,
1093 1999 1157 2050 eos,
1177 1976 1230 2055 qui
1243 1975 1319 2034 civi-

69 2061 72 2065 *
157 2065 213 2125 bus
232 2064 295 2122 suis
315 2063 428 2144 optime
447 2063 661 2135 consulebant,
693 2065 733 2122 ita
752 2065 1028 2137 calumniabantur,
1059 2065 1100 2123 ita
1119 2060 1319 2122 criminaban-

70 2146 75 2153 ’
156 2151 216 2221 tur,
233 2160 268 2207 ut
287 2147 376 2206 etiam
394 2149 436 2206 ad
447 2141 629 2207 eiiciendum
644 2149 1008 2230 Apollonidempopulus
1025 2147 1245 2231 Olynthiorum
1263 2145 1320 2203 im-

155 2234 328 2315 pelleretur.
353 2231 461 2310 Neque
485 2254 557 2291 vero
584 2234 663 2316 apud
689 2233 744 2292 hos
769 2234 851 2292 solos
876 2234 932 2293 ista
959 2233 1149 2294 consuetudo
1172 2220 1321 2307 malorum

96 2334 101 2341 ⁴
157 2317 294 2378 omnium
312 2337 399 2375 causa
417 2317 490 2388 fuit,
522 2316 592 2375 alibi
610 2338 681 2376 vero
699 2334 864 2396 nusquam:
895 2319 949 2376 se'd
967 2318 1121 2389 Eretriae,
1150 2328 1322 2396 postquam,

158 2403 293 2485 digresso
312 2401 474 2490 Plutarcho
493 2415 524 2461 et
540 2402 702 2484 peregrino
722 2402 834 2476 milite,
874 2403 1004 2482 populus
1022 2398 1130 2461 urbem
1148 2400 1272 2460 tenebat
1282 2396 1324 2456 et

41 2544 47 2559 ‚
72 2530 97 2552 f.
155 2486 354 2557 Porthmum,
377 2486 593 2546 aliisummam
608 2508 712 2563 rerum
731 2489 768 2546 ad
786 2509 841 2547 nos
860 2486 1099 2562 transferebant,
1124 2483 1174 2545 alii
1192 2484 1229 2543 ad
1248 2481 1321 2542 Phi-

157 2572 280 2652 lippum.
305 2568 351 2628 his
370 2569 402 2628 in
421 2570 589 2650 plerisque,
614 2593 647 2631 ac
665 2571 766 2651 potius
786 2572 817 2632 in
837 2571 978 2632 omnibus
998 2564 1198 2631 auscultantes
1218 2566 1323 2627 miseri

159 2668 189 2714 et
213 2654 348 2737 infelices
367 2654 569 2729 Eretrienses,
596 2658 717 2716 tandem
737 2657 857 2716 adducti
876 2668 963 2728 sunt,
989 2669 1024 2716 ut
1048 2676 1119 2715 suos
1145 2654 1323 2714 defensores

157 2740 309 2801 eiicerent.
344 2737 587 2811 Proindemisso
606 2740 797 2820 Hipponico,
825 2740 925 2800 socius
946 2753 976 2801 et
993 2740 1105 2799 amicus
1125 2759 1230 2825 eorum
1247 2735 1345 2821 ΡΜ,-ἱ

67 2884 70 2894 ,
155 2824 274 2903 lippus,
293 2835 323 2881 et
340 2822 507 2904 peregrinis
526 2824 626 2897 mille,
644 2846 746 2884 muros
764 2825 902 2895 Porthini¹
921 2825 1030 2898 diruit,
1049 2837 1080 2884 et
1097 2819 1325 2900 tresimposuit

156 2921 324 2990 tyrannos,
337 2906 560 2986 Hipparchum,
579 2898 1078 2982 Automedontem„Clitarchurhz
1102 2909 1134 2968 ‘et
1150 2919 1256 2987 postea
1274 2903 1323 2963 bis

157 2993 282 3074 regione
302 2991 432 3072 expulit,
458 3013 526 3051 cum
545 2993 603 3051 iam
621 2990 733 3055 servari
752 2995 881 3068 vellent,
908 2994 1005 3055 missis
1025 2994 1155 3074 primum
1173 2990 1233 3051 illis
1253 3008 1323 3048 cum

157 3075 325 3136 Euriloeho
343 3075 507 3149 militibus,
526 3076 635 3137 deinde
653 3079 718 3138 aliis
737 3102 805 3139 eum
824 3074 1033 3140 Parmenione.
1056 3079 1096 3137 Et
1113 3096 1260 3156 quorsum
1273 3084 1323 3132 ‘at-

120 3211 121 3214 .
158 3162 237 3221 tinet
261 3182 350 3243 agere
373 3158 532 3240 pluribus?
549 3156 631 3221 ¹Orci
654 3185 747 3244 porro
765 3164 897 3246 Philippi
922 3163 1081 3246 negotium
1102 3161 1233 3245 agebant
1250 3156 1323 3216 Phi-

160 3245 276 3305 listides
302 3258 333 3303 ct
349 3246 509 3325 Menippus
534 3259 574 3306 et
583 3245 721 3308 Socrates
742 3261 772 3312 est
789 3249 889 3309 Thoas
910 3260 941 3309 et
957 3249 1137 3330 Agapaeus,
1162 3245 1215 3324 qui
1241 3239 1346 3301 nunc'

161 3342 269 3389 teuent
282 3330 404 3401 urbem:
424 3329 541 3392 ethaeo
555 3345 665 3392 norant
683 3354 795 3393 omnes.
812 3336 914 3394 Homo
930 3345 982 3409 aut
996 3332 1120 3411 quid-am
1134 3328 1325 3408 Euphraeus,
1340 3370 1350 3402 ,μ

77 3417 141 3500 ,181
162 3415 215 3493 qui
241 3414 403 3493 aliquando
429 3413 478 3473 hic
502 3417 581 3494 apud
605 3437 659 3477 vos
677 3417 838 3491 habitavit,
863 3418 921 3481 hoc
940 3417 1061 3477 efficere
1080 3413 1261 3482 conabatur,
1288 3421 1337 3469 ut.

87 3551 88 3555 ,
159 3498 249 3557 liberi
268 3513 370 3558 essent
387 3511 418 3558 et
435 3499 585 3559 servirent
602 3501 722 3561 nemini.
758 3502 877 3576 Quibus
899 3502 924 3561 is
943 3499 1062 3562 iniuriis
1081 3513 1113 3559 et
1131 3493 1323 3559 contumeliis

59 3622 66 3628 -
161 3583 198 3642 ab
218 3582 344 3653 Oritano
363 3584 477 3663 populo
495 3582 589 3644 fuerit
606 3587 747 3660 affectus,
766 3588 860 3646 multa
878 3587 938 3645 dici
955 3597 1089 3666 possent
1108 3585 1202 3642 Anno
1221 3591 1340 3641 autem.

117 3688 120 3693 ·
150 3666 242 3727 >ante
255 3666 403 3727 excidium
422 3668 603 3747 proditionis
627 3692 713 3730 reum
737 3671 810 3746 fecit
827 3671 1018 3730 Philistidem
1043 3682 1074 3728 et
1090 3665 1228 3750 gregales
1249 3661 1325 3732 eius,
1349 3692 1354 3699 ·

161 3752 374 3818 animadversis
403 3772 507 3811 eorum
527 3755 693 3814 conatibus.
723 3751 873 3814 Concitati
891 3768 991 3824 antem
1009 3753 1148 3813 homines
1168 3747 1277 3820 multi,
1296 3755 1327 3804 et

145 3836 365 3917 praebitorem
384 3835 528 3918 habentes
547 3837 738 3919 Philippum,
763 3852 795 3899 et
819 3839 952 3899 consiliis
979 3839 1043 3897 eius
1068 3833 1211 3897 instructi
1229 3830 1324 3891 abdu-

64 3925 87 3997 Ἰ
162 3934 235 3981 eunt
251 3921 444 4001 Euphraeum
463 3921 495 3978 in
514 3942 672 3996 carcerem,
689 3936 725 3983 ut
741 3923 924 4004 reipublicae
941 3923 1193 4004 perturbatorem.
1217 3917 1262 3988 Ea
1279 3913 1325 3973 vi-

163 4006 241 4064 dens·
255 4007 384 4087 populus
406 4004 547 4064 Oritanus
575 4006 655 4066 hune
674 4009 748 4066 adeo
767 4028 829 4067 non
848 4008 968 4068 adiuvit·
982 4005 1139 4067 illosve‘in
1157 4002 1324 4062 cruciatum

31 4150 36 4159 ⁸
90 4097 95 4101 ’
132 4153 136 4165 Ι
163 4090 241 4171 egit,
257 4102 370 4154 utnec
386 4089 431 4148 his
450 4089 637 4163 irasceretur,
656 4104 687 4150 et
703 4092 789 4150 iilum
807 4092 915 4151 merito
935 4089 984 4150 illa
1000 4091 1080 4150 serre
1099 4088 1215 4148 diceret
1233 4085 1324 4162 eique

12 4188 14 4193 ’
56 4218 58 4222 r
161 4174 328 4233 insultaret.
362 4174 481 4245 Deinde
505 4173 567 4247 illi,
593 4187 708 4235 tantam
725 4175 805 4237 nacti
823 4189 1020 4257 potestatem,
1037 4185 1189 4254 'quantem
1216 4169 1323 4230 volue-

161 4269 239 4330 rant,
257 4258 288 4318 id
305 4257 444 4341 agebant,
462 4270 497 4318 ut
514 4257 657 4338 oppidum
676 4272 847 4339 caperetur:
865 4273 897 4335 et
913 4267 977 4320 rem
995 4258 1201 4319 coniecerunt
1227 4250 1325 4328 Quod

161 4341 186 4402 si
206 4343 272 4421 quis
292 4363 308 4402 e
326 4342 440 4425 populo
459 4342 617 4404 sensisset:
641 4343 760 4404 tacebat
776 4355 808 4403 et
824 4358 888 4428 erat
904 4343 1069 4415 attonitus,
1094 4360 1229 4414 memor,
1248 4334 1343 4417 quid'
