2722 4754
161 238 170 250 .
274 152 1003 287 ,anvnnsusrruocaarnu
1200 148 1342 294 aar·

74 343 153 424 qui,
172 365 192 404 o
212 343 361 411 nefarium
380 362 486 430 eaput,
503 343 600 429 pluris
617 347 718 409 facere
736 370 799 411 non
818 349 939 411 dubites
956 349 1061 426 fures,
1073 345 1264 412 facinorosos

76 443 116 490 et
135 431 329 508 desertores,
349 457 439 514 quam
456 434 601 515 patriam,
626 447 656 495 et
673 430 799 515 propter
816 435 893 496 istos‘
910 435 994 518 leges
1008 435 1092 496 'ferre
1109 435 1263 518 pernicio·
1343 492 1348 497 .

20 526 25 533 ”
78 517 159 578 sas?
177 516 345 578 Ostendam
363 532 481 594 autem,
499 521 686 600 praestitisse
704 541 752 579 me
770 520 829 580 iam
849 540 893 597 ea,
912 542 989 600 quae
1008 522 1155 595 orationis
1174 521 1264 583 initio
1326 574 1329 584 ,

78 603 240 673 facturum
259 624 326 664 esse
344 627 412 665 sum
429 604 592 685 pollicitus.
619 602 778 674 Professus
798 605 878 665 euim
895 625 974 681 sum,
992 629 1040 668 me
1060 621 1265 683 ostensurum,

21 746 25 751 .
80 691 181 750 istum
198 709 255 771 per
282 689 383 751 omnia
408 691 507 751 teneri
533 686 740 751 accusatione:
765 690 913 772 primum,
938 693 1022 772 quod
1049 707 1154 755 contra
1179 695 1265 778 leges

83 776 189 858 legem
208 776 329 836 tulerit:
355 776 485 850 deinde,
512 777 595 857 quod
619 776 746 857 reliquis
773 776 892 860 legibus
918 779 1068 839 contraria
1093 780 1264 860 scripserit:

83 861 199 936 tertio,
215 862 302 940 quod
322 882 366 935 ea,
385 861 496 940 quibus
514 862 686 942 respublica
704 862 883 923 laederetur.
910 862 1079 923 Audivistis
1098 865 1200 927 autem
1218 865 1262 927 le·
1311 868 1313 873 ’

10 1005 16 1012 ,
51 941 268 1030 .‘gem,‘quid
288 968 358 1007 eum
375 947 475 1008 facere
494 947 615 1022 iubeat,
634 948 688 1027 qui
706 969 815 1008 novam
834 949 934 1032 legem
950 961 1057 1032 roget:
1072 948 1188 1010 «rursus
1206 971 1261 1013 vos
1288 949 1292 958 ’

85 1031 191 1105 docui,
210 1032 321 1092 horum
340 1032 416 1091 nihil
434 1054 558 1114 prorsus
577 1033 670 1094 istum
688 1033 883 1115 praestitisse.
918 1035 1003 1109 Quin
1021 1035 1088 1096 illas
1103 1024 1197 1096 ‘etiam
1217 1036 1265 1096 le·

84 1139 141 1203 ges
158 1117 327 1192 audivistis,
346 1117 457 1197 quibus
477 1118 513 1178 ab
532 1119 592 1181 isto
610 1120 716 1203 rogata
734 1121 783 1181 lex
801 1118 988 1187 adversatur:
1008 1133 1040 1182 et
1057 1120 1144 1196 banc,
1162 1119 1263 1202 prins*

84 1208 178 1285 quani
196 1202 261 1263 illas
281 1202 467 1286 abrogasset,
486 1226 555 1265 eum
574 1206 680 1266 tulisse
699 1206 790 1266 scitis.
802 1206 879 1275 ‚No'n
898 1207 988 1266 etiam
1007 1227 1107 1284 essee
1124 1205 1261 1288 republi-

83 1312 133 1364 ca,
149 1288 324 1351 audivistis:
342 1289 400 1349 iam
419 1290 550 1369 primum
563 1291 651 1351 ⁴enim
669 1312 704 1353 ea
724 1293 761 1352 de
775 1291 1170 1370 reverbafaeeredestiti.
1184 1294 1262 1354 Pro·
1284 1299 1347 1362 467

84 1377 160 1437 iude
177 1375 286 1456 palam,
303 1375 396 1463 nullis
408 1376 500 1437 rebus
510 1377 663 1457 exceptis,
680 1376 810 1437 iniurius
824 1389 886 1436 est:
904 1370 1006 1458 neque
1025 1378 1187 1460 quicquam
1202 1391 1264 1455 est,

83 1462 120 1522 in
138 1480 198 1542 qno
215 1461 311 1523 vestri
328 1461 478 1521 rationem
497 1462 649 1536 hahuisse,
666 1476 719 1524 aut
735 1462 933 1525 verecundari
950 1463 1103 1531 videatur.-
1120 1464 1177 1540 Ac,
1194 1470 1273 1525 mea'

82 1547 210 1628 quidem
229 1546 394 1628 opinione,
418 1547 444 1606 si
463 1548 537 1628 quid
555 1562 711 1628 praeterea
728 1549 837 1609 fuisset
853 1549 1050 1611 interdictum
1068 1550 1204 1633 legibus,
1228 1551 1261 1611 id

80 1644 213 1714 quoqne
228 1631 363 1693 facturus
383 1633 448 1692 fuit
492 1633 704 1715 Undecunque
727 1636 823 1718 igitur
838 1647 978 1716 apparet,
1004 1656 1073 1696 eum
1091 1636 1167 1697 haec
1184 1635 1260 1696 insi·
1309 1676 1312 1681 .

80 1719 175 1779 diosc
192 1717 346 1799 scripsisse
366 1731 397 1778 et
413 1738 447 1777 re
474 1719 658 1794 deliberata,
683 1741 748 1781 non
767 1721 921 1800 opinionis
949 1741 1054 1780 errore
1078 1722 1261 1802 deliquisse:

78 1803 161 1865 inde
177 1824 250 1871 vero
266 1804 477 1888 potissimum,
503 1806 587 1885 quod
603 1818 669 1866 tota
687 1807 736 1867 lex
752 1827 850 1885 usque
868 1807 906 1865 ad
921 1820 1095 1867 extremam
1112 1808 1259 1890 syllabam

80 1890 158 1951 talis
177 1902 229 1950 est
243 1889 308 1951 Nec
326 1888 408 1951 euim
425 1889 475 1952 vel
492 1891 606 1951 invitus
626 1891 788 1970 quicquam
801 1903 884 1959 recte
897 1892 1012 1966 statuit,
1030 1905 1083 1952 aut
1102 1894 1185 1972 quod
1203 1913 1260 1968 vo-

77 1974 133 2036 bis
152 1973 345 2056 profotnrum
364 1988 454 2036 esset.
495 1974 610 2036 Annon
628 1976 723 2057 igitur
741 1977 812 2051 odio
836 1968 1136 2056 prosequendusest
1153 1991 1184 2038 et
1200 2000 1260 2058 pn·
1330 1996 1340 2006 “

77 2060 218 2120 niendus
244 2060 288 2136 is,
313 2062 366 2141 qui
391 2060 465 2121 laesi
490 2061 598 2142 populi
624 2061 737 2121 nullam
763 2061 913 2120 rationem
939 2061 1063 2136 hahuit,
1094 2063 1149 2123 sed
1173 2063 1259 2145 leges
1285 2126 1288 2141 ι

77 2166 139 2226 pro
160 2145 198 2205 iis
211 2142 306 2220 tulit,
331 2146 385 2226 qui
404 2159 435 2206 et
453 2146 530 2205 olim
544 2147 684 2206 fecerunt
701 2159 733 2206 et
749 2144 876 2226 posthac
894 2145 1004 2206 facturi
1021 2158 1094 2206 sunt
1110 2147 1260 2215 iniurias?

76 2230 230 2292 Demiror
245 2244 364 2306 autem,
390 2233 523 2305 ludices,
549 2231 615 2290 eius
633 2231 869 2311 impudentiam,
897 2231 1036 2310 quicum
1054 2230 1259 2313 Androtionis
1317 2266 1321 2271 -

67 2317 113 2384 jn
130 2315 310 2400 magistratu
330 2317 447 2400 collega
466 2331 560 2392 esset,
576 2316 684 2376 eadem
703 2315 759 2376 hac
778 2316 939 2376 clementia
957 2337 1021 2377 non
1038 2317 1079 2378 sit
1095 2340 1168 2378 usus
1188 2338 1260 2400 erga
1318 2370 1320 2378 .

77 2413 246 2464 vestratem
260 2403 420 2491 populum,
440 2397 492 2483 qui
505 2403 564 2463 iam
577 2401 618 2462 ita
632 2400 795 2462 exhaustus
813 2413 876 2462 erat
891 2402 1109 2477 exactionibus,
1122 2414 1158 2462 ut
1169 2404 1258 2484 plura

78 2488 218 2569 pendere
237 2509 302 2548 uon
327 2488 446 2569 posset:
470 2502 632 2570 postquam
656 2508 730 2548 vero
748 2486 975 2547 Androtionem
1001 2488 1139 2569 oportuit
1156 2508 1191 2548 ea
1207 2496 1277 2548 re·'

33 2616 45 2623 --
79 2573 221 2649 stituerc,
240 2574 351 2654 quihus
370 2575 429 2636 iam
447 2574 520 2633 olim
536 2572 757 2655 rempublicam
776 2573 973 2654 depeculatus
991 2574 1106 2648 fuerat,
1125 2585 1157 2634 et
1174 2594 1258 2635 sacra

10 2695 54 2724 ··,
80 2672 116 2719 et
132 2658 259 2741 profana
284 2661 415 2741 pecunia
440 2673 607 2740 surrepta,
621 2672 687 2718 tum
705 2680 779 2720 vero
806 2659 929 2718 demum
947 2658 1060 2722 ,tulisse
1078 2659 1196 2751 legem,
1207 2684 1209 2688 ³
1222 2670 1260 2727 nt

80 2745 207 2806 mulctes
214 2746 300 2826 dupli
316 2746 466 2828 publicae,
485 2745 607 2826 decupli
625 2764 725 2804 sacrae
742 2743 889 2826 pecuniae
908 2764 962 2803 vos
976 2744 1175 2804 defraudaret
1194 2742 1260 2819 Qui

81 2843 300 2895 curnvestram
317 2831 547 2893 multitudinem
565 2831 609 2891 sic
625 2830 776 2891 tractarit:
803 2850 874 2888 mox
892 2828 973 2888 haud
991 2828 1084 2890 dubie
1104 2828 1200 2903 dicet,
1225 2847 1263 2895 se.

78 2917 182 2999 legem
199 2916 288 2977 istam
306 2916 413 3000 populi
431 2910 527 3000 gratia
544 2917 658 2977 tulisse.
675 2915 753 2974 Mihi
771 2915 899 2994 quidem.
913 2914 1021 2994 quovis
1040 2913 1197 2995 supplicio.
1210 2913 1258 2987 di·
1313 2918 1315 2922 ‘
1346 2928 1348 2937 ’

79 3024 161 3085 gnus
173 3000 305 3077 videtur,
323 3000 499 3082 quicunque
518 3015 661 3082 oportere
677 3012 775 3080 putat,
792 3000 856 3059 sive
870 2999 937 3078 quis
955 2998 1072 3072 aedilis,
1084 3000 1152 3059 sive
1169 3018 1258 3080 prae-

77 3088 180 3148 fectus
198 3088 302 3163 urbis,
327 3088 390 3148 sive
408 3088 501 3148 iudex
517 3087 636 3169 legibus
648 3124 651 3131 ·
663 3097 780 3146 creatus
798 3084 955 3165 peculatus
974 3084 1006 3143 in
1023 3083 1191 3144 referendis
1208 3105 1258 3163 ra-

78 3172 221 3234 tionibus
239 3173 279 3234 sit
297 3174 472 3247 convictus,
495 3172 590 3232 homo
614 3193 731 3253 pauper
749 3182 780 3231 et
796 3171 900 3243 rodis,
914 3181 956 3233 ,et
973 3169 1137 3232 multarum
1155 3190 1258 3230 rerum

47 3317 50 3322 .
77 3258 258 3341 imperitus,
291 3261 463 3340 sortitoque
488 3258 665 3338 magistratu
691 3256 833 3330 functus,
870 3276 939 3316 eum
965 3256 1087 3338 decupli
1112 3254 1259 3330 damnari,

79 3367 152 3405 cum
169 3366 262 3405 nemo
280 3345 373 3405 ullam
391 3346 491 3428 legem
508 3345 603 3417 ferat,
632 3364 709 3423 quae
727 3342 839 3402 talibus
858 3342 1043 3423 opituletur:
1067 3341 1094 3402 si
1112 3341 1257 3423 quivero
1323 3404 1326 3409 ,

79 3429 176 3512 legati
200 3431 312 3491 delecti
329 3453 345 3491 a
364 3430 480 3512 populo
505 3429 645 3490 homines
671 3427 790 3509 copiosi
813 3436 952 3509 magnam
976 3427 1137 3507 pecuniam
1163 3426 1259 3491 surri÷
1306 3467 1311 3471 -

79 3529 227 3596 puerunt,
244 3516 332 3586 aliam
351 3538 481 3590 sacram,
499 3515 587 3576 aliam
606 3514 776 3596 publicam,
795 3532 922 3592 eamque
940 3511 1035 3595 longo
1054 3525 1192 3593 tempore
1210 3523 1258 3601 te7
1318 3530 1325 3543 ’

48 3632 51 3646 v
79 3614 233 3676 nuerunt,
258 3602 306 3661 his
326 3604 448 3663 demum
467 3600 604 3683 expediri
630 3599 763 3661 remedia
781 3620 900 3667 summo
919 3598 1048 3667 artificio
1067 3598 1259 3674 concinnata,
1286 3615 1293 3649 τ
1322 3595 1341 3680 f

77 3699 174 3746 utne
194 3687 268 3767 quid
287 3687 431 3762 subeant,
456 3688 541 3768 quod
560 3698 606 3747 est
622 3687 671 3746 vel
690 3686 808 3769 legibus
827 3685 875 3747 vel
894 3684 1023 3746 decretis
1049 3683 1262 3769 constitutum-¹
1298 3690 1302 3694 ”

77 3768 180 3855 Atqui
197 3771 314 3847 Solon,
341 3774 390 3835 eui
408 3795 465 3834 nec
483 3774 548 3854 ipse
567 3772 755 3832 Timocrates
774 3792 806 3831 se
824 3771 1019 3853 ferendarum
1037 3769 1140 3852 legum
1158 3767 1257 3839 scien-
1311 3799 1316 3810 ‹

76 3856 121 3918 tia
140 3857 364 3927 conferendum
390 3879 457 3919 esse
484 3870 622 3932 censeat,
648 3879 798 3937 nusquam
824 3856 855 3916 id
875 3855 956 3939 egit,
980 3869 1018 3917 ut
1043 3852 1257 3937 eius'generis

45 3956 49 3966 ’
76 3943 224 4004 homines
243 3943 368 4025 impune
388 3957 419 4004 et
436 3964 542 4004 secure
568 3944 695 4027 grassari
720 3954 862 4025 possent:
887 3942 941 4003 sed
960 3941 992 4002 in
1010 3941 1069 4002 hoc
1087 3940 1190 4022 potius
1207 3939 1257 3999 in·
1275 3936 1285 3985 -Ϊ

33 4035 38 4051 ’
75 4034 185 4089 tentus
203 4029 273 4104 fuit,
290 4043 327 4090 ut
344 4044 474 4091 autnon
492 4029 718 4110 delinquerent,
736 4041 790 4091 aut
806 4028 988 4090 delictorum
1006 4047 1120 4109 poenas
1138 4026 1272 4099 duent,

75 4115 245 4199 legemque
263 4115 342 4177 tulit
360 4114 467 4177 Recita
484 4116 591 4198 legem.
751 4116 753 4123 ’
926 4144 928 4149 ·

611 4269 725 4313 nux.
1050 4314 1053 4318 .

168 4321 292 4457 Siquis
316 4371 451 4437 interdiu
469 4392 559 4454 supra
586 4334 808 4456 qninquaginta
826 4368 982 4469 drachmas
1003 4349 1121 4461 furatus
1145 4365 1254 4428 fuerit:
1284 4338 1287 4343 .
