2722 4754
242 184 283 253 ss
366 201 973 274 inversus-turritum·
1081 205 1085 211 ’
1167 203 1289 262 ἰιι

87 368 159 427 inan
174 360 272 441 legem
291 357 499 428 evertendam,
524 367 560 416 ut
577 344 654 437 quae
672 376 730 415 nec
745 356 918 436 probanda,
945 358 1002 416 nee'
1020 355 1106 416 vobis
1124 353 1229 437 profu·
1303 354 1305 359 ’

18 512 22 523 ,
80 458 143 512 tuta
157 445 206 505 ait:
241 443 297 503 sed
315 456 349 503 ut
365 443 397 501 id
414 439 518 520 paucis
537 440 712 523 intelligatis
735 454 766 502 et
783 462 841 531 ego
859 438 982 502 tandem
1000 439 1122 502 dicendi
1137 438 1230 511 finem

10 552 14 593 ·.
88 532 188 602 faciam,
205 526 250 588 sic
268 528 354 610 agite.
389 522 535 585 Conferte
553 525 635 586 inter
651 545 684 585 se
703 538 733 585 et
751 526 883 608 cogitate
902 547 970 593 cnm
988 525 1094 586 animis
1113 522 1231 598 vestris,

91 612 245 702 quidnobis
264 622 443 672 eventurum
462 610 511 684 sit,
530 610 556 669 si
573 611 672 693 legem
690 610 776 670 istam
795 609 1016 685 damnaveritis,
1035 608 1119 691 quid,
1136 612 1162 671 si
1177 632 1230 691 ap·
1254 617 1316 675 322

91 694 281 787 probaveritis:
305 694 415 755 deinde
432 708 536 754 tenete
554 707 585 754 et
603 707 805 767 mementote,
831 712 907 774 quae
926 717 962 755 er
978 709 1107 783 utruque
1124 715 1158 756 re
1176 716 1232 755 vo-

10 802 15 819 ·
89 784 196 851 bislnre
220 779 423 852 videbuntur,
448 792 484 839 ut
500 779 620 860 potiora
638 779 819 860 praeferatis.
863 778 896 837 Si
914 779 1009 861 igitur
1026 778 1230 841 eam-damna-

14 920 25 941 ,
86 870 157 941 bitis,
177 878 212 924 ut
234 884 292 923 nos
321 862 478 938 iubemus,
503 876 541 932 et,
553 863 637 946 digni
660 865 707 923 lus
730 886 819 924 suum
842 864 860 923 a'
882 863 969 943 vobis
995 878 1238 944 consequentur,-

10 956 22 1037 ξι
85 969 112 1017 et
124 951 146 1012 si
160 948 225 1030 quis
243 947 389 1030 indignus
409 940 565 1030 cst·(sicut
583 961 648 1008 esto
667 958 738 1015 sane
756 946 896 1032 aliquis),
920 962 1128 1029 praeterquam
1147 951 1231 1030 quod

82 1028 359 1115 doro-priiabitur,
386 1052 421 1092 ex
447 1033 539 1092 animi
563 1033 658 1094 vestri
680 1033 830 1094 sententia
856 1035 945 1094 etiarn
971 1056 987 1094 a
1011 1032 1097 1093 vobis
1122 1035 1230 1114 punie-

14 1106 20 1117 ’
78 1138 122 1185 ιιι
136 1120 200 1203 lege
216 1139 234 1178 a
252 1117 343 1176 nobis
368 1117 549 1192 substituta,
577 1132 608 1180 et
625 1131 728 1179 nostra
754 1119 856 1179 civitas
881 1116 998 1192 fidelis,
1023 1118 1119 1191 iusta,
1143 1139 1232 1180 verax

25 1246 31 1253 -
77 1226 141 1290 erga
156 1222 260 1264 omnes
277 1200 440 1263 videbitur.
480 1202 533 1262 Sin
552 1203 757 1302 approbabitis
775 1202 873 1285 (quod
892 1204 969 1264 absit
985 1217 1020 1264 ut
1037 1200 1181 1285 facittis)‘:
1201 1216 1232 1264 et

74 1290 144 1353 boni
164 1298 289 1370 propter
318 1287 474 1368 improbos
501 1287 673 1348 attinentur
696 1288 821 1362 iniuria,
851 1300 881 1349 et
904 1288 1024 1371 indigni
1056 1288 1231 1349 calamitatis

73 1376 137 1437 aliia
152 1383 286 1434 auctores
310 1386 418 1445 erunt,
445 1385 505 1432 nec
518 1373 595 1432 ullas
613 1372 672 1453 ipsi
697 1391 810 1454 poenas
836 1372 968 1448 dabunt,
996 1368 1161 1453 nostraqu'e
1187 1372 1231 1432 ci-

73 1461 153 1532 vitas,
168 1469 271 1533 contra
291 1478 382 1537 quam
401 1457 462 1518 dixi
479 1459 582 1531 modo,
599 1470 635 1517 ut
648 1457 772 1537 perlida,
788 1468 824 1516 ut
838 1454 948 1533 invida,
965 1470 1002 1518 ut
1013 1458 1140 1518 mendei
1151 1458 1231 1539 apud

68 1563 172 1605 omnes
188 1542 372 1602 traducetur,
390 1544 494 1618 Quare
511 1562 574 1602 non
592 1541 842 1602 committendum
860 1553 916 1615 est,
934 1541 1146 1616 Athenienses,
1164 1556 1230 1603 tan-

65 1642 128 1691 tam
140 1625 337 1710 ignominiam
349 1639 385 1687 ut
396 1627 576 1702 adsciscatis,
592 1626 751 1708 praeclaris
764 1639 794 1687 et
805 1626 892 1705 vobis
911 1626 1162 1688 convenientibus
1174 1627 1231 1687 bo-

64 1710 115 1773 nia
132 1711 305 1793 repudiatis.
340 1712 417 1772 Nam
441 1712 571 1792 quisque
589 1725 728 1772 ‘vestrum
746 1711 811 1771 eius
836 1711 1000 1792 opinionis,
1019 1732 1095 1793 quae
1119 1712 1156 1771 de
1174 1734 1232 1793 pu-

62 1797 156 1858 blicis
181 1796 309 1857 decretis
333 1798 446 1870 oritur,
470 1809 586 1877 partem
611 1796 716 1878 capiet
756 1796 828 1856 Non
853 1796 934 1856 enim
959 1797 1117 1878 quisquam
1141 1794 1232 1877 igno-

62 1895 134 1955 rat,
147 1881 198 1957 tel
213 1892 339 1955 eornm,
357 1882 410 1962 qui
428 1881 638 1954 circumstant,
656 1881 703 1971 pel
722 1892 927 1957 caeterorum,
943 1882 1102 1962 Leptinem
1126 1880 1159 1938 in
1183 1881 1231 1941 iu-

14 2015 17 2019 <
63 1967 153 2027 dicio
181 1965 339 2027 nobiseum
370 1967 572 2026 contendere:
604 1967 658 2024 sed
684 1966 716 2025 in
742 1966 932 2049 singulorum
963 1965 1097 2025 iudicum
1118 1962 1230 2024 'animis

61 2049 246 2111 humanitati
262 2072 332 2110 cnm
349 2051 479 2123 invidia,
504 2050 637 2111 iustitiae
655 2072 723 2110 cum
749 2046 959 2131 improbitate,
973 2050 1117 2131 denique
1134 2049 1230 2109 uirtu-

60 2135 147 2195 tibus
171 2134 313 2196 0mnibu's
335 2157 404 2195 cum
420 2135 501 2195 vitiis
528 2147 678 2196 certamen
696 2155 768 2196 esse.
812 2135 844 2195 si
862 2136 956 2218 igitur
979 2134 1156 2205 melioribus
1174 2128 1230 2193 ob·
1301 2146 1308 2175 ·'

63 2232 267 2300 temperantes
294 2218 384 2280 nobis
407 2221 521 2280 assensi
545 2219 680 2279 fueritis:
707 2232 773 2279 tum
790 2220 865 2300 ipsi,
892 2241 968 2299 quae
995 2221 1100 2293 decet,
1126 2219 1248 2291 decre-¹

62 2304 142 2364 visse
160 2303 355 2370 videbimini:
376 2317 453 2377 tum,
472 2325 549 2385 quae
567 2303 752 2384 reipublicae
771 2304 981 2366 honestissima
1000 2315 1099 2377 erunt,
1116 2312 1229 2365 statue·

58 2389 117 2448 tis:
136 2399 212 2461 tum,
231 2388 258 2447 si
276 2390 359 2468 quod
377 2389 456 2448 forte
475 2388 617 2449 inciderit
633 2400 772 2469 tempus,
791 2409 855 2448 non
873 2390 1012 2465 deerunt,
1030 2389 1083 2468 qui
1100 2409 1156 2469 pro
1174 2408 1229 2448 vo-

60 2471 108 2532 bis
127 2471 212 2532 adire
229 2472 364 2552 pericula
381 2493 446 2532 non
463 2472 612 2533 dubitent
655 2473 738 2532 Haec
762 2471 856 2554 igitur
879 2473 1019 2533 universa
1037 2493 1126 2532 curae
1142 2471 1229 2533 vobis

46 2556 177 2637 'opinor
193 2576 228 2616 ae
245 2556 349 2617 studio
368 2575 434 2616 esse
452 2557 583 2617 debent:
601 2575 635 2616 ac
652 2556 815 2640 diligenter
830 2556 1070 2638 providendum,
1088 2576 1127 2617 ne
1145 2557 1176 2616 vi
1192 2556 1229 2616 ad
1290 2622 1293 2631 ¹

23 2702 30 2711 ,
59 2639 306 2721 delinquendum
324 2641 495 2724 adigamini.
533 2641 629 2722 Saepe
648 2641 730 2701 enim
746 2642 858 2702 lactum
877 2655 939 2715 est,
955 2640 1177 2714 Athenienses,
1193 2653 1229 2700 ut

60 2725 161 2787 multa
183 2725 271 2786 uobis
294 2725 421 2806 probata
445 2737 476 2787 et
497 2747 638 2807 persuasa
661 2746 725 2785 non
750 2726 827 2798 sint,
854 2726 907 2785 sed
932 2737 1034 2805 erepta
1059 2737 1090 2784 et
1112 2736 1229 2784 extorta

62 2822 220 2888 oratorum
239 2810 422 2871 clamoribus
441 2824 473 2871 et
489 2810 634 2874 violentia
648 2823 684 2870 et
701 2802 907 2890 impudentia'
922 2809 956 2869 ld
975 2807 1057 2889 quod
1076 2829 1158 2868 nunc
1173 2828 1229 2867 ros

59 2894 255 2956 committere
272 2894 516 2979 indignissimum
531 2895 631 2957 fuerit
649 2895 708 2955 Sed
726 2915 802 2975 quae
819 2895 897 2956 iusta
915 2913 984 2971 essex
997 2890 1177 2975 intelligitis,
1196 2912 1228 2952 ea
1298 2958 1302 2969 ,

57 2990 168 3040 tenete
184 3001 221 3040 ac
243 2980 463 3043 recordamini:
488 2993 524 3041 nt
548 2981 581 3039 in
604 2973 832 3062 pronuntiando
857 2978 1051 3058 ferendisque
1069 2962 1231 3060 suffragiis,

58 3056 321 3145 quemadmodum
338 3065 534 3127 iurisiurandi
551 3065 661 3148 religio
678 3065 830 3146 postulat,
845 3068 849 3073 '
866 3064 1055 3125 consultores
1073 3060 1230 3143 improbos

60 3145 286 3211 condemnetis.
328 3152 425 3211 Miror
441 3164 559 3224 autem,
587 3169 656 3223 eos,
680 3149 733 3228 qui
750 3152 904 3211 monetam
922 3147 1108 3220 adulterant,
1133 3144 1231 3226 capite

62 3232 204 3311 mulctari
223 3236 303 3317 apud
320 3257 390 3296 vos:
407 3236 444 3296 iis
463 3255 547 3309 vero,
565 3234 618 3314 qui
635 3244 729 3294 totam
748 3234 900 3297 civitatem
918 3231 1116 3301 adulterinam
1135 3240 1166 3290 et
1182 3228 1230 3288 in-

59 3318 155 3378 fidam
177 3320 330 3394 reddunt,
355 3321 477 3382 dicendi
499 3319 567 3380 fieri
590 3329 778 3399 potestatem.
813 3320 943 3393 Nescio,
968 3338 1017 3378 me
1041 3315 1108 3376 dius
1129 3313 1231 3403 fidius,

62 3422 213 3482 quorsum
237 3404 365 3466 attineat
386 3406 479 3465 multa
504 3406 612 3466 dicere.
647 3403 790 3465 Arbitror
812 3405 908 3479 enim,
932 3423 987 3463 vos
1012 3399 1128 3474 omnia,
1154 3416 1230 3478 quae
1293 3457 1300 3464 .

64 3485 213 3563 diximus,
231 3489 304 3550 satir
322 3488 516 3554 intellexisse.
706 3498 709 3503 '
918 3506 921 3511 ’

368 3680 927 3695 -οο--α--κ--ι--ἠ-ο--κ

64 3814 633 3940 oltntlo'nnvtnsus
668 3825 890 3937 llllDlAlll
924 3822 995 3897 DE
1029 3820 1229 3941 ALAPA.
1255 3843 1315 3900 323

557 4006 775 4016 .--.-....-—---

350 4115 545 4178 melun
586 4112 957 4175 nncunnnrunt

60 4216 201 4305 Festum
219 4243 333 4304 nanu
359 4240 789 4316 celebratissimum,
815 4240 899 4322 quau
916 4261 933 4300 ι
950 4240 1010 4301 ιω
1027 4238 1082 4300 nto
1099 4238 1231 4300 nuceta.
1300 4281 1305 4287 .

60 4329 141 4391 nelis
159 4327 371 4391 nominabant
397 4333 432 4391 ln
447 4350 488 4390 eo
505 4326 585 4390 sesto
602 4327 708 4411 tragici
725 4340 757 4389 et
774 4326 883 4388 comici
902 4337 933 4387 et
949 4324 1108 4387 tibicinum
1127 4334 1230 4384 coetus
1255 4364 1270 4379 .

1291 4570 1304 4635 ‚¹
