2722 4754
136 229 228 304 aa„
321 249 330 257 --
432 180 881 298 'uuuosuttuuts
987 202 1046 309 ι’

136 385 184 436 est
200 376 277 434 adeo
296 393 455 456 maguum:
471 372 537 455 ipsa-
551 391 601 434 res
618 384 719 433 autem
736 391 770 434 se
787 372 846 432 iam
865 371 1021 434 ostendet:
1037 390 1092 432 vos
1109 370 1226 432 indices
1246 369 1305 430 eri-

135 460 190 521 tis.-
199 458 334 519 Primum
352 455 498 532 omnium,
510 455 724 530 Athenienses,
738 456 878 520 triremes
892 456 1112 541 quinquaginta
1128 467 1306 538 comparan-

34 589 40 594 ‚
63 575 67 612 ·,
138 547 190 607 das
208 548 274 605 esse
299 541 383 605 dico:
409 541 528 603 deinde
536 560 591 617 uos
609 541 647 604 iis
669 542 778 611 animis
788 562 862 603 esse
879 552 1040 623 oportere,
1060 553 1106 613 ut,
1123 541 1150 602 ai
1174 541 1249 620 quid
1266 539 1309 600 sit

138 649 234 711 opus,
260 625 318 708 ipsi
344 627 518 690 conscensis
543 627 587 688 eis
606 627 771 710 *navigent
805 627 881 688 Post
904 626 1047 687 dimidiae
1063 627 1142 708 parti
1167 626 1307 706 equitum

119 708 122 717 ’
136 723 294 796 equestres
310 707 450 777 triremes
468 724 499 775 et
516 711 635 796 copiam
651 711 847 796 navigiorum
859 711 969 783 instrui
986 711 1089 772 iubeo.
1110 711 1213 792 Atque
1231 710 1308 771 haec

29 858 33 865 ,
105 818 108 822 ’
136 800 329 880 inpromptu
348 817 413 859 esse
431 816 543 860 censeo
562 818 580 857 o
604 810 715 872 ortere,
736 797 774 857 ad
791 796 905 858 subitas
923 796 995 857 istas
1013 797 1079 858 eius
1097 816 1115 857 e
1132 817 1228 880 regno
1248 815 1307 855 suo

57 884 67 900 ⁰
137 881 314 962 eruptiones
339 880 499 967 inPylas,
522 894 554 944 et
571 819 814 956 (lhersonesum,
838 892 871 943 et
888 880 1065 965 Olynthum
1086 894 1118 942 et
1135 902 1196 962 quo
1222 880 1308 939 libet.

136 968 221 1028 Haec
234 965 316 1028 enim
334 965 367 1027 in
385 967 451 1031 eius
468 967 570 1030 animo
588 967 745 1029 excitanda
761 979 810 1028 est
826 966 950 1049 opinio,
966 987 1022 1028 ros
1039 980 1077 1026 ex
1090 966 1236 1026 immensa
1249 963 1307 1025 ista
1336 988 1342 999 „

136 1051 339 1135 negligentia,
362 1062 409 1112 ut.
421 1052 454 1112 iu
479 1051 654 1124 Euboeam,
678 1063 711 1113 et
725 1052 811 1134 prius
827 1050 992 1134 aliquando
1010 1053 1048 1122 ad
1065 1050 1251 1122 Haliartum,
1276 1061 1308 1110 et

40 1142 60 1164 ”
109 1149 293 1218 postremo
310 1134 416 1220 Tnuper
436 1136 470 1200 in
492 1136 600 1221 Pylas,
634 1137 763 1198 lomasse
789 1131 858 1198 cum
880 1137 996 1218 impetu
1019 1151 1191 1220 erupturos.
1232 1135 1308 1195 Non

138 1221 280 1296 omuino,
304 1221 425 1288 tametsi
441 1240 507 1282 non
523 1219 673 1296 feceritis,
696 1233 734 1283 ut
750 1241 808 1304 ego
827 1221 999 1287 iaciendum
1017 1242 1083 1283 esse
1102 1220 1309 1295 dico,‘fuerit

86 1381 90 1391 β
137 1307 196 1369 boc
214 1306 486 1369 contemnendum
510 1317 546 1367 ut
562 1318 617 1369 aut
633 1319 732 1382 metu,
751 1307 778 1368 si
794 1307 899 1367 scierit
913 1302 1035 1390 paratos
1053 1327 1119 1368 esse
1136 1327 1190 1367 ros
1206 1305 1307 1388 (certo

138 1392 219 1453 enim
236 1391 327 1453 sciet.
344 1388 532 1465 sicutenim,
549 1397 623 1455 sunt
639 1391 720 1474 apud
736 1411 792 1452 vos
810 1385 908 1475 ipsos,
924 1391 983 1472 qui
999 1394 1037 1452 de
1054 1391 1204 1456 omuibus
1214 1390 1309 1463 rebus

52 1549 54 1552 γ
137 1471 208 1537 eum
224 1476 387 1538 certiorem
410 1475 523 1538 faciant
546 1476 758 1558 plures-quatit
782 1477 933 1558 expedit),
952 1477 1050 1538 otium
1074 1489 1160 1560 agata
1183 1487 1236 1536 aut
1259 1472 1308 1534 his

80 1569 120 1622 30
139 1560 306 1645 despectis,
329 1559 469 1629 incautus
491 1558 695 1642 opprimaturs
730 1561 872 1640 obstante
894 1561 1038 1636 nemine,
1059 1583 1122 1643 quo
1149 1559 1250 1621 minus
1274 1559 1309 1619 in

138 1646 204 1709 eius
216 1665 356 1728 reguum,
373 1645 400 1707 si
411 1666 467 1729 per
483 1645 675 1726 occasionem
693 1644 823 1721 licuerit,
840 1647 996 1730 navigetis
1014 1646 1211 1730 Haecigitur
1226 1657 1310 1719 sunt,

138 1750 215 1812 quae
232 1731 445 1810 protae-esse
460 1729 549 1792 cobis
568 1743 711 1814 oportere
730 1731 844 1806 dicam,
861 1744 955 1808 eunt
972 1731 1114 1794 instructi
1131 1730 1215 1805 sitis,
1232 1748 1321 1791 con-⁸

137 1814 242 1878 venire
258 1814 397 1882 arbitror.
421 1815 548 1876 Praeter
564 1814 650 1877 haec·
663 1815 766 1898 copias
781 1816 915 1897 aliquae,
938 1815 1159 1892 Athenienses,
1184 1816 1217 1876 in
1235 1835 1308 1896 pro-

138 1899 240 1964 cinctu
247 1899 412 1975 ,habendas
424 1920 564 1976 censeo,
581 1921 660 1982 quae
683 1901 881 1963 continenter
902 1900 1085 1984 belligerent
1108 1915 1139 1962 et
1156 1900 1243 1962 illum
1260 1901 1309 1959 in-

34 2031 40 2041 ,
137 1985 266 2065 sestents
292 1985 391 2047 Nemo
409 1985 484 2045 mihi
501 1985 583 2047 dicat
601 1986 702 2051 decies
719 1986 819 2062 mille,
842 1986 1054 2066 requesicies
1071 1985 1155 2046 mille
1172 1984 1309 2067 peregri-

138 2090 213 2143 nos,
231 2089 333 2150 neque
351 2071 555 2131 conductitios
573 2068 643 2138 illos
661 2071 827 2132 exercitus:
845 2092 895 2132 eas
911 2071 983 2131 volo
1001 2064 1121 2159 copias,
1139 2091 1216 2151 quae
1234 2070 1309 2130 civi-

138 2154 195 2215 bus
214 2167 369 2216 constent:
397 2175 490 2236 quae,
514 2156 577 2215 sive
601 2177 787 2231 rosunum,
812 2155 875 2222 sive
892 2156 1012 2237 plures,
1037 2156 1100 2217 sive
1118 2157 1221 2229 illum,
1245 2155 1318 2215 sive

139 2260 352 2324 quemcunque
379 2241 488 2304 ducem
512 2240 700 2316 creaveritis,
726 2241 755 2301 ei
777 2253 917 2321 pareant,
944 2253 975 2302 et
998 2254 1179 2320 sequautur:
1207 2239 1310 2299 ethis

40 2377 41 2380 ,
108 2328 111 2333 ’
139 2320 340 2395 commeatum
356 2325 454 2385 curari
470 2324 572 2384 iubeo.
590 2326 678 2400 Quae
692 2338 794 2386 autem
813 2337 903 2386 eruut
915 2325 972 2386 hae
987 2326 1106 2407 copiae,
1122 2338 1153 2385 et
1169 2338 1309 2405 quantae,

130 2420 171 2470 'et
190 2411 275 2471 unde
298 2423 500 2473 commeatum
521 2409 699 2472 habiturae?
726 2423 758 2471 ct
774 2410 931 2492 quomodo
954 2409 1029 2472 haec
1053 2412 1151 2471 facere
1177 2408 1308 2479 voletis?

138 2495 206 2577 Ego
225 2495 339 2567 dicam,
364 2507 396 2557 et
419 2494 530 2555 horum
548 2495 666 2578 singula
684 2496 812 2579 seorsim
829 2493 994 2576 explicabo.
1037 2495 1218 2579 Peregrinos
1238 2495 1309 2555 dico

138 2578 255 2659 (neque
266 2579 305 2639 'id
321 2577 470 2652 feceritis,
502 2579 586 2660 quod
604 2582 693 2660 saepe
710 2580 799 2642 vobis
816 2579 940 2654 nocuit,
968 2581 1042 2641 dum
1059 2581 1178 2641 minora
1196 2574 1309 2660 pictatis

140 2664 241 2723 omnia
259 2684 349 2745 quam
367 2675 524 2746 oporteat,
549 2677 580 2725 et
597 2665 723 2725 maxima
741 2665 774 2726 iu
792 2664 923 2726 decretis
940 2664 1159 2747 suscipientes,
1181 2663 1309 2724 eumad
1336 2672 1340 2677 ’

138 2759 203 2808 rein
220 2747 344 2814 velitum
364 2762 424 2822 est,
442 2769 482 2808 ue
498 2750 588 2829 paria
606 2748 729 2828 quidem
746 2749 859 2814 facitis:
876 2749 931 2810 sed
947 2751 1004 2810 nbi
1020 2772 1109 2832 parra
1126 2748 1259 2810 feceritis
1279 2760 1310 2806 et

139 2833 394 2914 temperaveritis,
411 2833 472 2895 illis
487 2832 620 2907 adiicite,
638 2835 665 2892 si
682 2834 800 2894 minora
813 2833 1019 2918 videbuhtur).
1044 2836 1113 2897 dico
1128 2834 1223 2916 igitur
1236 2832 1308 2893 uui·
1347 2884 1350 2891 ,

122 2960 124 2966 r
139 2938 242 2979 versos
260 2917 372 2999 milites
391 2938 457 2979 esse
475 2919 617 2998 oportere
636 2918 682 2981 tis
701 2918 804 2992 mille,
823 2926 859 2983 ex
877 2918 923 2980 his
940 2918 1144 2980 Athenienses
1164 2930 1309 2999 oportere
1346 2946 1352 2952 ·

140 3011 206 3064 'esse
225 3003 294 3063 dico
313 3004 514 3086 quingentos,
532 3022 549 3063 e
568 3024 749 3084 quacunque
766 3002 812 3064 illi
831 3004 986 3087 deligendi
1003 3004 1090 3067 vobis
1107 3016 1205 3064 aetate
1223 3001 1309 3063 vide-

139 3087 273 3162 buntur,
291 3087 347 3170 qui¹
363 3101 485 3157 eertum¹
496 3100 616 3169 tempus
635 3088 787 3162 militent,
802 3109 867 3151 nou
884 3091 1011 3172 longum
1029 3087 1122 3164 illud,
1140 3089 1194 3149 sed
1213 3094 1322 3168 quan-¹

56 3212 67 3225 ι
138 3170 205 3233 tum
223 3172 417 3241 commodum
435 3170 505 3253 esse
517 3172 687 3248 videbitur,
710 3185 746 3234 ut
763 3174 894 3234 subinde
911 3175 977 3235 aliis
995 3174 1048 3236 alii
1065 3174 1235 3244 succedant
1260 3193 1309 3232 re·
1339 3250 1341 3252 Ι

140 3256 241 3338 liquos
258 3256 437 3340 peregrinos
456 3277 522 3317 esse
540 3256 650 3318 iubeo:
686 3271 717 3320 et
738 3259 872 3320 cumbis
892 3254 1009 3342 equites
1028 3259 1195 3332 ducentos,
1232 3277 1309 3338 quo·
1345 3264 1349 3269 '

139 3364 208 3404 rum
233 3339 462 3425 quinquaginta,
478 3341 542 3406 siut
556 3341 761 3403 Athenienses
779 3343 955 3418 minimum,
984 3344 1093 3407 eodem
1112 3364 1174 3424 quo
1192 3343 1310 3424 pedites

103 3486 105 3490 .
139 3426 233 3490 modo
251 3426 425 3502 militaturi,
442 3439 475 3490 et
492 3439 648 3506 equestres
666 3446 773 3502 naves,
790 3428 902 3508 quibus
920 3426 953 3489 hi
970 3428 1103 3493 utantur.
1127 3431 1217 3488 Esto:
1236 3425 1312 3509 quid

139 3512 176 3571 ad
202 3509 276 3572 haec
300 3511 449 3592 amplius?
475 3507 598 3573 Celeres
623 3511 762 3573 trirem'es
788 3514 901 3574 decent
927 3534 1004 3594 opus
1032 3513 1112 3574 enim
1138 3510 1233 3591 nobis*
1255 3521 1312 3581 est,

140 3615 210 3657 eum
227 3594 280 3656 ille
298 3597 424 3658 classem
441 3597 560 3672 habeat,
579 3597 668 3669 etiam
686 3597 842 3659 velocibus
859 3599 1045 3673 triremibus,
1062 3610 1104 3658 ut
1115 3610 1185 3659 tuto
1201 3596 1311 3676 copiae

18 3760 24 3765 .
140 3680 289 3764 navigent
330 3683 419 3744 Unde
438 3680 532 3765 igitur
548 3683 605 3743 hae
623 3681 764 3744 alentur?
795 3681 862 3764 Ego
882 3696 913 3743 et
930 3682 990 3743 hoe
1008 3683 1124 3755 dicam,
1154 3695 1186 3742 et
1198 3692 1310 3752 osteu-

126 3766 225 3842 ,datin
236 3776 422 3866 postquam,
445 3787 499 3828 cur
515 3769 646 3831 tantulae
664 3768 766 3848 copias
783 3768 855 3830 satis
874 3789 940 3833 esse
957 3781 1081 3851 putem,
1106 3779 1137 3829 et
1149 3766 1233 3827 cives
1251 3764 1311 3825 mi-

91 3898 95 3904 .
140 3850 227 3913 litare
245 3850 376 3928 iubeam,
395 3853 536 3915 docuero.
557 3853 721 3928 ,Toutelas
737 3851 953 3930 Athenienses,
967 3853 1131 3936 'propterea
1150 3849 1234 3933 quod
1252 3869 1311 3911 uo-

42 3990 46 3997 .
139 3935 186 3997 bis
205 3956 286 3997 nuuc
306 3937 469 3998 exercitum
487 3957 591 4019 parare
608 3936 772 4012 nonlicet,
798 3937 852 4019 qui
869 3939 987 4001 collatis
1005 3938 1101 4021 signis
1119 3954 1188 3997 cum
1207 3955 1244 3996 eo
1264 3933 1312 3995 di-

138 4020 318 4091 micettsed
330 4022 505 4085 latrocinari
521 4030 568 4086 est
582 4042 716 4098 necesse,
735 4036 767 4084 et
782 4023 838 4085 hac
851 4023 979 4107 gerendi
994 4023 1069 4085 belli
1083 4023 1202 4085 ratione
1219 4033 1313 4082 utcu,

139 4106 367 4187 dum-primum.
386 4110 489 4184 Quare
506 4129 563 4170 uec
579 4107 741 4172 immensas
760 4105 899 4188 eas-(uec
916 4109 998 4171 euim
1014 4106 1165 4190 stipendia
1179 4118 1213 4167 et·
1225 4124 1310 4165 com-

139 4203 254 4252 meatus
273 4199 469 4275 suppetunt),
488 4216 545 4254 nec
562 4214 685 4273 prorsus
704 4193 833 4275 exiguas
850 4214 915 4255 esse
934 4206 1064 4276 oportet
1087 4189 1192 4254 ,Cives
1208 4203 1309 4251 autem

122 4276 245 4337 ‘adesse
262 4290 294 4339 et
304 4279 532 4363 ‘navigareuna
549 4290 714 4359 propterea
727 4277 843 4354 iubeo,
857 4278 943 4360 quod
960 4278 1045 4360 prius
1064 4278 1155 4340 etiam
1172 4269 1309 4357 aliquaue

65 4382 68 4387 ·
140 4361 183 4431 clo,
198 4362 292 4424 audio.
308 4364 502 4446 peregrinum
520 4358 794 4443 aluisseCorinthi‘
807 4361 935 4441 militem
953 4375 1087 4425 nostram
1105 4361 1235 4434 urbem,
1261 4360 1311 4420 cui
