2722 4754
20 194 37 269 j
81 182 87 193 ⁸
130 166 227 256 ιιι
269 180 275 190 ·
325 220 327 225 ,
419 117 1007 268 nnnosrnnurs'onamo

31 313 48 363 ’Ἰ
86 316 108 374 Ῐ
129 333 233 396 tecto?
256 331 377 407 Quodsi
396 349 453 412 ego
472 306 563 428 istum
581 329 744 403 dimisero,
762 296 863 394 veslro
880 326 914 388 ἰιι
931 327 1036 388 istum
1041 325 1233 409 praeiudicio
1248 290 1308 385 de

105 413 230 492 ‘serto,
254 416 332 477 nihil
348 413 511 514 delinquo,
537 436 564 476 ιιι
554 414 639 476 diis
657 415 772 496 palacet
796 414 843 476 sin
861 413 908 474 ins
928 435 1028 474 meum
1046 425 1236 494 persequor,
1254 406 1307 472 oi·-
1335 464 1338 469 .

8 480 16 506 ²
72 524 99 583 j-
131 502 217 562 dines
237 498 376 574 deserni,
395 501 484 562 caede
502 521 569 561 snm
587 499 739 581 pollutus,
757 519 809 561 ane
826 499 895 561 tolli
911 511 1035 582 oportet
1053 498 1200 566 emedio.
1237 496 1308 580 Ego

85 598 103 611 “·
129 607 203 647 vero
222 598 327 651 contra
346 585 474 671 sentio,
474 585 501 646 si
517 585 611 649 istn'm
629 582 820 658 dimisissem,
838 605 886 644 me
904 585 1083 646 relicturum
1099 581 1225 644 inisse
1215 581 1308 643 rusti-

130 673 190 731 tiae
209 671 365 746 ordinem,
393 649 564 752 mihique'
554 689 621 730 ture
645 664 731 730 diem
737 660 908 740 homicidii
933 670 1112 732 dicendum.
1138 691 1210 729 nam
1229 666 1308 729 id'
1283 688 1310 726 ιι

111 754 288 830 descissent,
313 776 376 827 ιιιιιι
382 757 500 838 utique
518 755 619 815 vivere
636 775 685 814 mc
703 754 875 816 decuisset
905 757 947 816 Ut
970 754 1065 838 igitur
1084 756 1162 817 haec
1177 756 1309 834 quoque

17 836 66 921 ²3,
90 868 95 876 ’
132 861 203 917 vere
222 863 238 901 a
256 861 304 902 mc
323 835 384 903 (ιίιί
402 853 537 913 constet,
554 838 645 900 etiarn
663 839 774 900 horum
791 860 865 901 voca
883 839 958 950 mihi
974 853 1077 902 testes
1123 862 1141 884 ι’

612 993 632 1036 r
649 992 669 1036 n
685 993 701 1036 s
719 994 739 1036 r
756 993 776 1036 n
793 992 823 1038 ι.

94 1122 101 1138 ·-
217 1096 414 1182 Lysimachus
431 1095 647 1175 Alopeccnsis,
669 1096 785 1156 Demea
800 1064 977 1169 seniensis,
985 1081 1113 1155 Chares
1131 1075 1309 1170 Thoricins,

32 1244 46 1254 ,
122 1170 295 1253 ,Philemon
311 1179 485 1261 Sphettins,
502 1179 646 1241 Moschus
664 1179 875 1255 Paeaniensis,
895 1179 1005 1259 quihus
1023 1179 1216 1266 temporibus
1233 1179 1307 1240 Ari-
1330 1225 1353 1236 ..

132 1267 296 1367 starchus„
316 1265 451 1325 Moschi
447 1262 550 1341 filins’,
577 1266 665 1349 apnd
676 1277 815 1326 senatum
832 1277 879 1327 est
896 1264 1014 1324 delatus
1032 1265 1085 1324 de
1082 1266 1195 1326 occiso
1211 1264 1307 1327 Nico-

133 1351 233 1433 demo,
252 1350 362 1412 scimus
381 1349 515 1425 Midiam,
533 1351 587 1450 qui
602 1372 620 1410 a
634 1351 853 1424 Demosthene,
871 1349 920 1410 cui
938 1348 1153 1419 testimoninm
1168 1349 1309 1423 dicimus,

134 1449 306 1508 accusatur,
324 1435 361 1495 ad
373 1449 518 1498 senatum
531 1436 706 1518 ingressum
718 1435 842 1512 dicere,
860 1456 924 1528 nou
942 1435 1034 1496 alium
1051 1434 1150 1495 ullum
1167 1455 1236 1497 esse
1251 1434 1308 1494 Ni-

135 1520 254 1581 codemi
272 1518 499 1582 interfectorem
517 1543 607 1601 quam
624 1521 851 1596 Aristarchum,
871 1516 924 1600 qiu
915 1520 974 1580 id
992 1519 1109 1580 lacinus
1127 1520 1190 1598 suis
1204 1519 1307 1581 mani-

133 1603 192 1665 bus
216 1617 435 1686 perpetrasset,
461 1607 693 1686 consilinmqne'
707 1606 827 1668 dedisse
850 1606 986 1679 senatui,
1010 1618 1064 1679 ut,
1086 1605 1120 1667 in
1137 1592 1309 1666 Aristarchi

42 1742 49 1747 .
90 1729 91 1732 =
134 1690 224 1761 aedes
239 1690 350 1751 ιιιιο
340 1703 467 1774 smpetu,
486 1712 555 1751 eum
571 1690 872 1773 comprehenderent
890 1691 987 1751 llaec
984 1688 1093 1750 antem
1111 1689 1150 1750 ad
1166 1689 1316 1753 senatum

55 1834 57 1839 .
134 1773 270 1856 dicebat,
290 1790 390 1856 quum
414 1775 513 1856 pridie
537 1797 606 1836 cum
623 1775 801 1836 Aristarcho
824 1789 855 1837 et
869 1775 1032 1837 nobiseum
1056 1787 1138 1837 esset
1154 1788 1309 1859 coenatus.
1357 1849 1359 1852 Α

44 1876 46 1880 “
134 1857 260 1919 Scimus.
272 1880 383 1940 porro,
408 1858 549 1935 Midiam,
575 1874 610 1922 ut
634 1883 650 1922 a
668 1873 777 1922 senatu
791 1871 957 1928 'recesserat
974 1873 1005 1920 et
1023 1881 1057 1921 ea
1074 1859 1167 1926 verba
1183 1860 1312 1947 dixerat,

136 1941 239 2007 denuo
255 1945 293 2005 ad
304 1943 538 2009 Aristarchum
528 1967 713 2029 ingressum,
727 1945 885 2026 illique,
860 1967 903 2008 ιιι
914 1946 1026 2006 iniecta
1039 1947 1152 2020 dextra,
1170 1967 1241 2006 eum
1252 1943 1312 2005 de-

44 2035 51 2081 2
134 2028 261 2091 notione
280 2029 328 2090 sni
352 2028 459 2111 capitis
483 2031 615 2104 iurasse,
630 2031 716 2091 ¹nihil
741 2052 772 2091 se
791 2031 824 2090 in
848 2038 955 2092 senatu
979 2029 1050 2105 mali
1068 2031 1105 2091 dc
1125 2050 1162 2092 eo
1186 2031 1314 2103 dixisse,

19 2185 139 2254 ἰιι

135 2116 227 2196 atque
246 2113 283 2174 ab
301 2113 478 2184 Aristarcho
497 2115 639 2197 petiisse,
657 2129 693 2180 ut
710 2114 769 2176 sibi
785 2101 1024 2177 Demosthenem
1041 2114 1260 2193 reconciliaret.
1332 2160 1344 2192 ι

226 2198 309 2273 Quid
337 2197 433 2281 igitur
457 2200 528 2260 addi
552 2201 673 2280 potest?
709 2200 832 2275 Quae
822 2201 909 2260 istius
941 2200 1047 2262 similis
1080 2188 1148 2260 fnit
1163 2213 1216 2260 ant
1240 2197 1316 2258 fieri

138 2296 242 2367 potest
259 2282 456 2365 improbitas?
482 2305 535 2364 qur
526 2283 710 2346 hominem
727 2270 957 2358 calamitosum,
974 2308 990 2345 a
1009 2306 1071 2365 qno
1096 2284 1180 2345 nulla
1195 2294 1232 2344 rie
1248 2283 1317 2343 lae-

139 2391 189 2431 sus
215 2368 315 2429 fuerat
342 2366 467 2451 (omitto
496 2368 656 2470 amicum),
692 2369 782 2430 simul
796 2383 838 2431 et
868 2369 1125 2431 calumniandum
1136 2369 1261 2432 censuit
1284 2378 1319 2427 et

98 2510 101 2526 ι
129 2455 305 2537 ,orandum
325 2465 374 2513 ut
371 2473 413 2512 se
429 2454 509 2534 apud
528 2475 579 2514 me
595 2455 628 2515 in
652 2454 747 2537 gratia
756 2468 910 2539 poneret,
931 2475 1029 2556 eaque
1044 2455 1111 2538 egit
1135 2467 1168 2515 et
1193 2466 1317 2553 sumtus

91 2550 106 2600 ζ
123 2530 238 2599 'fecit'
229 2561 262 2598 ιιι
280 2529 348 2612 hoc,
366 2550 402 2598 ut
418 2560 479 2599 nna
497 2561 566 2600 cum
584 2539 637 2599 illo
655 2553 703 2602 me
719 2555 844 2621 quoqne
862 2560 918 2623 per
935 2541 1077 2600 iniuriam
1096 2540 1222 2600 eiiceret
1240 2537 1318 2598 ciri-
1348 2561 1357 2576 ι

107 2638 110 2643 ’
138 2636 209 2688 tate
232 2627 327 2684 Istum
345 2622 440 2706 igitur
456 2623 548 2685 talem
566 2646 683 2690 morem
701 2637 733 2685 et
750 2625 1016 2700 machinationem,
1033 2624 1250 2698 Athenienses,
1263 2633 1329 2696 ut,

27 2754 30 2761 .
100 2746 106 2751 -
140 2708 272 2788 quesibi
288 2708 382 2768 factas
399 2709 558 2770 iniurias
549 2732 615 2770 rure
637 2709 850 2810 ulciscuntur,
870 2710 1010 2791 pluribus
1034 2705 1124 2770 etiam
1143 2706 1322 2774 afficiantur-

7 2859 14 2870 ,
119 2793 245 2894 malis,
274 2814 337 2865 non
357 2793 481 2873 quidem
498 2796 631 2877 graviter
648 2808 679 2855 et
696 2794 804 2876 iniquo
823 2795 923 2855 animo
942 2797 1022 2857 ferre
1041 2815 1108 2870 me,
1137 2817 1193 2855 vos
1210 2807 1326 2860 antem‘

138 2877 276 2959 reliquos
287 2877 457 2960 negligere
482 2879 578 2943 decet
607 2879 737 2945 Minime
762 2880 902 2960 profecto
926 2880 958 2941 id
982 2877 1234 2941 contenittendnm
1250 2889 1317 2937 est:

141 2964 197 3025 sed
214 2963 328 3044 pariter
346 2983 451 3023 omnes
471 2963 560 3024 irascr
550 2963 725 3037 debetis,-
736 2965 813 3025 illud
830 2957 1005 3064 reputantes
1025 2977 1056 3024 et
1074 2965 1316 3033 considerentes,

141 3046 263 3109 iniuriis
288 3047 488 3128 accipiendis,
514 3069 533 3108 o
550 3048 772 3123 Athenienses,
797 3050 924 3111 maxime
949 3063 1140 3131 opportunos
1166 3069 1231 3110 esse
1255 3067 1317 3107 no-

144 3144 240 3193 strum
258 3134 467 3214 pauperrimos
486 3154 624 3215 quosque
644 3148 674 3195 et
691 3134 931 3196 infirmissimos:
948 3133 1119 3198 inferendis
1133 3147 1261 3206 antem,
1271 3131 1319 3191 sic
1348 3180 1352 3187 .

57 3245 59 3248 ⁴
139 3222 261 3279 utnon
279 3218 372 3278 modo
398 3218 567 3280 facinorum
572 3241 704 3320 poenas
730 3219 789 3300 ipsi
813 3241 877 3286 non
895 3222 987 3293 dent,
1012 3220 1067 3280 sed
1086 3218 1176 3279 etiam
1194 3216 1317 3297 aliquos

34 3326 58 3359 ·.
101 3320 107 3325 ·
144 3303 283 3362 mercede
308 3300 508 3379 conducant,'·
528 3305 581 3385 qui
605 3304 736 3379 vicissim
760 3305 920 3386 negotia
907 3305 1057 3365 facessant
1074 3301 1328 3373 accusatoribus,-

144 3387 349 3487 paratissimos
368 3401 399 3448 et
417 3389 659 3488 expeditissimos
682 3410 748 3450 esse
769 3388 914 3458 homines
927 3388 1100 3471 petulantes
1119 3401 1149 3449 et
1164 3383 1319 3483 pecunio-

145 3494 204 3534 sos.
246 3472 431 3555 Noreigitnr
447 3470 565 3557 negligi
581 3476 653 3536 talia
671 3475 798 3536 debent:
821 3495 934 3575 neque
942 3496 1028 3547 enm,
1042 3474 1099 3554 qni
1117 3485 1201 3533 metu
1219 3469 1269 3530 sui
1288 3480 1320 3527 et

91 3565 93 3568 ’
145 3570 263 3617 terrore
282 3557 441 3638 prohihet,
466 3579 529 3638 quo
548 3561 648 3621 minus
666 3582 683 3621 a
700 3580 733 3621 se
751 3561 948 3634 iniuriarum,
973 3581 1050 3639 qnae
1069 3557 1161 3619 alicui
1178 3552 1320 3618 nostrum

16 3630 19 3635 ¹
83 3706 86 3710 ,
145 3641 240 3702 iactae
255 3641 380 3717 suerint,
397 3665 514 3726 poenae
529 3654 718 3726 expetantur,
736 3646 818 3706 alind
835 3647 932 3706 lacere
950 3644 1138 3725 censendum
1153 3654 1209 3716 est,
1228 3660 1321 3720 qnam

119 3728 335 3808 ,aequalitatis
361 3740 393 3788 et
418 3728 566 3790 libertatis
590 3731 768 3808 societatem
791 3730 881 3791 nobis
908 3714 1045 3812 ereptum
1070 3729 1123 3789 ire.
1157 3727 1234 3786 Nam
1259 3742 1321 3804 ego

147 3811 272 3891 quidem
285 3813 421 3872 fortassis
435 3827 527 3894 atque
540 3815 615 3890 alins
627 3814 776 3896 quispiam
786 3816 896 3876 falsum
908 3817 1023 3875 crimen
1033 3826 1128 3897 atque
1138 3808 1323 3872 calumniam

146 3897 365 3979 repulerimus,
384 3919 448 3958 non
466 3899 566 3959 statim
586 3900 772 3960 consternati
790 3913 821 3959 et
838 3899 957 3961 afflicti:
979 3920 1034 3960 vos
1052 3911 1153 3959 autem
1170 3892 1286 3973 reliqui
1304 3911 1323 3951 e

147 3982 264 4065 popolo
283 3981 357 4060 quid
375 3982 508 4056 facietis,
543 3984 603 4045 nist
594 3973 792 4065 exemplum
810 3984 993 4056 statueritis,
1028 4004 1090 4063 quo
1110 3983 1327 4042 deterreantur

106 4109 115 4125 ι
149 4085 254 4125 omnes
273 4087 289 4125 a
308 4067 448 4127 divitiis
439 4091 471 4127 ιιι
489 4068 563 4133 tales
582 4067 693 4136 abusus
713 4069 945 4129 convertendis?
968 4067 1029 4128 Ubi
1046 4066 1199 4130 rationem
1216 4061 1326 4123 reddi-

150 4149 246 4223 deris,
263 4149 471 4250 iudiciumque
488 4153 635 4228 subieris,
653 4153 784 4258 quibus
783 4155 822 4214 de
839 4153 931 4228 rebus
950 4152 1113 4224 accusaris,
1136 4163 1202 4211 ιιιιιι
1219 4145 1326 4222 ιιίιιιιί-

132 4234 306 4294 candum'
296 4256 329 4294 ιιι
348 4233 418 4308 eos,
446 4260 501 4316 qur
489 4237 652 4298 ‘salsum'
643 4258 676 4298 ιιι·
693 4251 725 4298 te
743 4237 858 4298 crimen
876 4237 1020 4315 iecerint,
1044 4257 1079 4297 ac
1097 4248 1181 4310 tum,
1208 4233 1236 4295 si
1253 4230 1328 4312 quis

89 4400 99 4409 ,
139 4314 181 4378 ἰι
200 4319 364 4413 deliquisse
383 4320 508 4395 viderit,
533 4342 599 4382 non
616 4335 662 4383 est
678 4321 833 4385 tollendus
852 4320 1007 4394 emedio,
1032 4342 1151 4440 neque,
1175 4319 1236 4380 nbi
1249 4315 1330 4413 falsa
