<?xml version="1.0" encoding="UTF-8"?>
<!DOCTYPE html PUBLIC "-//W3C//DTD XHTML 1.0 Transitional//EN"
    "http://www.w3.org/TR/xhtml1/DTD/xhtml1-transitional.dtd">
<html xmlns="http://www.w3.org/1999/xhtml" xml:lang="en" lang="en">
 <head>
  <title>
</title>
<meta http-equiv="Content-Type" content="text/html;charset=utf-8" />
  <meta name='ocr-system' content='tesseract 3.04.00' />
  <meta name='ocr-capabilities' content='ocr_page ocr_carea ocr_par ocr_line ocrx_word'/>
</head>
<body>
  <div class='ocr_page' id='page_1' title='image "./demosthenisquae04schgoog_0555.png"; bbox 0 0 2722 4754; ppageno 0'>
   <div class='ocr_carea' id='block_1_1' title="bbox 45 133 1041 273">
    <p class='ocr_par' dir='ltr' id='par_1_1' title="bbox 45 133 1041 273">
     <span class='ocr_line' id='line_1_1' title="bbox 45 133 1041 273; baseline -0.006 -23"><span class='ocrx_word' id='word_1_1' title='bbox 45 237 48 250; x_wconf 37' lang='lat'>,</span> <span class='ocrx_word' id='word_1_2' title='bbox 124 232 126 236; x_wconf 14' lang='grc' dir='ltr'><em>Α</em></span> <span class='ocrx_word' id='word_1_3' title='bbox 163 190 296 254; x_wconf 56' lang='lat' dir='ltr'>susr</span> <span class='ocrx_word' id='word_1_4' title='bbox 333 206 337 213; x_wconf 44' lang='lat'><strong>⁴</strong></span> <span class='ocrx_word' id='word_1_5' title='bbox 390 133 811 262; x_wconf 58' lang='lat' dir='ltr'>[u&#39;uu&#39;rosruems</span> <span class='ocrx_word' id='word_1_6' title='bbox 847 135 1041 273; x_wconf 66' lang='lat' dir='ltr'>orario</span> 
     </span>
    </p>
   </div>
   <div class='ocr_carea' id='block_1_2' title="bbox 41 324 1343 2208">
    <p class='ocr_par' dir='ltr' id='par_1_2' title="bbox 103 324 1328 428">
     <span class='ocr_line' id='line_1_2' title="bbox 103 324 1328 428; baseline -0.006 -22"><span class='ocrx_word' id='word_1_7' title='bbox 103 324 123 378; x_wconf 80' lang='grc' dir='ltr'> </span> <span class='ocrx_word' id='word_1_8' title='bbox 162 327 217 419; x_wconf 86' lang='lat' dir='ltr'>vel</span> <span class='ocrx_word' id='word_1_9' title='bbox 227 344 394 423; x_wconf 86' lang='lat' dir='ltr'>adpatrem</span> <span class='ocrx_word' id='word_1_10' title='bbox 409 338 496 428; x_wconf 79' lang='lat' dir='ltr'>istius¹</span> <span class='ocrx_word' id='word_1_11' title='bbox 511 334 697 422; x_wconf 79' lang='lat' dir='ltr'>ingrederer,</span> <span class='ocrx_word' id='word_1_12' title='bbox 715 339 763 402; x_wconf 89' lang='lat' dir='ltr'>vel</span> <span class='ocrx_word' id='word_1_13' title='bbox 778 338 815 398; x_wconf 89' lang='lat' dir='ltr'>ad</span> <span class='ocrx_word' id='word_1_14' title='bbox 831 350 968 411; x_wconf 87' lang='lat' dir='ltr'>matrem,</span> <span class='ocrx_word' id='word_1_15' title='bbox 986 335 1034 421; x_wconf 82' lang='lat' dir='ltr'>vel</span> <span class='ocrx_word' id='word_1_16' title='bbox 1052 337 1226 418; x_wconf 86' lang='lat' dir='ltr'>quicquam,</span> <span class='ocrx_word' id='word_1_17' title='bbox 1245 341 1328 418; x_wconf 89' lang='lat' dir='ltr'>quod</span> 
     </span>
    </p>

    <p class='ocr_par' dir='ltr' id='par_1_3' title="bbox 88 422 1328 676">
     <span class='ocr_line' id='line_1_3' title="bbox 88 422 1328 506; baseline -0.005 -17"><span class='ocrx_word' id='word_1_18' title='bbox 88 495 92 506; x_wconf 54' lang='grc'>,</span> <span class='ocrx_word' id='word_1_19' title='bbox 162 429 261 498; x_wconf 77' lang='lat' dir='ltr'>fratris</span> <span class='ocrx_word' id='word_1_20' title='bbox 281 427 345 485; x_wconf 89' lang='lat' dir='ltr'>eius</span> <span class='ocrx_word' id='word_1_21' title='bbox 365 438 454 498; x_wconf 88' lang='lat' dir='ltr'>esset,</span> <span class='ocrx_word' id='word_1_22' title='bbox 472 425 637 486; x_wconf 77' lang='lat' dir='ltr'>auferrem:</span> <span class='ocrx_word' id='word_1_23' title='bbox 658 426 713 486; x_wconf 92' lang='lat' dir='ltr'>sed</span> <span class='ocrx_word' id='word_1_24' title='bbox 732 444 769 485; x_wconf 92' lang='lat' dir='ltr'>eo</span> <span class='ocrx_word' id='word_1_25' title='bbox 787 422 939 502; x_wconf 59' lang='lat' dir='ltr'>veritati</span> <span class='ocrx_word' id='word_1_26' title='bbox 956 423 1021 504; x_wconf 89' lang='lat' dir='ltr'>ipse</span> <span class='ocrx_word' id='word_1_27' title='bbox 1039 423 1256 503; x_wconf 86' lang='lat' dir='ltr'>Theophemus</span> <span class='ocrx_word' id='word_1_28' title='bbox 1275 423 1328 484; x_wconf 84' lang='lat' dir='ltr'>ha-</span> 
     </span>
     <span class='ocr_line' id='line_1_4' title="bbox 112 505 1328 591; baseline -0.007 -17"><span class='ocrx_word' id='word_1_29' title='bbox 112 528 127 574; x_wconf 75' lang='grc'>,’</span> <span class='ocrx_word' id='word_1_30' title='bbox 163 512 283 572; x_wconf 86' lang='lat' dir='ltr'>hitahat.</span> <span class='ocrx_word' id='word_1_31' title='bbox 320 512 419 584; x_wconf 80' lang='lat' dir='ltr'>Quem</span> <span class='ocrx_word' id='word_1_32' title='bbox 438 531 506 569; x_wconf 93' lang='lat' dir='ltr'>cum</span> <span class='ocrx_word' id='word_1_33' title='bbox 525 505 608 588; x_wconf 86' lang='lat' dir='ltr'>domi</span> <span class='ocrx_word' id='word_1_34' title='bbox 625 530 689 585; x_wconf 84' lang='lat' dir='ltr'>uon</span> <span class='ocrx_word' id='word_1_35' title='bbox 706 506 901 591; x_wconf 87' lang='lat' dir='ltr'>reperissem,</span> <span class='ocrx_word' id='word_1_36' title='bbox 916 507 1003 566; x_wconf 82' lang='lat' dir='ltr'>&#39;nihil</span> <span class='ocrx_word' id='word_1_37' title='bbox 1022 529 1058 567; x_wconf 85' lang='lat' dir='ltr'>ex</span> <span class='ocrx_word' id='word_1_38' title='bbox 1075 507 1200 568; x_wconf 86' lang='lat' dir='ltr'>aedibus</span> <span class='ocrx_word' id='word_1_39' title='bbox 1220 507 1328 588; x_wconf 85' lang='lat' dir='ltr'>eripui,</span> 
     </span>
     <span class='ocr_line' id='line_1_5' title="bbox 162 585 1327 676; baseline -0.002 -21"><span class='ocrx_word' id='word_1_40' title='bbox 162 596 216 655; x_wconf 92' lang='lat' dir='ltr'>sed</span> <span class='ocrx_word' id='word_1_41' title='bbox 234 593 345 654; x_wconf 78' lang='lat' dir='ltr'>arcessi</span> <span class='ocrx_word' id='word_1_42' title='bbox 362 592 446 667; x_wconf 78' lang='lat' dir='ltr'>ius&#39;si,</span> <span class='ocrx_word' id='word_1_43' title='bbox 465 607 495 654; x_wconf 89' lang='lat' dir='ltr'>et</span> <span class='ocrx_word' id='word_1_44' title='bbox 509 585 670 676; x_wconf 86' lang='lat' dir='ltr'>praesente</span> <span class='ocrx_word' id='word_1_45' title='bbox 689 616 737 669; x_wconf 89' lang='lat' dir='ltr'>eo,</span> <span class='ocrx_word' id='word_1_46' title='bbox 755 614 820 653; x_wconf 91' lang='lat' dir='ltr'>non</span> <span class='ocrx_word' id='word_1_47' title='bbox 837 593 973 666; x_wconf 83' lang='lat' dir='ltr'>absente,</span> <span class='ocrx_word' id='word_1_48' title='bbox 990 593 1118 675; x_wconf 81' lang='lat' dir='ltr'>pignora</span> <span class='ocrx_word' id='word_1_49' title='bbox 1136 593 1212 673; x_wconf 90' lang='lat' dir='ltr'>cepi.</span> <span class='ocrx_word' id='word_1_50' title='bbox 1240 594 1327 667; x_wconf 82' lang='lat' dir='ltr'>Quae</span> 
     </span>
    </p>

    <p class='ocr_par' dir='ltr' id='par_1_4' title="bbox 143 678 1329 844">
     <span class='ocr_line' id='line_1_6' title="bbox 162 678 1328 761; baseline -0.005 -20"><span class='ocrx_word' id='word_1_51' title='bbox 162 702 231 751; x_wconf 88' lang='lat' dir='ltr'>cum</span> <span class='ocrx_word' id='word_1_52' title='bbox 249 678 324 739; x_wconf 92' lang='lat' dir='ltr'>mihi</span> <span class='ocrx_word' id='word_1_53' title='bbox 344 680 564 761; x_wconf 80' lang='lat' dir='ltr'>eriperentur,</span> <span class='ocrx_word' id='word_1_54' title='bbox 582 680 686 754; x_wconf 90' lang='lat' dir='ltr'>amisi,</span> <span class='ocrx_word' id='word_1_55' title='bbox 711 693 753 761; x_wconf 85' lang='lat' dir='ltr'>¹et</span> <span class='ocrx_word' id='word_1_56' title='bbox 769 679 806 738; x_wconf 91' lang='lat' dir='ltr'>ad</span> <span class='ocrx_word' id='word_1_57' title='bbox 824 678 1214 760; x_wconf 39' lang='lat' dir='ltr'>senatum-legitimumque</span> <span class='ocrx_word' id='word_1_58' title='bbox 1232 678 1328 759; x_wconf 81' lang='lat' dir='ltr'>magi-</span> 
     </span>
     <span class='ocr_line' id='line_1_7' title="bbox 143 762 1329 844; baseline -0.003 -20"><span class='ocrx_word' id='word_1_59' title='bbox 143 775 288 824; x_wconf 82' lang='lat' dir='ltr'>stratum</span> <span class='ocrx_word' id='word_1_60' title='bbox 312 763 391 837; x_wconf 87' lang='lat' dir='ltr'>abii,</span> <span class='ocrx_word' id='word_1_61' title='bbox 419 778 517 844; x_wconf 88' lang='lat' dir='ltr'>eoque</span> <span class='ocrx_word' id='word_1_62' title='bbox 537 763 636 825; x_wconf 79' lang='lat' dir='ltr'>‹iclato</span> <span class='ocrx_word' id='word_1_63' title='bbox 661 779 692 826; x_wconf 89' lang='lat' dir='ltr'>ct</span> <span class='ocrx_word' id='word_1_64' title='bbox 710 767 850 824; x_wconf 86' lang='lat' dir='ltr'>damnato</span> <span class='ocrx_word' id='word_1_65' title='bbox 868 762 903 836; x_wconf 84' lang='lat' dir='ltr'>in</span> <span class='ocrx_word' id='word_1_66' title='bbox 919 775 1043 837; x_wconf 83' lang='lat' dir='ltr'>senatu,</span> <span class='ocrx_word' id='word_1_67' title='bbox 1067 762 1138 821; x_wconf 86' lang='lat' dir='ltr'>satis</span> <span class='ocrx_word' id='word_1_68' title='bbox 1163 782 1230 821; x_wconf 89' lang='lat' dir='ltr'>esse</span> <span class='ocrx_word' id='word_1_69' title='bbox 1242 835 1245 842; x_wconf 31' lang='grc' dir='ltr'>Ι</span> <span class='ocrx_word' id='word_1_70' title='bbox 1257 762 1329 821; x_wconf 82' lang='lat' dir='ltr'>duxi</span> 
     </span>
    </p>

    <p class='ocr_par' dir='ltr' id='par_1_5' title="bbox 41 844 1343 1270">
     <span class='ocr_line' id='line_1_8' title="bbox 41 845 1328 930; baseline -0.005 -20"><span class='ocrx_word' id='word_1_71' title='bbox 41 868 44 874; x_wconf 90' lang='grc'><strong>’</strong></span> <span class='ocrx_word' id='word_1_72' title='bbox 160 863 343 910; x_wconf 86' lang='lat' dir='ltr'>armamenta</span> <span class='ocrx_word' id='word_1_73' title='bbox 356 850 474 930; x_wconf 77' lang='lat' dir='ltr'>‘simpla</span> <span class='ocrx_word' id='word_1_74' title='bbox 498 845 650 930; x_wconf 71' lang='lat' dir='ltr'>reciperet</span> <span class='ocrx_word' id='word_1_75' title='bbox 677 851 714 910; x_wconf 91' lang='lat' dir='ltr'>de</span> <span class='ocrx_word' id='word_1_76' title='bbox 732 847 908 910; x_wconf 75' lang='lat' dir='ltr'>uerberibus</span> <span class='ocrx_word' id='word_1_77' title='bbox 928 859 1041 930; x_wconf 28' lang='lat' dir='ltr'>autem.</span> <span class='ocrx_word' id='word_1_78' title='bbox 1057 847 1152 906; x_wconf 87' lang='lat' dir='ltr'>snmsi</span> <span class='ocrx_word' id='word_1_79' title='bbox 1167 846 1328 917; x_wconf 85' lang='lat' dir='ltr'>arbitrum,</span> 
     </span>
     <span class='ocr_line' id='line_1_9' title="bbox 95 931 1327 1017; baseline -0.006 -21"><span class='ocrx_word' id='word_1_80' title='bbox 95 969 99 975; x_wconf 79' lang='lat'>,</span> <span class='ocrx_word' id='word_1_81' title='bbox 145 931 463 997; x_wconf 50' lang='lat' dir='ltr'>¹etmulctam&#39;rat&#39;am</span> <span class='ocrx_word' id='word_1_82' title='bbox 481 934 581 994; x_wconf 88' lang='lat' dir='ltr'>habui.</span> <span class='ocrx_word' id='word_1_83' title='bbox 615 935 668 997; x_wconf 79' lang='lat' dir='ltr'>Ac&#39;</span> <span class='ocrx_word' id='word_1_84' title='bbox 684 955 744 1017; x_wconf 79' lang='lat' dir='ltr'>ego</span> <span class='ocrx_word' id='word_1_85' title='bbox 765 933 889 1013; x_wconf 89' lang='lat' dir='ltr'>quidem</span> <span class='ocrx_word' id='word_1_86' title='bbox 902 932 989 1009; x_wconf 78' lang='lat' dir='ltr'>‘adeo</span> <span class='ocrx_word' id='word_1_87' title='bbox 1014 954 1062 992; x_wconf 90' lang='lat' dir='ltr'>me</span> <span class='ocrx_word' id='word_1_88' title='bbox 1079 932 1181 991; x_wconf 85' lang='lat' dir='ltr'>lenem</span> <span class='ocrx_word' id='word_1_89' title='bbox 1200 931 1233 989; x_wconf 92' lang='lat' dir='ltr'>in</span> <span class='ocrx_word' id='word_1_90' title='bbox 1252 931 1327 990; x_wconf 91' lang='lat' dir='ltr'>istos</span> 
     </span>
     <span class='ocr_line' id='line_1_10' title="bbox 77 1016 1327 1101; baseline -0.002 -23"><span class='ocrx_word' id='word_1_91' title='bbox 77 1088 83 1093; x_wconf 22' lang='lat'><strong>⁴</strong></span> <span class='ocrx_word' id='word_1_92' title='bbox 160 1018 302 1101; x_wconf 64' lang='lat' dir='ltr'>praebui„-</span> <span class='ocrx_word' id='word_1_93' title='bbox 334 1019 388 1079; x_wconf 82' lang='lat' dir='ltr'>&#39;ist&#39;i</span> <span class='ocrx_word' id='word_1_94' title='bbox 405 1039 477 1079; x_wconf 86' lang='lat' dir='ltr'>vero</span> <span class='ocrx_word' id='word_1_95' title='bbox 495 1019 536 1079; x_wconf 88' lang='lat' dir='ltr'>ita</span> <span class='ocrx_word' id='word_1_96' title='bbox 554 1020 723 1099; x_wconf 83' lang='lat' dir='ltr'>petulantes</span> <span class='ocrx_word' id='word_1_97' title='bbox 743 1031 773 1078; x_wconf 91' lang='lat' dir='ltr'>et</span> <span class='ocrx_word' id='word_1_98' title='bbox 790 1016 958 1098; x_wconf 89' lang='lat' dir='ltr'>importuni</span> <span class='ocrx_word' id='word_1_99' title='bbox 975 1016 1116 1093; x_wconf 84' lang='lat' dir='ltr'>suerunt,</span> <span class='ocrx_word' id='word_1_100' title='bbox 1146 1028 1181 1076; x_wconf 91' lang='lat' dir='ltr'>ut</span> <span class='ocrx_word' id='word_1_101' title='bbox 1199 1037 1327 1076; x_wconf 86' lang='lat' dir='ltr'>uxorem</span> 
     </span>
     <span class='ocr_line' id='line_1_11' title="bbox 161 1101 1328 1185; baseline -0.006 -20"><span class='ocrx_word' id='word_1_102' title='bbox 161 1116 193 1166; x_wconf 85' lang='lat' dir='ltr'>et</span> <span class='ocrx_word' id='word_1_103' title='bbox 209 1103 323 1164; x_wconf 86' lang='lat' dir='ltr'>liberos</span> <span class='ocrx_word' id='word_1_104' title='bbox 342 1103 574 1185; x_wconf 83' lang='lat' dir='ltr'>opprimerent,</span> <span class='ocrx_word' id='word_1_105' title='bbox 601 1126 668 1164; x_wconf 87' lang='lat' dir='ltr'>cum</span> <span class='ocrx_word' id='word_1_106' title='bbox 694 1103 816 1183; x_wconf 89' lang='lat' dir='ltr'>quidem</span> <span class='ocrx_word' id='word_1_107' title='bbox 833 1122 907 1183; x_wconf 89' lang='lat' dir='ltr'>oves</span> <span class='ocrx_word' id='word_1_108' title='bbox 925 1115 956 1162; x_wconf 92' lang='lat' dir='ltr'>et</span> <span class='ocrx_word' id='word_1_109' title='bbox 972 1102 1102 1162; x_wconf 83' lang='lat' dir='ltr'>famulos</span> <span class='ocrx_word' id='word_1_110' title='bbox 1119 1101 1328 1174; x_wconf 77' lang='lat' dir='ltr'>abstulissent,</span> 
     </span>
     <span class='ocr_line' id='line_1_12' title="bbox 100 1183 1343 1270; baseline -0.003 -22"><span class='ocrx_word' id='word_1_111' title='bbox 100 1213 110 1227; x_wconf 53' lang='lat'>⁸</span> <span class='ocrx_word' id='word_1_112' title='bbox 161 1209 245 1269; x_wconf 75' lang='lat' dir='ltr'>quae</span> <span class='ocrx_word' id='word_1_113' title='bbox 251 1186 350 1270; x_wconf 87' lang='lat' dir='ltr'>pluris</span> <span class='ocrx_word' id='word_1_114' title='bbox 370 1201 463 1262; x_wconf 87' lang='lat' dir='ltr'>erant,</span> <span class='ocrx_word' id='word_1_115' title='bbox 482 1211 571 1268; x_wconf 88' lang='lat' dir='ltr'>quam</span> <span class='ocrx_word' id='word_1_116' title='bbox 589 1188 693 1269; x_wconf 84' lang='lat' dir='ltr'>quanti</span> <span class='ocrx_word' id='word_1_117' title='bbox 709 1201 756 1249; x_wconf 86' lang='lat' dir='ltr'>m&#39;e</span> <span class='ocrx_word' id='word_1_118' title='bbox 774 1187 1017 1254; x_wconf 79' lang='lat' dir='ltr'>condemnarant.</span> <span class='ocrx_word' id='word_1_119' title='bbox 1036 1183 1111 1247; x_wconf 89' lang='lat' dir='ltr'>Cum</span> <span class='ocrx_word' id='word_1_120' title='bbox 1130 1206 1226 1266; x_wconf 91' lang='lat' dir='ltr'>porro</span> <span class='ocrx_word' id='word_1_121' title='bbox 1245 1186 1343 1245; x_wconf 81' lang='lat' dir='ltr'>diem&#39;</span> 
     </span>
    </p>

    <p class='ocr_par' dir='ltr' id='par_1_6' title="bbox 129 1270 1327 1603">
     <span class='ocr_line' id='line_1_13' title="bbox 129 1270 1327 1360; baseline -0.004 -27"><span class='ocrx_word' id='word_1_122' title='bbox 129 1285 140 1305; x_wconf 83' lang='lat'><strong><em>‘</em></strong></span> <span class='ocrx_word' id='word_1_123' title='bbox 161 1273 270 1334; x_wconf 88' lang='lat' dir='ltr'>dictam</span> <span class='ocrx_word' id='word_1_124' title='bbox 285 1272 487 1348; x_wconf 73' lang='lat' dir='ltr'>distulissent,</span> <span class='ocrx_word' id='word_1_125' title='bbox 505 1294 624 1355; x_wconf 77' lang='lat' dir='ltr'>egoque</span> <span class='ocrx_word' id='word_1_126' title='bbox 642 1272 858 1355; x_wconf 78' lang='lat' dir='ltr'>promisissem,</span> <span class='ocrx_word' id='word_1_127' title='bbox 875 1293 934 1360; x_wconf 73' lang='lat' dir='ltr'>me,</span> <span class='ocrx_word' id='word_1_128' title='bbox 952 1285 987 1332; x_wconf 92' lang='lat' dir='ltr'>ut</span> <span class='ocrx_word' id='word_1_129' title='bbox 1005 1293 1021 1331; x_wconf 94' lang='lat' dir='ltr'>e</span> <span class='ocrx_word' id='word_1_130' title='bbox 1040 1271 1169 1331; x_wconf 87' lang='lat' dir='ltr'>testibus</span> <span class='ocrx_word' id='word_1_131' title='bbox 1189 1270 1327 1341; x_wconf 89' lang='lat' dir='ltr'>audistis,</span> 
     </span>
     <span class='ocr_line' id='line_1_14' title="bbox 159 1354 1326 1456; baseline -0.003 -39"><span class='ocrx_word' id='word_1_132' title='bbox 159 1358 300 1419; x_wconf 89' lang='lat' dir='ltr'>mulctam</span> <span class='ocrx_word' id='word_1_133' title='bbox 327 1357 369 1418; x_wconf 87' lang='lat' dir='ltr'>eis</span> <span class='ocrx_word' id='word_1_134' title='bbox 393 1358 578 1419; x_wconf 88' lang='lat' dir='ltr'>soluturum:</span> <span class='ocrx_word' id='word_1_135' title='bbox 613 1358 645 1418; x_wconf 91' lang='lat' dir='ltr'>in</span> <span class='ocrx_word' id='word_1_136' title='bbox 670 1359 759 1419; x_wconf 88' lang='lat' dir='ltr'>aedes</span> <span class='ocrx_word' id='word_1_137' title='bbox 784 1357 1026 1456; x_wconf 25' lang='lat' dir='ltr'>ingressiflsnnt,</span> <span class='ocrx_word' id='word_1_138' title='bbox 1060 1369 1091 1417; x_wconf 92' lang='lat' dir='ltr'>et</span> <span class='ocrx_word' id='word_1_139' title='bbox 1123 1354 1326 1435; x_wconf 82' lang='lat' dir='ltr'>supellectilia</span> 
     </span>
     <span class='ocr_line' id='line_1_15' title="bbox 159 1439 1326 1525; baseline -0.003 -21"><span class='ocrx_word' id='word_1_140' title='bbox 159 1455 372 1525; x_wconf 85' lang='lat' dir='ltr'>exportarunt,</span> <span class='ocrx_word' id='word_1_141' title='bbox 399 1455 430 1502; x_wconf 90' lang='lat' dir='ltr'>et</span> <span class='ocrx_word' id='word_1_142' title='bbox 446 1444 740 1524; x_wconf 83' lang='lat' dir='ltr'>nutricem,&#39;senenr</span> <span class='ocrx_word' id='word_1_143' title='bbox 758 1442 933 1515; x_wconf 74' lang='lat' dir='ltr'>mullerem,</span> <span class='ocrx_word' id='word_1_144' title='bbox 954 1454 1081 1523; x_wconf 89' lang='lat' dir='ltr'>propter</span> <span class='ocrx_word' id='word_1_145' title='bbox 1097 1439 1255 1524; x_wconf 83' lang='lat' dir='ltr'>cymbium</span> <span class='ocrx_word' id='word_1_146' title='bbox 1274 1462 1326 1500; x_wconf 82' lang='lat' dir='ltr'>ex-</span> 
     </span>
     <span class='ocr_line' id='line_1_16' title="bbox 157 1525 1326 1603; baseline -0.004 -14"><span class='ocrx_word' id='word_1_147' title='bbox 157 1528 377 1591; x_wconf 82' lang='lat' dir='ltr'>carnilicarunt.</span> <span class='ocrx_word' id='word_1_148' title='bbox 395 1527 482 1603; x_wconf 86' lang='lat' dir='ltr'>Qu&#39;ae</span> <span class='ocrx_word' id='word_1_149' title='bbox 501 1529 601 1590; x_wconf 89' lang='lat' dir='ltr'>omnia</span> <span class='ocrx_word' id='word_1_150' title='bbox 619 1528 784 1589; x_wconf 83' lang='lat' dir='ltr'>etiamnum</span> <span class='ocrx_word' id='word_1_151' title='bbox 802 1539 927 1599; x_wconf 89' lang='lat' dir='ltr'>tenent,</span> <span class='ocrx_word' id='word_1_152' title='bbox 943 1541 974 1587; x_wconf 89' lang='lat' dir='ltr'>et</span> <span class='ocrx_word' id='word_1_153' title='bbox 991 1527 1129 1598; x_wconf 86' lang='lat' dir='ltr'>nondum</span> <span class='ocrx_word' id='word_1_154' title='bbox 1147 1525 1326 1597; x_wconf 87' lang='lat' dir='ltr'>restituunt,</span> 
     </span>
    </p>

    <p class='ocr_par' dir='ltr' id='par_1_7' title="bbox 52 1604 1329 1862">
     <span class='ocr_line' id='line_1_17' title="bbox 136 1604 1329 1694; baseline 0.001 -24"><span class='ocrx_word' id='word_1_155' title='bbox 136 1661 142 1670; x_wconf 86' lang='grc'><strong><em>,</em></strong></span> <span class='ocrx_word' id='word_1_156' title='bbox 157 1606 264 1674; x_wconf 83' lang='lat' dir='ltr'>solutis</span> <span class='ocrx_word' id='word_1_157' title='bbox 284 1634 300 1671; x_wconf 92' lang='lat' dir='ltr'>a</span> <span class='ocrx_word' id='word_1_158' title='bbox 315 1632 367 1671; x_wconf 30' lang='lat' dir='ltr'>,me</span> <span class='ocrx_word' id='word_1_159' title='bbox 385 1610 468 1672; x_wconf 90' lang='lat' dir='ltr'>mille</span> <span class='ocrx_word' id='word_1_160' title='bbox 486 1609 629 1674; x_wconf 83' lang='lat' dir='ltr'>trecentis</span> <span class='ocrx_word' id='word_1_161' title='bbox 647 1604 770 1694; x_wconf 78' lang='lat' dir='ltr'>triginta</span> <span class='ocrx_word' id='word_1_162' title='bbox 786 1612 885 1671; x_wconf 88' lang='lat' dir='ltr'>trihus</span> <span class='ocrx_word' id='word_1_163' title='bbox 904 1611 1069 1684; x_wconf 87' lang='lat' dir='ltr'>drachmis,</span> <span class='ocrx_word' id='word_1_164' title='bbox 1104 1609 1226 1670; x_wconf 88' lang='lat' dir='ltr'>duobus</span> <span class='ocrx_word' id='word_1_165' title='bbox 1242 1609 1329 1671; x_wconf 57' lang='lat' dir='ltr'>ohe-2</span> 
     </span>
     <span class='ocr_line' id='line_1_18' title="bbox 52 1695 1321 1780; baseline -0.004 -22"><span class='ocrx_word' id='word_1_166' title='bbox 52 1711 135 1766; x_wconf 59' lang='lat'>1237</span> <span class='ocrx_word' id='word_1_167' title='bbox 151 1697 202 1759; x_wconf 84' lang='lat' dir='ltr'>lis.</span> <span class='ocrx_word' id='word_1_168' title='bbox 220 1697 339 1779; x_wconf 82' lang='lat' dir='ltr'>Siquis</span> <span class='ocrx_word' id='word_1_169' title='bbox 357 1709 457 1757; x_wconf 88' lang='lat' dir='ltr'>autem</span> <span class='ocrx_word' id='word_1_170' title='bbox 477 1718 529 1758; x_wconf 88' lang='lat' dir='ltr'>eos</span> <span class='ocrx_word' id='word_1_171' title='bbox 546 1711 611 1758; x_wconf 86' lang='lat' dir='ltr'>turn</span> <span class='ocrx_word' id='word_1_172' title='bbox 630 1697 789 1780; x_wconf 79' lang='lat' dir='ltr'>ignoravit,</span> <span class='ocrx_word' id='word_1_173' title='bbox 806 1718 840 1757; x_wconf 89' lang='lat' dir='ltr'>ac</span> <span class='ocrx_word' id='word_1_174' title='bbox 857 1695 1008 1777; x_wconf 88' lang='lat' dir='ltr'>simplices</span> <span class='ocrx_word' id='word_1_175' title='bbox 1027 1695 1168 1754; x_wconf 91' lang='lat' dir='ltr'>homines</span> <span class='ocrx_word' id='word_1_176' title='bbox 1188 1709 1218 1756; x_wconf 89' lang='lat' dir='ltr'>et</span> <span class='ocrx_word' id='word_1_177' title='bbox 1234 1696 1321 1774; x_wconf 92' lang='lat' dir='ltr'>quie-</span> 
     </span>
     <span class='ocr_line' id='line_1_19' title="bbox 140 1779 1324 1862; baseline -0.004 -19"><span class='ocrx_word' id='word_1_178' title='bbox 140 1796 205 1844; x_wconf 74' lang='lat' dir='ltr'>tos</span> <span class='ocrx_word' id='word_1_179' title='bbox 229 1803 299 1842; x_wconf 67' lang='lat' dir='ltr'>‚esse</span> <span class='ocrx_word' id='word_1_180' title='bbox 323 1782 454 1862; x_wconf 77' lang='lat' dir='ltr'>putavit:</span> <span class='ocrx_word' id='word_1_181' title='bbox 472 1783 645 1859; x_wconf 84' lang='lat' dir='ltr'>testimonia</span> <span class='ocrx_word' id='word_1_182' title='bbox 669 1782 756 1843; x_wconf 85' lang='lat' dir='ltr'>vohis</span> <span class='ocrx_word' id='word_1_183' title='bbox 781 1783 817 1841; x_wconf 89' lang='lat' dir='ltr'>de</span> <span class='ocrx_word' id='word_1_184' title='bbox 843 1782 915 1856; x_wconf 69' lang='lat' dir='ltr'>eis,</span> <span class='ocrx_word' id='word_1_185' title='bbox 930 1802 1006 1860; x_wconf 89' lang='lat' dir='ltr'>qnae</span> <span class='ocrx_word' id='word_1_186' title='bbox 1029 1780 1185 1843; x_wconf 82' lang='lat' dir='ltr'>testificati</span> <span class='ocrx_word' id='word_1_187' title='bbox 1208 1779 1285 1838; x_wconf 85' lang='lat' dir='ltr'>mihi</span> <span class='ocrx_word' id='word_1_188' title='bbox 1301 1779 1324 1839; x_wconf 92' lang='lat' dir='ltr'>ii</span> 
     </span>
    </p>

    <p class='ocr_par' dir='ltr' id='par_1_8' title="bbox 58 1864 1326 2118">
     <span class='ocr_line' id='line_1_20' title="bbox 58 1864 1324 1949; baseline -0.006 -19"><span class='ocrx_word' id='word_1_189' title='bbox 58 1885 108 1932; x_wconf 78' lang='grc'>“.,</span> <span class='ocrx_word' id='word_1_190' title='bbox 156 1880 245 1941; x_wconf 88' lang='lat' dir='ltr'>suut,</span> <span class='ocrx_word' id='word_1_191' title='bbox 273 1888 349 1948; x_wconf 89' lang='lat' dir='ltr'>quos</span> <span class='ocrx_word' id='word_1_192' title='bbox 369 1867 419 1925; x_wconf 92' lang='lat' dir='ltr'>isti</span> <span class='ocrx_word' id='word_1_193' title='bbox 433 1867 556 1949; x_wconf 47' lang='lat' dir='ltr'>xiniuriis</span> <span class='ocrx_word' id='word_1_194' title='bbox 575 1868 759 1941; x_wconf 80' lang='lat' dir='ltr'>alseccmmt,</span> <span class='ocrx_word' id='word_1_195' title='bbox 786 1865 919 1928; x_wconf 88' lang='lat' dir='ltr'>recitabo</span> <span class='ocrx_word' id='word_1_196' title='bbox 937 1865 1020 1948; x_wconf 85' lang='lat' dir='ltr'>(num</span> <span class='ocrx_word' id='word_1_197' title='bbox 1039 1865 1077 1923; x_wconf 93' lang='lat' dir='ltr'>ad</span> <span class='ocrx_word' id='word_1_198' title='bbox 1096 1886 1131 1941; x_wconf 77' lang='lat' dir='ltr'>ea</span> <span class='ocrx_word' id='word_1_199' title='bbox 1151 1864 1324 1931; x_wconf 78' lang='lat' dir='ltr'>&#39;enarranda</span> 
     </span>
     <span class='ocr_line' id='line_1_21' title="bbox 109 1948 1324 2036; baseline -0.005 -22"><span class='ocrx_word' id='word_1_200' title='bbox 109 1978 112 1992; x_wconf 83' lang='lat'><strong><em>.</em></strong></span> <span class='ocrx_word' id='word_1_201' title='bbox 156 1973 233 2032; x_wconf 82' lang='lat' dir='ltr'>aqua</span> <span class='ocrx_word' id='word_1_202' title='bbox 251 1951 325 2014; x_wconf 85' lang='lat' dir='ltr'>mihi</span> <span class='ocrx_word' id='word_1_203' title='bbox 345 1952 485 2013; x_wconf 83' lang='lat' dir='ltr'>defutura</span> <span class='ocrx_word' id='word_1_204' title='bbox 504 1951 611 2036; x_wconf 85' lang='lat' dir='ltr'>esset),</span> <span class='ocrx_word' id='word_1_205' title='bbox 635 1965 686 2024; x_wconf 89' lang='lat' dir='ltr'>ut,</span> <span class='ocrx_word' id='word_1_206' title='bbox 704 1952 750 2012; x_wconf 85' lang='lat' dir='ltr'>his</span> <span class='ocrx_word' id='word_1_207' title='bbox 769 1948 927 2024; x_wconf 86' lang='lat' dir='ltr'>omnibus,</span> <span class='ocrx_word' id='word_1_208' title='bbox 945 1971 1021 2031; x_wconf 88' lang='lat' dir='ltr'>quae</span> <span class='ocrx_word' id='word_1_209' title='bbox 1041 1961 1072 2009; x_wconf 89' lang='lat' dir='ltr'>et</span> <span class='ocrx_word' id='word_1_210' title='bbox 1089 1971 1105 2008; x_wconf 85' lang='lat' dir='ltr'>a</span> <span class='ocrx_word' id='word_1_211' title='bbox 1124 1970 1173 2008; x_wconf 92' lang='lat' dir='ltr'>me</span> <span class='ocrx_word' id='word_1_212' title='bbox 1193 1961 1225 2009; x_wconf 92' lang='lat' dir='ltr'>et</span> <span class='ocrx_word' id='word_1_213' title='bbox 1240 1970 1257 2009; x_wconf 89' lang='lat' dir='ltr'>a</span> <span class='ocrx_word' id='word_1_214' title='bbox 1275 1962 1324 2008; x_wconf 88' lang='lat' dir='ltr'>te-</span> 
     </span>
     <span class='ocr_line' id='line_1_22' title="bbox 156 2034 1326 2118; baseline -0.003 -21"><span class='ocrx_word' id='word_1_215' title='bbox 156 2037 253 2097; x_wconf 85' lang='lat' dir='ltr'>stihus</span> <span class='ocrx_word' id='word_1_216' title='bbox 272 2036 350 2112; x_wconf 69' lang='lat' dir='ltr'>dieta</span> <span class='ocrx_word' id='word_1_217' title='bbox 369 2049 458 2111; x_wconf 87' lang='lat' dir='ltr'>sunt,</span> <span class='ocrx_word' id='word_1_218' title='bbox 483 2036 696 2115; x_wconf 70' lang='lat' dir='ltr'>consideratis,</span> <span class='ocrx_word' id='word_1_219' title='bbox 718 2037 759 2098; x_wconf 86' lang='lat' dir='ltr'>ita</span> <span class='ocrx_word' id='word_1_220' title='bbox 773 2035 1002 2118; x_wconf 85' lang='lat' dir='ltr'>pronuncictis,</span> <span class='ocrx_word' id='word_1_221' title='bbox 1026 2047 1061 2096; x_wconf 93' lang='lat' dir='ltr'>ut</span> <span class='ocrx_word' id='word_1_222' title='bbox 1078 2045 1179 2097; x_wconf 79' lang='lat' dir='ltr'>vestra</span> <span class='ocrx_word' id='word_1_223' title='bbox 1196 2034 1273 2094; x_wconf 86' lang='lat' dir='ltr'>fides</span> <span class='ocrx_word' id='word_1_224' title='bbox 1293 2046 1326 2093; x_wconf 91' lang='lat' dir='ltr'>et</span> 
     </span>
    </p>

    <p class='ocr_par' dir='ltr' id='par_1_9' title="bbox 156 2119 982 2208">
     <span class='ocr_line' id='line_1_23' title="bbox 156 2119 982 2208; baseline 0.004 -28"><span class='ocrx_word' id='word_1_225' title='bbox 156 2120 350 2187; x_wconf 83' lang='lat' dir='ltr'>iurisiurandi</span> <span class='ocrx_word' id='word_1_226' title='bbox 368 2121 477 2208; x_wconf 81' lang='lat' dir='ltr'>religio</span> <span class='ocrx_word' id='word_1_227' title='bbox 495 2122 635 2201; x_wconf 86' lang='lat' dir='ltr'>po&#39;stulat.</span> <span class='ocrx_word' id='word_1_228' title='bbox 674 2121 785 2186; x_wconf 72' lang='lat' dir='ltr'>,Recita</span> <span class='ocrx_word' id='word_1_229' title='bbox 801 2119 982 2183; x_wconf 80' lang='lat' dir='ltr'>testimonia</span> 
     </span>
    </p>
   </div>
   <div class='ocr_carea' id='block_1_3' title="bbox 174 2436 1298 2612">
    <p class='ocr_par' dir='ltr' id='par_1_10' title="bbox 174 2436 1298 2612">
     <span class='ocr_line' id='line_1_24' title="bbox 174 2436 1298 2612; baseline -0.002 -39"><span class='ocrx_word' id='word_1_230' title='bbox 174 2459 383 2612; x_wconf 76' lang='lat' dir='ltr'>omno</span> <span class='ocrx_word' id='word_1_231' title='bbox 408 2466 464 2575; x_wconf 75' lang='lat' dir='ltr'>in</span> <span class='ocrx_word' id='word_1_232' title='bbox 503 2453 915 2576; x_wconf 75' lang='lat' dir='ltr'>onunmononnu</span> <span class='ocrx_word' id='word_1_233' title='bbox 941 2436 1075 2573; x_wconf 77' lang='lat' dir='ltr'>uari</span> <span class='ocrx_word' id='word_1_234' title='bbox 1116 2499 1298 2589; x_wconf 78' lang='lat' dir='ltr'>unum.</span> 
     </span>
    </p>
   </div>
   <div class='ocr_carea' id='block_1_4' title="bbox 445 2741 1066 2916">
    <p class='ocr_par' dir='ltr' id='par_1_11' title="bbox 445 2741 1066 2916">
     <span class='ocr_line' id='line_1_25' title="bbox 481 2741 748 2783; baseline -0.004 -38"><span class='ocrx_word' id='word_1_235' title='bbox 481 2741 748 2783; x_wconf 23' lang='lat' dir='ltr'>,ff</span> 
     </span>
     <span class='ocr_line' id='line_1_26' title="bbox 445 2786 1066 2916; baseline -0.002 -29"><span class='ocrx_word' id='word_1_236' title='bbox 445 2789 451 2811; x_wconf 52' lang='lat'>⁸</span> <span class='ocrx_word' id='word_1_237' title='bbox 503 2786 996 2896; x_wconf 54' lang='lat' dir='ltr'>nuouuunrunn</span> <span class='ocrx_word' id='word_1_238' title='bbox 1060 2891 1066 2916; x_wconf 56' lang='lat'>,</span> 
     </span>
    </p>
   </div>
   <div class='ocr_carea' id='block_1_5' title="bbox 35 2932 1353 4405">
    <p class='ocr_par' dir='ltr' id='par_1_12' title="bbox 81 2932 1314 3045">
     <span class='ocr_line' id='line_1_27' title="bbox 81 2932 1314 3045; baseline -0.001 -24"><span class='ocrx_word' id='word_1_239' title='bbox 81 2987 82 2991; x_wconf 43' lang='lat'>¹</span> <span class='ocrx_word' id='word_1_240' title='bbox 100 3041 103 3045; x_wconf 11' lang='grc' dir='ltr'>ὓ</span> <span class='ocrx_word' id='word_1_241' title='bbox 152 2932 303 3045; x_wconf 75' lang='lat' dir='ltr'>Magnam</span> <span class='ocrx_word' id='word_1_242' title='bbox 320 2981 422 3020; x_wconf 89' lang='lat' dir='ltr'>rerum</span> <span class='ocrx_word' id='word_1_243' title='bbox 441 2971 471 3019; x_wconf 93' lang='lat' dir='ltr'>et</span> <span class='ocrx_word' id='word_1_244' title='bbox 483 2981 611 3020; x_wconf 89' lang='lat' dir='ltr'>casuum</span> <span class='ocrx_word' id='word_1_245' title='bbox 628 2960 802 3040; x_wconf 82' lang='lat' dir='ltr'>varietatem</span> <span class='ocrx_word' id='word_1_246' title='bbox 821 2959 959 3025; x_wconf 87' lang='lat' dir='ltr'>continet</span> <span class='ocrx_word' id='word_1_247' title='bbox 975 2960 1050 3025; x_wconf 87' lang='lat' dir='ltr'>haec</span> <span class='ocrx_word' id='word_1_248' title='bbox 1067 2960 1175 3022; x_wconf 84' lang='lat' dir='ltr'>oratio.</span> <span class='ocrx_word' id='word_1_249' title='bbox 1196 2948 1314 3035; x_wconf 77' lang='lat' dir='ltr'>Conon,</span> 
     </span>
    </p>

    <p class='ocr_par' dir='ltr' id='par_1_13' title="bbox 150 3043 1313 3126">
     <span class='ocr_line' id='line_1_28' title="bbox 150 3043 1313 3126; baseline -0.003 -17"><span class='ocrx_word' id='word_1_250' title='bbox 150 3048 198 3110; x_wconf 78' lang='lat' dir='ltr'>vir</span> <span class='ocrx_word' id='word_1_251' title='bbox 222 3044 352 3126; x_wconf 72' lang='lat' dir='ltr'>qu&#39;idam&#39;</span> <span class='ocrx_word' id='word_1_252' title='bbox 361 3043 575 3121; x_wconf 79' lang='lat' dir='ltr'>Atheniensis,</span> <span class='ocrx_word' id='word_1_253' title='bbox 611 3045 710 3121; x_wconf 80' lang='lat' dir='ltr'>orbus·¹</span> <span class='ocrx_word' id='word_1_254' title='bbox 726 3044 860 3105; x_wconf 84' lang='lat' dir='ltr'>decedit:</span> <span class='ocrx_word' id='word_1_255' title='bbox 895 3046 933 3106; x_wconf 88' lang='lat' dir='ltr'>de</span> <span class='ocrx_word' id='word_1_256' title='bbox 958 3045 1126 3107; x_wconf 86' lang='lat' dir='ltr'>hereditate</span> <span class='ocrx_word' id='word_1_257' title='bbox 1150 3046 1234 3107; x_wconf 90' lang='lat' dir='ltr'>inter</span> <span class='ocrx_word' id='word_1_258' title='bbox 1251 3046 1313 3106; x_wconf 91' lang='lat' dir='ltr'>eius</span> 
     </span>
    </p>

    <p class='ocr_par' dir='ltr' id='par_1_14' title="bbox 150 3125 1315 3214">
     <span class='ocr_line' id='line_1_29' title="bbox 150 3125 1315 3214; baseline 0 -23"><span class='ocrx_word' id='word_1_259' title='bbox 150 3143 298 3214; x_wconf 77' lang='lat' dir='ltr'>cognatos</span> <span class='ocrx_word' id='word_1_260' title='bbox 324 3129 422 3190; x_wconf 90' lang='lat' dir='ltr'>oritur</span> <span class='ocrx_word' id='word_1_261' title='bbox 443 3130 656 3190; x_wconf 87' lang='lat' dir='ltr'>controversia.</span> <span class='ocrx_word' id='word_1_262' title='bbox 692 3125 896 3205; x_wconf 87' lang='lat' dir='ltr'>Callistratus,</span> <span class='ocrx_word' id='word_1_263' title='bbox 923 3130 976 3211; x_wconf 89' lang='lat' dir='ltr'>qui</span> <span class='ocrx_word' id='word_1_264' title='bbox 996 3153 1117 3197; x_wconf 87' lang='lat' dir='ltr'>causam</span> <span class='ocrx_word' id='word_1_265' title='bbox 1140 3131 1220 3192; x_wconf 78' lang='lat' dir='ltr'>hanc</span> <span class='ocrx_word' id='word_1_266' title='bbox 1244 3154 1258 3191; x_wconf 89' lang='lat' dir='ltr'>a</span> <span class='ocrx_word' id='word_1_267' title='bbox 1281 3131 1315 3203; x_wconf 68' lang='grc' dir='ltr'>Ἰ,</span> 
     </span>
    </p>

    <p class='ocr_par' dir='ltr' id='par_1_15' title="bbox 57 3213 1353 3380">
     <span class='ocr_line' id='line_1_30' title="bbox 57 3213 1314 3298; baseline -0.002 -22"><span class='ocrx_word' id='word_1_268' title='bbox 57 3236 72 3253; x_wconf 67' lang='grc'><em>”</em></span> <span class='ocrx_word' id='word_1_269' title='bbox 149 3228 245 3292; x_wconf 86' lang='lat' dir='ltr'>totam</span> <span class='ocrx_word' id='word_1_270' title='bbox 271 3235 336 3274; x_wconf 89' lang='lat' dir='ltr'>eam</span> <span class='ocrx_word' id='word_1_271' title='bbox 357 3213 560 3275; x_wconf 87' lang='lat' dir='ltr'>hereditatem</span> <span class='ocrx_word' id='word_1_272' title='bbox 584 3216 620 3274; x_wconf 91' lang='lat' dir='ltr'>ad</span> <span class='ocrx_word' id='word_1_273' title='bbox 645 3237 684 3279; x_wconf 78' lang='lat' dir='ltr'>se,</span> <span class='ocrx_word' id='word_1_274' title='bbox 703 3214 856 3296; x_wconf 87' lang='lat' dir='ltr'>pertinere</span> <span class='ocrx_word' id='word_1_275' title='bbox 875 3215 963 3290; x_wconf 91' lang='lat' dir='ltr'>dicit,</span> <span class='ocrx_word' id='word_1_276' title='bbox 988 3218 1044 3296; x_wconf 86' lang='lat' dir='ltr'>qui</span> <span class='ocrx_word' id='word_1_277' title='bbox 1062 3214 1103 3276; x_wconf 90' lang='lat' dir='ltr'>sit</span> <span class='ocrx_word' id='word_1_278' title='bbox 1116 3237 1234 3298; x_wconf 79' lang='lat' dir='ltr'>genere</span> <span class='ocrx_word' id='word_1_279' title='bbox 1280 3216 1314 3274; x_wconf 75' lang='lat' dir='ltr'>&#39;o-</span> 
     </span>
     <span class='ocr_line' id='line_1_31' title="bbox 121 3297 1353 3380; baseline -0.002 -18"><span class='ocrx_word' id='word_1_280' title='bbox 121 3306 131 3331; x_wconf 63' lang='lat'>‘</span> <span class='ocrx_word' id='word_1_281' title='bbox 149 3301 225 3363; x_wconf 92' lang='lat' dir='ltr'>noni</span> <span class='ocrx_word' id='word_1_282' title='bbox 242 3299 405 3380; x_wconf 85' lang='lat' dir='ltr'>proximus.</span> <span class='ocrx_word' id='word_1_283' title='bbox 434 3299 501 3359; x_wconf 86' lang='lat' dir='ltr'>¹Sed</span> <span class='ocrx_word' id='word_1_284' title='bbox 524 3299 556 3359; x_wconf 89' lang='lat' dir='ltr'>in</span> <span class='ocrx_word' id='word_1_285' title='bbox 575 3321 612 3359; x_wconf 89' lang='lat' dir='ltr'>eo</span> <span class='ocrx_word' id='word_1_286' title='bbox 630 3299 756 3361; x_wconf 84' lang='lat' dir='ltr'>fortasse</span> <span class='ocrx_word' id='word_1_287' title='bbox 774 3298 922 3364; x_wconf 88' lang='lat' dir='ltr'>mentitur</span> <span class='ocrx_word' id='word_1_288' title='bbox 938 3313 968 3360; x_wconf 88' lang='lat' dir='ltr'>et</span> <span class='ocrx_word' id='word_1_289' title='bbox 985 3302 1075 3362; x_wconf 88' lang='lat' dir='ltr'>nudis</span> <span class='ocrx_word' id='word_1_290' title='bbox 1094 3297 1194 3361; x_wconf 85' lang='lat' dir='ltr'>verhis</span> <span class='ocrx_word' id='word_1_291' title='bbox 1213 3299 1312 3360; x_wconf 86' lang='lat' dir='ltr'>abuti-</span> <span class='ocrx_word' id='word_1_292' title='bbox 1348 3328 1353 3339; x_wconf 93' lang='lat'><strong>·</strong></span> 
     </span>
    </p>

    <p class='ocr_par' dir='ltr' id='par_1_16' title="bbox 66 3380 1311 3467">
     <span class='ocr_line' id='line_1_32' title="bbox 66 3380 1311 3467; baseline -0.002 -22"><span class='ocrx_word' id='word_1_293' title='bbox 66 3380 71 3389; x_wconf 73' lang='grc'>’</span> <span class='ocrx_word' id='word_1_294' title='bbox 129 3399 222 3466; x_wconf 76' lang='lat' dir='ltr'>tun,</span> <span class='ocrx_word' id='word_1_295' title='bbox 243 3382 482 3467; x_wconf 70' lang='lat' dir='ltr'>Olympiodorus</span> <span class='ocrx_word' id='word_1_296' title='bbox 509 3385 684 3457; x_wconf 84' lang='lat' dir='ltr'>antem,&#39;in</span> <span class='ocrx_word' id='word_1_297' title='bbox 703 3385 884 3464; x_wconf 77' lang='lat' dir='ltr'>quem-haec</span> <span class='ocrx_word' id='word_1_298' title='bbox 909 3383 1039 3461; x_wconf 83' lang='lat' dir='ltr'>habetur</span> <span class='ocrx_word' id='word_1_299' title='bbox 1057 3385 1174 3459; x_wconf 86' lang='lat' dir='ltr'>oratio,</span> <span class='ocrx_word' id='word_1_300' title='bbox 1197 3398 1228 3444; x_wconf 89' lang='lat' dir='ltr'>et</span> <span class='ocrx_word' id='word_1_301' title='bbox 1246 3385 1311 3465; x_wconf 92' lang='lat' dir='ltr'>ipse</span> 
     </span>
    </p>

    <p class='ocr_par' dir='ltr' id='par_1_17' title="bbox 96 3460 1311 3550">
     <span class='ocr_line' id='line_1_33' title="bbox 96 3460 1311 3550; baseline 0 -21"><span class='ocrx_word' id='word_1_302' title='bbox 96 3519 103 3529; x_wconf 64' lang='grc'>,</span> <span class='ocrx_word' id='word_1_303' title='bbox 148 3470 186 3530; x_wconf 90' lang='lat' dir='ltr'>ah</span> <span class='ocrx_word' id='word_1_304' title='bbox 205 3467 295 3530; x_wconf 92' lang='lat' dir='ltr'>initio</span> <span class='ocrx_word' id='word_1_305' title='bbox 314 3467 512 3529; x_wconf 83' lang='lat' dir='ltr'>hereditatem</span> <span class='ocrx_word' id='word_1_306' title='bbox 529 3469 637 3550; x_wconf 84' lang='lat' dir='ltr'>petiit,</span> <span class='ocrx_word' id='word_1_307' title='bbox 673 3470 818 3530; x_wconf 84' lang='lat' dir='ltr'>affinitate</span> <span class='ocrx_word' id='word_1_308' title='bbox 836 3491 904 3529; x_wconf 93' lang='lat' dir='ltr'>cum</span> <span class='ocrx_word' id='word_1_309' title='bbox 923 3460 1094 3543; x_wconf 82' lang='lat' dir='ltr'>Callistrato</span> <span class='ocrx_word' id='word_1_310' title='bbox 1114 3469 1311 3531; x_wconf 85' lang='lat' dir='ltr'>coniunctus:</span> 
     </span>
    </p>

    <p class='ocr_par' dir='ltr' id='par_1_18' title="bbox 65 3546 1311 3638">
     <span class='ocr_line' id='line_1_34' title="bbox 65 3546 1311 3638; baseline -0.001 -23"><span class='ocrx_word' id='word_1_311' title='bbox 65 3572 82 3621; x_wconf 65' lang='lat' dir='ltr'><em>s</em></span> <span class='ocrx_word' id='word_1_312' title='bbox 113 3546 120 3564; x_wconf 81' lang='grc'><em>’</em></span> <span class='ocrx_word' id='word_1_313' title='bbox 147 3573 286 3616; x_wconf 86' lang='lat' dir='ltr'>sororem</span> <span class='ocrx_word' id='word_1_314' title='bbox 297 3553 386 3613; x_wconf 91' lang='lat' dir='ltr'>-enim</span> <span class='ocrx_word' id='word_1_315' title='bbox 405 3553 619 3638; x_wconf 80' lang='lat' dir='ltr'>Olympiodori</span> <span class='ocrx_word' id='word_1_316' title='bbox 637 3551 824 3614; x_wconf 89' lang='lat' dir='ltr'>Callistratus</span> <span class='ocrx_word' id='word_1_317' title='bbox 844 3554 876 3613; x_wconf 93' lang='lat' dir='ltr'>in</span> <span class='ocrx_word' id='word_1_318' title='bbox 894 3554 1088 3615; x_wconf 88' lang='lat' dir='ltr'>matrimonio</span> <span class='ocrx_word' id='word_1_319' title='bbox 1107 3555 1222 3616; x_wconf 90' lang='lat' dir='ltr'>habuit.</span> <span class='ocrx_word' id='word_1_320' title='bbox 1257 3555 1311 3614; x_wconf 86' lang='lat' dir='ltr'>Vi-</span> 
     </span>
    </p>

    <p class='ocr_par' dir='ltr' id='par_1_19' title="bbox 140 3638 1310 3722">
     <span class='ocr_line' id='line_1_35' title="bbox 140 3638 1310 3722; baseline 0 -22"><span class='ocrx_word' id='word_1_321' title='bbox 140 3661 216 3700; x_wconf 87' lang='lat' dir='ltr'>·sum</span> <span class='ocrx_word' id='word_1_322' title='bbox 234 3639 329 3719; x_wconf 82' lang='lat' dir='ltr'>igitur</span> <span class='ocrx_word' id='word_1_323' title='bbox 348 3639 390 3698; x_wconf 93' lang='lat' dir='ltr'>eis</span> <span class='ocrx_word' id='word_1_324' title='bbox 409 3638 485 3710; x_wconf 84' lang='lat' dir='ltr'>luit,</span> <span class='ocrx_word' id='word_1_325' title='bbox 509 3661 571 3698; x_wconf 93' lang='lat' dir='ltr'>nou</span> <span class='ocrx_word' id='word_1_326' title='bbox 588 3639 709 3721; x_wconf 80' lang='lat' dir='ltr'>litigare</span> <span class='ocrx_word' id='word_1_327' title='bbox 727 3640 807 3700; x_wconf 89' lang='lat' dir='ltr'>inter</span> <span class='ocrx_word' id='word_1_328' title='bbox 823 3660 874 3713; x_wconf 85' lang='lat' dir='ltr'>se,</span> <span class='ocrx_word' id='word_1_329' title='bbox 891 3641 944 3700; x_wconf 92' lang='lat' dir='ltr'>sed</span> <span class='ocrx_word' id='word_1_330' title='bbox 963 3661 1115 3721; x_wconf 81' lang='lat' dir='ltr'>exaequo</span> <span class='ocrx_word' id='word_1_331' title='bbox 1133 3640 1240 3722; x_wconf 87' lang='lat' dir='ltr'>partiri</span> <span class='ocrx_word' id='word_1_332' title='bbox 1258 3640 1310 3700; x_wconf 84' lang='lat' dir='ltr'>de&#39;-</span> 
     </span>
    </p>

    <p class='ocr_par' dir='ltr' id='par_1_20' title="bbox 44 3722 1311 3804">
     <span class='ocr_line' id='line_1_36' title="bbox 44 3722 1311 3804; baseline 0 -20"><span class='ocrx_word' id='word_1_333' title='bbox 44 3729 45 3732; x_wconf 72' lang='grc'>’</span> <span class='ocrx_word' id='word_1_334' title='bbox 145 3724 245 3786; x_wconf 82' lang='lat' dir='ltr'>functi</span> <span class='ocrx_word' id='word_1_335' title='bbox 263 3722 430 3796; x_wconf 79' lang='lat' dir='ltr'>facultates,</span> <span class='ocrx_word' id='word_1_336' title='bbox 448 3741 524 3802; x_wconf 79' lang='lat' dir='ltr'>quae</span> <span class='ocrx_word' id='word_1_337' title='bbox 542 3722 574 3783; x_wconf 87' lang='lat' dir='ltr'>in</span> <span class='ocrx_word' id='word_1_338' title='bbox 592 3735 696 3804; x_wconf 91' lang='lat' dir='ltr'>aperto</span> <span class='ocrx_word' id='word_1_339' title='bbox 716 3724 796 3785; x_wconf 89' lang='lat' dir='ltr'>etin</span> <span class='ocrx_word' id='word_1_340' title='bbox 815 3724 954 3784; x_wconf 83' lang='lat' dir='ltr'>confesso</span> <span class='ocrx_word' id='word_1_341' title='bbox 974 3724 1088 3791; x_wconf 88' lang='lat' dir='ltr'>essent:</span> <span class='ocrx_word' id='word_1_342' title='bbox 1108 3725 1311 3786; x_wconf 90' lang='lat' dir='ltr'>communiter</span> 
     </span>
    </p>

    <p class='ocr_par' dir='ltr' id='par_1_21' title="bbox 90 3804 1309 3892">
     <span class='ocr_line' id='line_1_37' title="bbox 90 3804 1309 3892; baseline 0.002 -25"><span class='ocrx_word' id='word_1_343' title='bbox 90 3863 94 3867; x_wconf 84' lang='lat'><em>.</em></span> <span class='ocrx_word' id='word_1_344' title='bbox 146 3805 228 3870; x_wconf 85' lang='lat' dir='ltr'>item</span> <span class='ocrx_word' id='word_1_345' title='bbox 246 3804 378 3868; x_wconf 71' lang='lat' dir='ltr'>occultis</span> <span class='ocrx_word' id='word_1_346' title='bbox 404 3828 565 3887; x_wconf 88' lang='lat' dir='ltr'>quaerere,</span> <span class='ocrx_word' id='word_1_347' title='bbox 592 3821 623 3868; x_wconf 89' lang='lat' dir='ltr'>et</span> <span class='ocrx_word' id='word_1_348' title='bbox 646 3808 848 3887; x_wconf 83' lang='lat' dir='ltr'>communiter</span> <span class='ocrx_word' id='word_1_349' title='bbox 870 3830 969 3892; x_wconf 33' lang='lat' dir='ltr'>agere!</span> <span class='ocrx_word' id='word_1_350' title='bbox 983 3811 1101 3884; x_wconf 89' lang='lat' dir='ltr'>omnia,</span> <span class='ocrx_word' id='word_1_351' title='bbox 1120 3832 1188 3871; x_wconf 92' lang='lat' dir='ltr'>cum</span> <span class='ocrx_word' id='word_1_352' title='bbox 1215 3831 1248 3871; x_wconf 90' lang='lat' dir='ltr'>se</span> <span class='ocrx_word' id='word_1_353' title='bbox 1273 3813 1309 3870; x_wconf 90' lang='lat' dir='ltr'>de</span> 
     </span>
    </p>

    <p class='ocr_par' dir='ltr' id='par_1_22' title="bbox 146 3892 1309 3978">
     <span class='ocr_line' id='line_1_38' title="bbox 146 3892 1309 3978; baseline 0.003 -25"><span class='ocrx_word' id='word_1_354' title='bbox 146 3892 568 3963; x_wconf 80' lang='lat' dir='ltr'>hereditate&#39;coutroversiam</span> <span class='ocrx_word' id='word_1_355' title='bbox 586 3892 743 3953; x_wconf 89' lang='lat' dir='ltr'>habituros</span> <span class='ocrx_word' id='word_1_356' title='bbox 760 3893 992 3975; x_wconf 83' lang='lat' dir='ltr'>suspicarentur.</span> <span class='ocrx_word' id='word_1_357' title='bbox 1023 3897 1067 3956; x_wconf 88' lang='lat' dir='ltr'>Ea</span> <span class='ocrx_word' id='word_1_358' title='bbox 1086 3897 1175 3956; x_wconf 82' lang='lat' dir='ltr'>dere</span> <span class='ocrx_word' id='word_1_359' title='bbox 1194 3896 1309 3978; x_wconf 85' lang='lat' dir='ltr'>pactio-</span> 
     </span>
    </p>

    <p class='ocr_par' dir='ltr' id='par_1_23' title="bbox 147 3976 1307 4059">
     <span class='ocr_line' id='line_1_39' title="bbox 147 3976 1307 4059; baseline 0.003 -22"><span class='ocrx_word' id='word_1_360' title='bbox 147 3999 217 4039; x_wconf 89' lang='lat' dir='ltr'>nem</span> <span class='ocrx_word' id='word_1_361' title='bbox 242 3978 455 4052; x_wconf 85' lang='lat' dir='ltr'>conlecerunt,</span> <span class='ocrx_word' id='word_1_362' title='bbox 479 3979 558 4059; x_wconf 85' lang='lat' dir='ltr'>apud</span> <span class='ocrx_word' id='word_1_363' title='bbox 583 3976 801 4039; x_wconf 78' lang='lat' dir='ltr'>Androclidcm&#39;</span> <span class='ocrx_word' id='word_1_364' title='bbox 827 3981 991 4059; x_wconf 83' lang='lat' dir='ltr'>quendam,</span> <span class='ocrx_word' id='word_1_365' title='bbox 1018 4002 1213 4058; x_wconf 84' lang='lat' dir='ltr'>communem</span> <span class='ocrx_word' id='word_1_366' title='bbox 1236 3981 1307 4041; x_wconf 89' lang='lat' dir='ltr'>aini-</span> 
     </span>
    </p>

    <p class='ocr_par' dir='ltr' id='par_1_24' title="bbox 35 4059 1304 4146">
     <span class='ocr_line' id='line_1_40' title="bbox 35 4059 1304 4146; baseline 0.005 -26"><span class='ocrx_word' id='word_1_367' title='bbox 35 4087 44 4096; x_wconf 79' lang='grc'><em>·</em></span> <span class='ocrx_word' id='word_1_368' title='bbox 137 4075 234 4136; x_wconf 83' lang='lat' dir='ltr'>cum,</span> <span class='ocrx_word' id='word_1_369' title='bbox 252 4062 427 4143; x_wconf 88' lang='lat' dir='ltr'>depositam.</span> <span class='ocrx_word' id='word_1_370' title='bbox 443 4138 446 4145; x_wconf 28' lang='grc' dir='ltr'><strong><em>Ι</em></strong></span> <span class='ocrx_word' id='word_1_371' title='bbox 462 4061 589 4135; x_wconf 82' lang='lat' dir='ltr'>Servum</span> <span class='ocrx_word' id='word_1_372' title='bbox 599 4066 699 4145; x_wconf 65' lang='lat' dir='ltr'>‘porro</span> <span class='ocrx_word' id='word_1_373' title='bbox 717 4059 872 4137; x_wconf 91' lang='lat' dir='ltr'>Cononis,</span> <span class='ocrx_word' id='word_1_374' title='bbox 890 4062 1117 4142; x_wconf 80' lang='lat' dir='ltr'>hloschionem,</span> <span class='ocrx_word' id='word_1_375' title='bbox 1137 4065 1304 4146; x_wconf 82' lang='lat' dir='ltr'>quilidelis</span> 
     </span>
    </p>

    <p class='ocr_par' dir='ltr' id='par_1_25' title="bbox 147 4146 1304 4232">
     <span class='ocr_line' id='line_1_41' title="bbox 147 4146 1304 4232; baseline 0.007 -28"><span class='ocrx_word' id='word_1_376' title='bbox 147 4147 272 4207; x_wconf 90' lang='lat' dir='ltr'>omnino</span> <span class='ocrx_word' id='word_1_377' title='bbox 291 4148 319 4208; x_wconf 90' lang='lat' dir='ltr'>ei</span> <span class='ocrx_word' id='word_1_378' title='bbox 336 4147 430 4208; x_wconf 81' lang='lat' dir='ltr'>luisse</span> <span class='ocrx_word' id='word_1_379' title='bbox 448 4147 626 4231; x_wconf 81' lang='lat' dir='ltr'>putabatur,</span> <span class='ocrx_word' id='word_1_380' title='bbox 653 4146 890 4232; x_wconf 74' lang='lat' dir='ltr'>olympiodorus</span> <span class='ocrx_word' id='word_1_381' title='bbox 909 4150 1001 4232; x_wconf 89' lang='lat' dir='ltr'>capit,</span> <span class='ocrx_word' id='word_1_382' title='bbox 1029 4152 1107 4211; x_wconf 91' lang='lat' dir='ltr'>etin</span> <span class='ocrx_word' id='word_1_383' title='bbox 1126 4152 1304 4212; x_wconf 86' lang='lat' dir='ltr'>calumniam</span> 
     </span>
    </p>

    <p class='ocr_par' dir='ltr' id='par_1_26' title="bbox 146 4229 1303 4315">
     <span class='ocr_line' id='line_1_42' title="bbox 146 4229 1303 4315; baseline 0.006 -27"><span class='ocrx_word' id='word_1_384' title='bbox 146 4230 315 4291; x_wconf 89' lang='lat' dir='ltr'>adductum·</span> <span class='ocrx_word' id='word_1_385' title='bbox 328 4231 365 4292; x_wconf 90' lang='lat' dir='ltr'>de</span> <span class='ocrx_word' id='word_1_386' title='bbox 383 4232 467 4293; x_wconf 85' lang='lat' dir='ltr'>mille¹</span> <span class='ocrx_word' id='word_1_387' title='bbox 484 4232 632 4293; x_wconf 86' lang='lat' dir='ltr'>drachmis</span> <span class='ocrx_word' id='word_1_388' title='bbox 651 4229 772 4293; x_wconf 90' lang='lat' dir='ltr'>Cononi</span> <span class='ocrx_word' id='word_1_389' title='bbox 795 4236 940 4315; x_wconf 87' lang='lat' dir='ltr'>surreptis</span> <span class='ocrx_word' id='word_1_390' title='bbox 964 4258 1032 4296; x_wconf 89' lang='lat' dir='ltr'>cum</span> <span class='ocrx_word' id='word_1_391' title='bbox 1051 4232 1225 4299; x_wconf 84' lang='lat' dir='ltr'>Callistrato</span> <span class='ocrx_word' id='word_1_392' title='bbox 1242 4252 1303 4299; x_wconf 90' lang='lat' dir='ltr'>tor-</span> 
     </span>
    </p>

    <p class='ocr_par' dir='ltr' id='par_1_27' title="bbox 133 4316 1302 4405">
     <span class='ocr_line' id='line_1_43' title="bbox 133 4316 1302 4405; baseline 0.009 -32"><span class='ocrx_word' id='word_1_393' title='bbox 133 4327 227 4393; x_wconf 66' lang='lat' dir='ltr'>„quet</span> <span class='ocrx_word' id='word_1_394' title='bbox 245 4316 342 4402; x_wconf 84' lang='lat' dir='ltr'>Quam</span> <span class='ocrx_word' id='word_1_395' title='bbox 360 4318 520 4405; x_wconf 86' lang='lat' dir='ltr'>pecuniam</span> <span class='ocrx_word' id='word_1_396' title='bbox 536 4330 571 4378; x_wconf 90' lang='lat' dir='ltr'>ut</span> <span class='ocrx_word' id='word_1_397' title='bbox 588 4338 699 4387; x_wconf 83' lang='lat' dir='ltr'>servus¹</span> <span class='ocrx_word' id='word_1_398' title='bbox 710 4317 871 4384; x_wconf 82' lang='lat' dir='ltr'>habere&#39;se</span> <span class='ocrx_word' id='word_1_399' title='bbox 890 4320 1045 4382; x_wconf 83' lang='lat' dir='ltr'>consessus</span> <span class='ocrx_word' id='word_1_400' title='bbox 1064 4334 1124 4383; x_wconf 87' lang='lat' dir='ltr'>cst:</span> <span class='ocrx_word' id='word_1_401' title='bbox 1143 4343 1209 4384; x_wconf 88' lang='lat' dir='ltr'>eam</span> <span class='ocrx_word' id='word_1_402' title='bbox 1228 4342 1302 4404; x_wconf 91' lang='lat' dir='ltr'>quo-</span> 
     </span>
    </p>
   </div>
   <div class='ocr_carea' id='block_1_6' title="bbox 0 0 1366 4754">
    <p class='ocr_par' dir='ltr' id='par_1_28' title="bbox 0 0 1366 4754">
     <span class='ocr_line' id='line_1_44' title="bbox 0 0 1366 4754; baseline 0 4"><span class='ocrx_word' id='word_1_403' title='bbox 0 0 1366 4754; x_wconf 95' lang='lat' dir='ltr'> </span> 
     </span>
    </p>
   </div>
  </div>
 </body>
</html>
