2722 4754
240 195 245 202 ·
299 217 308 235 ·
388 156 922 260 'aurorrmrouoauu‘l
1138 169 1222 277 'su

13 347 16 360 '
59 366 120 436 que
146 350 214 412 cum
234 318 407 425 Callistiato
431 371 467 410 ex
491 349 760 433 aequopa'rtitur,
785 362 821 411 ut
845 361 1034 429 cqnvenerat.
1067 349 1128 411 Sed
1154 356 1223 419 cum

58 441 128 522 plus
148 439 237 498 etiam
254 458 448 496 nummorum
466 433 578 495 habere
596 435 751 494 hominem
769 448 902 515 putaret:
928 435 1067 516 non-iam
1084 434 1223 510 adhibito

58 522 232 595 Callistrato
259 521 355 581 minas
380 521 418 580 ab
442 519 496 581 illo
521 520 709 603 septuaginta
734 518 816 579 solus
841 531 1009 601 extorquet
1052 518 1138 581 Circa
1164 521 1224 601 boc
1244 520 1308 586 238

57 623 178 690 tempus
204 629 272 667 cum
297 605 347 665 alii
370 605 402 665 in
427 605 628 666 hereditatem
646 602 782 676 Cononis
801 617 913 686 agunt,
937 619 1004 666 tum
1021 605 1115 666 frater
1132 602 1224 666 Calli-

55 694 162 767 strati,
181 689 354 772 Callippus‘,
373 689 481 749 eodem
499 703 583 771 patre
601 702 696 749 natus.
715 686 927 748 Communiter
943 689 1050 770 itaque·
1064 692 1102 751 de
1120 689 1225 752 litibus

59 779 262 840 deliberantes
280 775 518 858 Olympiodorus
538 787 568 852 et
581 770 774 849 'Callistratus
793 772 996 854 paciscuntur,
1013 788 1049 835 ut
1063 774 1225 859 Olympio·

59 865 153 924 dorus
168 873 263 922 totam
276 859 485 934 hereditatem,
500 855 686 920 Callistratus
705 857 859 920 semissem
877 871 966 940 petat
984 859 1225 923 Atheniensibus

59 962 161 1008 antem
178 943 384 1006 Acarnaniam*
401 941 545 1025 profectis
570 965 638 1004 cum
662 944 813 1027 exercitu,
839 943 902 1004 abit
920 956 951 1004 et
969 942 1227 1027 Olympiodoruss
1277 939 1284 963 “
1304 960 1305 964 ’

47 1032 126 1093 Lerat
152 1030 232 1101 enim
256 1030 288 1088 in
312 1029 456 1112 catalogo.
492 1025 569 1089 Cum
593 1041 764 1093 venustata
784 1028 848 1089 dies
873 1029 1006 1092 adesset:
1032 1026 1162 1105 iudices,
1188 1043 1226 1091 ut
1272 1093 1280 1101 ,

60 1110 171 1197 quibus
191 1136 366 1196 persuasum
382 1118 475 1188 esset,
489 1114 630 1189 ¹militiam
647 1114 800 1174 absentiae
818 1114 894 1173 falso
912 1113 1056 1195 praetexi,
1074 1113 1225 1175 actionem

60 1203 126 1262 cius
154 1199 349 1269 sustulerunt.
384 1200 578 1281 Quapropter
599 1195 838 1259 se'Callistratus
867 1211 897 1259 et
920 1200 985 1280 ipse
1008 1198 1050 1284 ait
1074 1198 1245 1264 actionem

59 1288 92 1346 in
111 1285 266 1345 semissem
285 1283 460 1342 hereditatis
480 1305 515 1342 ex
533 1296 620 1365 pacto
639 1283 786 1357 omisisse,
805 1285 887 1361 quod
906 1284 1006 1344 omnia
1024 1283 1227 1345 communiter

60 1371 128 1430 fieri
147 1370 273 1429 iuberet.
298 1371 341 1427 Ut
358 1380 457 1427 autem
477 1388 493 1427 c
512 1367 592 1427 bello
606 1369 691 1428 redit
709 1366 966 1450 Olympiodorus,
984 1369 1092 1427 iterato
1110 1368 1224 1429 iudicio
1272 1402 1280 1414 x

58 1458 203 1516 adversus
221 1453 351 1513 victores
369 1453 480 1524 utitur,
508 1453 619 1531 etipse
639 1464 670 1511 et
687 1448 891 1518 Callistratus:
917 1452 948 1512 id
968 1452 1051 1533 quod
1069 1450 1137 1536 lege
1155 1474 1226 1534 per·

59 1541 186 1600 missum
199 1551 269 1598 erat.
287 1539 333 1596 De
348 1532 515 1604 hereditate
530 1533 635 1620 igitur,
655 1537 910 1616 quemadmodum
923 1537 1024 1610 initio,
1041 1535 1226 1620 disceptante
1311 1550 1316 1560 '

41 1625 112 1691 2hic
131 1626 168 1684 de
187 1623 326 1696 semisse,
353 1622 404 1680 ille
423 1623 460 1680 de
479 1642 551 1689 asse.
586 1621 723 1680 Priorem
742 1617 841 1681 autem
862 1621 983 1683 dicendi
1000 1622 1101 1682 locum
1120 1623 1229 1684 stactus

60 1708 301 1794 olympiodorus
321 1700 432 1768 evincit
448 1705 656 1781 hereditatem.
674 1705 808 1765 Victoria
825 1727 918 1788 porro
932 1720 964 1780 et
975 1719 1040 1767 tota
1057 1705 1225 1768 hereditate
1299 1716 1302 1720 “

60 1795 196 1875 potitus,
218 1803 304 1871 pacta
322 1811 385 1857 non
404 1802 502 1850 servat
519 1790 662 1850 abinitio
681 1791 773 1863 iacta,
799 1811 898 1872 neque
917 1793 1070 1853 semissem
1089 1794 1139 1872 dat
1157 1784 1226 1853 Cal-

60 1879 187 1937 listrato.
221 1879 247 1935 ls
266 1896 338 1935 vero
364 1888 395 1934 et
419 1876 609 1957 septuaginta
625 1875 826 1936 'minaruma
839 1876 1017 1937 Moschione
1042 1889 1226 1952 extortarum

60 1963 268 2029 semissemet
284 1960 379 2020 totius
396 1958 571 2019 hereditatis
598 1958 635 2020 ab
663 1981 699 2020 eo
716 1961 868 2040 reposcit,
894 1962 988 2042 pactis
1007 1962 1107 2022 nitens
1132 1976 1167 2024 et·
1179 1959 1253 2027 as-'s
1288 1993 1318 2012 ν

60 2043 183 2119 serens,
206 2067 239 2105 se
264 2045 352 2128 etiam
370 2044 409 2105 in,
427 2056 582 2124 postremo
606 2044 721 2104 iudicio
740 2044 896 2105 collusisse
915 2068 984 2106 cum
1003 2046 1226 2130 Olympiodoro

62 2131 94 2195 et
119 2131 146 2189 ei
172 2128 373 2200 concessisse,
406 2139 442 2186 ut
469 2142 514 2201 et,
548 2149 625 2209 quae
650 2127 759 2201 vellet,
793 2130 923 2203 diceret,
956 2143 986 2189 et
1010 2130 1102 2196 falsos
1132 2144 1226 2192 testes

61 2215 250 2284 subornaret.
286 2213 378 2287 Quod
396 2211 455 2271 nisi
481 2213 682 2272 communiter
701 2224 731 2271 et
749 2225 873 2293 cxpacto
891 2213 973 2274 inter
989 2235 1021 2273 se
1048 2214 1247 2297 litigassent,x

60 2298 148 2360 facile
167 2320 199 2358 se
217 2297 302 2357 illum
328 2297 420 2356 luisse
437 2297 661 2375 convicturum:
688 2317 788 2378 neque
806 2299 1039 2379 permissurum,
1065 2299 1225 2388 ut‘OIym·
1254 2304 1255 2307 ’

23 2402 28 2409 ’
61 2382 258 2467 piodorus'in
276 2381 533 2452 iudiciovictoria
550 2382 719 2465 potiretur.¹
1003 2419 1019 2439 .-
1077 2458 1082 2468 Ι
1136 2411 1142 2454 7
1273 2426 1292 2437 ,,

464 2558 822 2591 wan-..ns-

60 2707 281 2793 Necessarium
299 2729 436 2791 fortassis
455 2743 517 2802 est,
546 2729 683 2805 Iudices,
710 2744 761 2806 ut,
790 2731 971 2813 quiversari
989 2733 1021 2794 in
1038 2733 1106 2795 soro
1125 2755 1225 2816 neque
1262 2731 1277 2763 r.

61 2816 184 2889 solent,
211 2837 311 2896 neque
329 2828 475 2895 possunt,
504 2814 537 2874 iu
553 2815 700 2876 iudicium
719 2816 857 2891 veniant,
885 2819 912 2878 si
923 2816 970 2878 ab
985 2807 1087 2898 aliquo
1105 2820 1225 2881 iniuriis

61 2899 251 2975 alliciuntur,
281 2900 317 2960 ab
336 2899 373 2958 iis
391 2899 584 2980 praesertim,
613 2922 629 2960 a
648 2901 758 2980 quibus
778 2906 829 2961 'eos
847 2902 954 2962 violari
972 2903 1101 2965 minime*
1114 2927 1226 2968 conve-

61 2985 179 3049 niebat:
199 2986 229 3044 id
248 2985 331 3065 quod
348 2983 423 3044 mihi
435 2984 530 3047 'etiam
549 3007 630 3063 nunc
649 2999 705 3045 usu
724 2985 815 3048 veuit
850 2986 1040 3068 Quamquam
1060 2989 1157 3065 enim,
1176 2992 1227 3051 lu·
1248 3006 1310 3062 239

63 3075 165 3143 dices,
194 3070 314 3152 litigare
335 3091 402 3128 cum
418 3069 662 3153 Olympiodoro,
696 3071 785 3130 affine
804 3092 873 3145 meo
891 3070 971 3155 (eius
990 3073 1235 3151 enimsororen
1310 3092 1313 3099 ·

62 3159 96 3218 in
114 3155 307 3215 matrimonio
326 3152 449 3236 habeo),
468 3175 530 3214 non
544 3152 632 3214 volo:
650 3155 765 3238 magnis
784 3168 884 3217 tamen
904 3150 969 3217 eins
986 3158 1106 3219 iniuriis
1125 3182 1228 3243 cogor.

63 3240 184 3317 Quodsi
200 3240 282 3298 nulla
299 3237 409 3319 iniuria
428 3239 594 3314 lacessitus,
609 3239 740 3314 ludices,
758 3242 810 3300 sed
828 3262 883 3322 per
900 3236 1079 3303 calumniam
1095 3257 1125 3304 et
1140 3267 1227 3305 meu-

63 3327 181 3403 dacium
207 3345 275 3384 eum
302 3344 490 3398 accusarem,
516 3338 568 3386 aut
592 3326 829 3385 controversiam
855 3326 930 3386 meis
958 3339 989 3386 ct
1013 3327 1249 3411 Olympiodori

62 3408 258 3471 familiaribus
277 3408 453 3489 permittere
470 3409 655 3483 noluissem,
689 3423 741 3469 aut
755 3411 849 3470 ullam
867 3410 955 3470 aliam
973 3414 1156 3494 aequitatem
1174 3414 1227 3474 de-

27 3542 30 3547 .
62 3509 255 3557 trecmssem:
274 3493 348 3553 mihi
368 3494 491 3568 credite,
509 3493 706 3555 vehementer
718 3495 938 3570 erubescerem,
950 3510 988 3558 »et
1005 3518 1053 3558 me
1066 3490 1242 3559 hominem
1297 3553 1299 3558 .

28 3581 30 3585 ’
54 3602 128 3650 ,εεεε
153 3579 326 3662 improbum
352 3579 560 3639 existimarem.
593 3579 699 3653 Nunc,
725 3600 825 3660 neque
850 3581 949 3661 paruis
974 3582 1164 3649 detrimentis
1189 3582 1237 3651 ab,

63 3666 289 3751 Olympiodoro
314 3662 462 3745 acceptis,
496 3685 597 3744 neque
621 3658 822 3746 sequestrum·
836 3666 931 3727 ullum
954 3665 1104 3750 fugiens,
1126 3678 1248 3751 neque
1314 3712 1317 3715 -

63 3752 172 3822 ctiam,
199 3753 299 3809 lovem
320 3748 355 3808 0.
373 3749 412 3807 Μ.
430 3762 544 3822 testor,
562 3749 661 3833 ultro,
686 3751 740 3810 sed
759 3773 847 3830 quam
865 3750 1082 3827 invitissimus,
1106 3767 1228 3815 coactus

36 3865 39 3875 =
61 3837 99 3897 ab
119 3837 179 3895 isto
198 3857 281 3908 sum,
299 3833 358 3892 hoc
376 3832 477 3892 subire
495 3832 648 3912 iudicium.
668 3836 770 3909 Quare
787 3856 841 3895 ves
861 3856 966 3897 omnes
977 3837 1121 3919 inprimis
1140 3859 1230 3922 rogo,
1253 3873 1255 3877 2
1299 3836 1311 3849 “

44 3921 201 3992 iudices,
225 3932 277 3991 ut,
302 3930 439 3978 nostmrm
457 3931 589 3999 utroque
602 3919 729 4000 'audito,
751 3932 782 4000 et
799 3919 857 4002 ipsi
875 3933 1000 3983 censura
1018 3922 1230 4006 reisuscepta,
1249 3916 1269 3935 ”

21 4010 23 4013 ’
63 4026 121 4080 nos
145 4002 355 4064 reconciliatos
382 3999 558 4079 dimittatis,
575 4016 606 4063 et
630 4005 667 4064 de
692 4017 823 4085 utroque
848 4017 987 4069 nostrum
1011 4007 1090 4069 bene
1115 4030 1229 4070 merea-

62 4088 155 4150 mini:
173 4089 220 4148 sin
238 4090 268 4148 id
287 4087 432 4168 consequi
451 4082 514 4147 non
531 4088 711 4170 potueritis,
729 4103 764 4150 ut
782 4091 818 4150 de
838 4103 957 4151 caetero
977 4091 1022 4166 ei,
1041 4094 1094 4172 qui
1112 4115 1230 4154 causam

62 4175 223 4234 meliorem
241 4171 347 4246 habet,
366 4172 580 4257 suffragemini.
608 4172 654 4233 Ac
672 4174 801 4255 primum
819 4175 994 4257 testimonia
1011 4178 1233 4261 recitabuntur,
1275 4197 1286 4241 ·,
1311 4165 1316 4176 ,

61 4261 145 4320 unde
164 4256 334 4341 apparebit,
351 4279 407 4339 per
425 4278 473 4317 me
491 4277 554 4318 non
574 4279 638 4319 esse
656 4259 783 4336 sactum,
801 4273 837 4323 ut
850 4259 886 4327 in
904 4259 1056 4326 iudicium.
1067 4264 1234 4350 veniretur,
1309 4306 1313 4317 ,

61 4345 116 4405 sed
133 4365 189 4426 per
205 4343 296 4403 istum
314 4341 419 4422 ipsum
454 4342 564 4404 Recita
576 4342 760 4414 testimonia.
794 4424 797 4428 Ι
969 4346 973 4357 '
1107 4344 1113 4355 '

935 4420 1053 4549 'tta-*J
1163 4400 1164 4404 Ν
1196 4408 1200 4417 ’
