2722 4754
278 212 286 293 '.
357 171 624 258 nnvnnsus
659 135 1027 292 muneratum,
1162 182 1173 202 ·
1208 191 1301 252 auf

82 361 205 412 natura
222 349 339 433 probus
358 349 518 424 exstitisse,
536 350 591 410 sed
609 348 756 410 insidiose
775 347 808 408 id
827 346 926 432 egisse
938 324 1113 422 uidebitur,
1127 357 1167 406 ut
1179 344 1273 427 sidem

85 433 156 495 sibi
174 448 396 519 praestrueret,
415 457 476 518 quo
494 448 601 517 postea
619 434 734 496 maiore
752 434 838 495 lucro
856 434 981 514 iniquus
1001 446 1098 511 esset!
1120 431 1185 497 set
1202 443 1274 514 post

83 519 256 583 Euclidem
280 535 470 603 praetorem,
497 522 635 597 ludices,
660 521 791 603 primum
809 519 1034 604 Thrasybulum
1060 516 1273 604 Colyttensem

88 627 202 669 omnes
222 607 402 668 meministis
428 605 528 668 bisin
545 607 665 668 vincula
687 606 883 678 coniectum,
905 618 940 666 ’et
957 618 1122 687 utrumque
1141 603 1274 685 idiudi'-

88 693 176 755 cium
193 693 448 775 apudepopulun
474 713 541 754 esse
558 693 697 766 sactum,
715 712 898 773 quamquam
916 690 942 751 is
962 704 993 751 et
1010 714 1090 752 unus
1110 712 1126 752 e
1145 691 1273 752 Piraeeo

89 792 124 840 ct
140 779 241 862 Phyle
267 799 302 839 ac
316 779 438 840 'uindex
462 778 609 841 libertatis
634 778 814 839 exstitisset:
842 776 953 838 deinde
972 775 1161 857 Philepsium
1184 780 1273 839 Lam·
1327 843 1329 847 ,

87 879 251 948 prensens:
277 886 349 924 mox
367 864 534 948 Argyrium
553 862 783 949 Colyttensem,
806 863 906 923 virum
927 860 1100 923 humanum
1125 876 1156 922 et
1172 868 1274 946 popu-

87 951 184 1012 larem
211 962 242 1011 et
268 952 503 1012 commodorum
527 951 626 1032 plebis
656 948 928 1013 studiosissimum:
962 950 989 1009 is
1014 963 1117 1012 tamen
1143 949 1273 1026 censuit,
1294 945 1360 1008 472

87 1038 219 1099 candem
238 1056 304 1098 esse
330 1036 442 1114 dehere
460 1037 492 1097 in
511 1054 546 1098 se
563 1058 688 1118 quoque
713 1038 816 1120 legum
841 1034 1052 1109 severitatem,
1078 1035 1208 1117 quaein
1224 1048 1274 1097 te-

86 1123 255 1184 nuissimos
274 1121 416 1183 homines
431 1136 461 1183 et
474 1123 582 1204 inopes
601 1123 726 1199 valeret,
744 1136 836 1205 atque
850 1122 883 1182 iu
898 1121 1055 1183 domicilio
1074 1119 1173 1202 plebis
1190 1121 1278 1182 muln

85 1222 139 1271 tos
157 1225 253 1270 annos
272 1209 403 1284 mansit,
422 1211 494 1270 dum
514 1232 579 1271 eam
597 1201 775 1291 pecuniam,
794 1229 885 1290 quam
904 1207 1033 1269 civitatis
1053 1207 1165 1270 habere
1182 1207 1289 1290 putu,
1355 1285 1359 1297 x

86 1294 189 1370 batur,
206 1294 406 1357 dissolvisset
441 1295 551 1377 Neque
569 1317 642 1357 vero
663 1293 863 1367 Callistratus,
881 1293 976 1353 homo
995 1295 1160 1375 potensin
1177 1309 1273 1377 repu-

86 1381 171 1443 blica
188 1393 219 1442 ct
236 1376 443 1453 consobrinus
463 1384 538 1457 eins,
557 1378 640 1465 leges
653 1383 691 1455 ad
707 1381 795 1441 illum
813 1379 1034 1441 sublevandum
1051 1380 1141 1441 tulit:
1160 1393 1192 1442 et
1202 1383 1274 1466 My·

47 1472 53 1482 '
87 1467 232 1543 renides,
250 1465 383 1528 Archini
400 1468 616 1543 filius,‘illius,
637 1467 690 1549 qui
707 1467 827 1550 Phylen
844 1454 1022 1546 'occupavit
1041 1479 1088 1542 et,
1106 1481 1179 1548 post
1196 1469 1273 1529 deo,

85 1576 159 1615 rum
184 1553 403 1615 immortalium
430 1576 539 1636 opem,
563 1577 644 1616 unus
662 1552 792 1614 maxime
816 1551 954 1613 omnium
980 1561 1089 1613 auctor
1112 1554 1221 1637 populi
1239 1553 1273 1614 in

58 1654 66 1665 ‘
85 1639 243 1724 integrum
260 1641 447 1705 restituendi
465 1641 543 1718 luit,
562 1634 668 1702 et⁶alia
686 1640 780 1701 multa
798 1638 952 1721 praeclara
971 1636 1066 1720 gessit
1082 1641 1116 1701 in
1132 1639 1273 1722 republi-

84 1738 194 1802 ca,2et
212 1727 379 1798 auercitum
398 1728 541 1789 ductavit
579 1727 641 1788 Sed
659 1740 762 1788 tamen
780 1725 817 1785 hi·
831 1746 938 1786 omnes
957 1724 990 1784 in
1009 1725 1128 1806 legibus
1147 1726 1289 1808 acquie-·.

82 1825 210 1880 verunt
250 1814 438 1889 Quaestores
457 1815 550 1889 item,
575 1814 633 1875 sub
652 1813 764 1895 quibus
789 1812 939 1887 amorium
958 1809 1175 1894 conflagravit,
1200 1822 1293 1874 curn*

82 1898 232 1974 Palladis,
247 1911 312 1960 tum
331 1900 523 1980 reliquorum
542 1901 686 1974 deorum,
704 1899 738 1958 in
755 1899 817 1958 hoc
835 1895 992 1957 domicilio
1009 1896 1153 1973 suerunt,
1171 1900 1273 1961 donec
1307 1899 1311 1915 '

23 1991 28 1999 '
81 1983 239 2045 iudicium
257 1986 294 2045 de
313 1985 358 2045 eis
386 1998 467 2046 essct
489 1986 619 2051 facturn:
645 1997 676 2044 et
695 1984 832 2064 quirem
857 1980 1088 2047 frumentariam
1113 1985 1191 2047 mala
1204 1985 1289 2051 'fide'

10 2105 19 2120 -
80 2070 313 2132 administrasse
331 2071 534 2152 putabantur,
558 2070 672 2150 aliique
689 2069 796 2144 multi,
823 2069 959 2143 ludices,
974 2069 1040 2150 ,qui
1057 2071 1144 2131 fuere
1162 2070 1272 2140 omncs

80 2155 144 2218 viri
161 2155 360 2220 Androtione
379 2158 530 2218 meliores.
574 2153 653 2216 Cum
672 2154 768 2239 igitur
793 2154 840 2215 his
859 2167 978 2217 veteres
1001 2156 1086 2240 leges
1104 2169 1184 2219 ratas
1204 2176 1272 2221 esse
1335 2221 1343 2235 „

82 2242 279 2324 oportuerit,
305 2242 387 2303 ethi
406 2243 526 2305 usitatis
550 2242 671 2328 legibus
690 2261 805 2323 poenas
830 2241 903 2302 dare
920 2240 983 2302 sint
1001 2244 1118 2305 coacti:
1143 2242 1273 2327 Andrp,

56 2352 60 2358 ·
80 2328 198 2404 tionis,
224 2329 393 2391 Glaucetae
413 2342 444 2391 et
461 2329 617 2411 Melanopi
641 2327 737 2412 gratia
755 2349 836 2389 nova
861 2327 910 2389 lex
934 2328 1115 2408 sancienda,
1141 2345 1272 2414 propter

55 2414 57 2418 ’
81 2434 158 2490 eos,
176 2413 320 2497 inquam,
344 2416 398 2497 qui
417 2417 550 2477 damtiati
568 2427 642 2476 sunt
660 2427 691 2475 et
708 2413 863 2476 veteribus
882 2413 1003 2497 legibus
1021 2414 1163 2493 iudicati,
1190 2438 1271 2499 quos

81 2500 199 2579 hahere
218 2515 340 2564 constat
364 2503 526 2584 pecuniam
544 2514 612 2562 tum
628 2522 760 2575 sacram,
774 2513 850 2561 tum
868 2499 1044 2581 publicam?
1078 2503 1192 2565 Nonne
1210 2520 1271 2587 pu-

76 2586 167 2660 ,hlicc
183 2586 339 2649 ridebitur
355 2603 460 2651 nostra
478 2589 594 2663 ciuitas,
612 2587 639 2648 si
652 2587 751 2670 legem
769 2585 885 2661 tulerit,
904 2606 983 2667 quae
1001 2589 1166 2672 sacrilegos
1181 2604 1269 2653 tuea-

80 2674 158 2735 tur?
174 2674 243 2758 Ego
261 2674 387 2755 quidem
407 2675 525 2756 opinor.
543 2675 590 2736 Ne
605 2674 709 2735 sinatis
727 2672 824 2756 igitur
832 2693 888 2733 vos
906 2673 989 2753 ipsos
1008 2674 1089 2736 affici
1107 2690 1282 2741 contusae-2

84 2760 160 2835 liis,
176 2781 284 2843 -neque
311 2758 547 2844 rempublicam:
574 2762 629 2821 sed
646 2757 816 2833 recordati,
840 2778 896 2817 vos
914 2758 1086 2821 Eudemum
1115 2758 1271 2845 Cydathe.

51 2880 54 2884 ·
83 2841 199 2907 naenm
225 2848 311 2929 quod
328 2848 429 2932 legem
453 2847 658 2930 perniciosam
684 2864 794 2929 rogare
813 2843 986 2918 videretur,
1012 2865 1077 2905 non
1097 2834 1186 2922 olim,
1213 2850 1269 2912 sed

81 2933 232 2994 Euandro
256 2947 399 3016 praetore
425 2934 633 3008 interfecisse,
649 2946 689 2994 et
715 2931 908 3010 Philippum,
933 2929 1075 3010 Philippi
1093 2933 1272 2997 navicularii

84 3017 195 3093 lilium,
212 3018 438 3101 propemodum
457 3017 624 3091 occidisse,
643 3016 715 3090 sed,
733 3015 805 3095 quia
823 3015 889 3094 ipse
907 3035 1015 3096 magna
1032 3017 1171 3097 pecunia·
1182 3020 1269 3084 litem
1326 3068 1329 3074 -

81 3103 145 3165 sihi
162 3117 272 3166 contra
297 3103 470 3166 aestimarat
489 3114 520 3164 et
543 3103 635 3183 paulo
660 3101 748 3182 plura
775 3099 920 3184 suffragia
944 3101 1071 3179 tulerat,
1099 3104 1295 3186 ignominia

82 3202 210 3252 notasse
229 3203 352 3265 tamen,
371 3190 505 3251 'eandem
530 3187 717 3249 iracundiam
737 3186 828 3248 etiam
854 3199 961 3247 contra
979 3186 1071 3249 istum
1090 3213 1173 3253 nunc
1192 3214 1269 3256 con-

36 3308 42 3316 *
83 3275 190 3358 cipite,
207 3275 286 3336 illud
301 3294 397 3357 ‘super
413 3275 488 3336 haec
507 3274 609 3334 omnia
628 3273 810 3356 cogitantes,
829 3271 974 3352 quidnam
992 3276 1079 3338 vobis
1098 3278 1268 3359 accidisset,

84 3361 114 3422 si
129 3360 189 3422 iste
207 3374 289 3423 unus
309 3362 403 3422 homo
421 3362 608 3445 legationem
627 3360 715 3421 vobis
735 3358 869 3421 obiisset.
890 3358 975 3420 Nihil
995 3361 1077 3423 enim
1096 3385 1163 3424 esse
1180 3380 1269 3448 puto,

86 3447 375 3533 quo'3absttnutsset
417 3448 537 3508 Videtis
556 3446 700 3507 nimirum
719 3446 784 3508 eius
803 3445 980 3529 ingenium:
1003 3469 1073 3508 nam
1092 3450 1268 3532 lex,'quam

84 3553 196 3616 rogare
209 3528 272 3594 'fuit
283 3555 384 3607 ausus,
402 3555 504 3594 mores
519 3533 584 3594 eius
599 3533 741 3595 ostendit
758 3532 896 3598 Narrabo
907 3545 1009 3592 autem
1022 3536 1121 3612 vobis,
1139 3538 1270 3614 ludices,

58 3693 61 3698 ι
85 3638 150 3700 quo
160 3633 252 3702 pacto
262 3615 459 3704 Locrisleges
470 3621 550 3681 ferre
564 3621 698 3681 soleant:
714 3618 792 3679 nihil
804 3619 885 3680 enim
900 3619 987 3680 vobis
998 3622 1152 3698 nocnerit,
1166 3618 1269 3686 exem-
1326 3624 1329 3629 ’

61 3697 172 3787 ,ι’ρίῐιῐιι
190 3707 316 3787 aliquod
334 3705 496 3781 audivisse,
513 3707 574 3767 tale
592 3707 780 3786 praesertim,
798 3727 861 3787 quo
880 3706 1000 3768 laudata
1016 3709 1188 3791 respublica
1205 3710 1268 3772 uti·
1316 3720 1319 3727 ’

82 3803 144 3852 tur.
169 3792 250 3853 Nam
267 3791 313 3852 illi
331 3813 429 3872 usque
448 3793 525 3852 adeo
545 3804 672 3853 censent
689 3792 843 3853 veteribus
863 3792 984 3874 legibus
1001 3796 1151 3856 utendum
1170 3809 1201 3857 et
1217 3795 1268 3857 in-

81 3876 194 3938 stituta
212 3878 309 3960 patria
328 3881 463 3939 ornanda
482 3898 559 3952 esse,
577 3898 642 3938 non
660 3877 698 3937 ad
716 3877 848 3939 cuiusvis
866 3878 1026 3939 libidinem
1041 3894 1072 3942 et
1087 3875 1267 3949 iniuriarum
1308 3899 1314 3912 ‘

47 3998 53 4013 ι
82 3958 303 4046 impunitatem
321 3964 404 4047 leges
422 3965 581 4040 ferendas,
598 3964 704 4037 ut,--si
722 3964 790 4044 quis
808 3964 908 4047 legem
927 3984 1038 4026 novam
1055 3988 1165 4051 rogaro
1183 3968 1287 4046 veliis

85 4049 170 4110 collo
189 4051 224 4110 iu
242 4050 385 4131 laqueum
403 4049 519 4112 inserto
539 4051 571 4110 id
588 4049 688 4110 facere
707 4061 841 4133 cogatur.
870 4052 959 4126 Quae
977 4052 1069 4113 lensi
1087 4048 1216 4114 honesta
1235 4050 1267 4117 ct
1343 4081 1355 4099 ·

84 4135 173 4198 utilis
193 4136 331 4221 videtur,
349 4148 457 4196 auctor
474 4136 540 4197 eius
557 4135 633 4198 vivit
651 4148 682 4196 et
698 4136 779 4197 abit:
795 4136 844 4197 sin
863 4136 980 4211 minus,
998 4137 1079 4219 perit
1097 4138 1264 4202 constricto
1287 4140 1349 4206 47³

85 4222 210 4304 laqueo.
227 4222 362 4283 Proinde
380 4239 473 4284 novas
492 4242 600 4306 rogare
618 4225 702 4305 leges
716 4243 782 4282 non
800 4223 927 4283 audent:
946 4224 1000 4283 scd
1017 4224 1173 4303 veteribus
1190 4225 1264 4306 reli-

67 4307 174 4392 'giosc
193 4320 349 4370 utuntur.'
368 4305 414 4370 Ac
432 4308 612 4392 longissimo
630 4321 787 4390 tempore,
814 4310 951 4383 ludices,
967 4329 1029 4371 una
1045 4311 1095 4371 lex
1111 4312 1192 4394 apud
1211 4333 1264 4372 eos

85 4386 305 4478 upra-perlata
322 4412 388 4457 csse
404 4394 510 4458 fertur.
544 4394 623 4476 Nam
639 4415 710 4457 cum
726 4393 771 4456 ihi
787 4406 945 4475 receptum
963 4409 1063 4474 esset,
1080 4395 1106 4459 si
1124 4397 1192 4480 quis
1212 4417 1264 4458 ex·
1335 4445 1360 4480 .-
