2722 4754
132 184 245 246 ιιι
417 118 1045 277 ιιιιιιιίιιιιιιιοιιιιιοῑ
1126 185 1130 190 ’

36 338 68 381 Ἦ
132 338 223 399 etiam
243 335 486 406 consideremus,
514 326 720 419 quiPydnom
747 347 938 416 caeterasque
962 335 1054 396 urbes
1072 335 1217 416 Philippo
1236 342 1311 416 pro·
1346 340 1349 345 '

130 420 291 496 diderunt,
310 419 421 500 quibus
440 419 562 487 tandem
580 420 671 493 rebus
691 421 812 502 impulsi
832 414 1077 482 nos‘afleccrunt
1094 421 1230 483 iniuria?
1259 419 1311 480 An

130 503 334 572 ulli-dubium
352 518 416 578 est,
442 506 666 606 exspectatione
693 527 873 588 magnorum
891 528 907 565 a
926 507 1067 590 Philippo
1094 506 1326 566 munerum-id·

101 648 104 655 ,
131 617 199 658 esse
217 592 351 657 factumi*
377 591 514 651 Utrum
505 594 609 674 igitur,
627 592 766 673 Leptine,
784 605 815 650 te
833 592 928 675 magis
947 595 1059 667 decuit,
1078 591 1311 693 hospitibus,
1285 613 1312 651 sa

131 690 240 765 potes,
263 679 411 752 suadere,
432 699 471 738 ne
477 676 641 737 'honorem
659 675 791 737 habeant
815 679 1042 757 proditoribus,
1070 680 1154 759 qnod
1174 699 1212 738 eo
1231 678 1312 759 ipso,

133 787 213 855 quo
208 786 271 826 nos
290 722 466 836 laesertint,
487 762 652 823 benefici
643 785 675 821 m
700 762 804 822 hostes
832 776 953 825 nostros
981 767 1177 827 exstiterunt·
1206 784 1248 824 an
1266 764 1313 827 Ιιι-,

132 874 202 937 gem
220 846 298 912 hano
315 850 404 911 nobis
422 850 513 925 ferre,
532 870 610 928 quae
628 848 727 928 aliqua
747 848 814 907 data
828 848 1050 914 benemeritis
1047 854 1092 911 de
1112 844 1209 917 nobis
1221 871 1313 931 prae-

56 958 79 1000 -·,·
126 939 192 1041 ιιιὶιι
212 937 339 1038 eripiat?
362 938 429 1017 Ego
450 933 573 1014 quidem
591 933 668 993 illud
686 933 789 1015 potius
809 956 874 996 esse
893 959 1012 1002 censeo
1047 942 1163 998 Verum
1181 957 1221 995 ue
1241 936 1312 995 lon-

115 1059 120 1073 »
164 1047 201 1085 us
228 1023 266 1084 ab
293 1022 434 1082 instituto
459 1019 629 1101 digrediar,
656 1040 730 1101 cape
755 1027 1038 1099 senatusconsulta,
1064 1046 1117 1108 qur
1108 1020 1257 1082 Thasiis
1280 1033 1313 1082 et

132 1025 287 1221 Ιιὶιιιιιιὶίι
305 1107 416 1190 scripta
430 1117 514 1166 suut
533 1104 646 1195 Recita.
1153 1139 1162 1147 ·
1184 1134 1188 1141 ¹

352 1240 357 1247 “
442 1245 1000 1326 senatusconsurun.

85 1319 88 1325 .
115 1296 122 1322 Ι

219 1330 490 1426 senatusconsulta
494 1362 652 1443 quidem,
677 1360 813 1438 ludices,
832 1365 997 1426 audivistis.
1040 1364 1190 1426 Fortassis
1209 1360 1311 1424 autem

43 1500 50 1507 ‚
134 1477 171 1517 ex
189 1453 253 1514 istis
272 1449 415 1511 nonnulli
442 1448 601 1511 obierunt:
627 1460 657 1508 at
674 1471 722 1510 res
728 1463 888 1550 ‘gestae
869 1451 967 1511 adhuc
984 1463 1120 1545 exstant,
1146 1462 1310 1533 postquam

45 1572 48 1576 Δ
102 1596 104 1600 .
133 1539 227 1601 semel
246 1549 348 1621 gestae
376 1548 455 1595 sunt
484 1531 683 1595 Columnas
693 1535 788 1619 igitur
812 1559 860 1597 eas
879 1538 911 1617 in
930 1536 1120 1638 perpetuum
1145 1549 1226 1597 ratas
1244 1554 1312 1594 esse

49 1677 56 1684 .
133 1625 269 1697 sinitote,
286 1634 323 1682 nt
335 1642 385 1696 ne,
404 1621 476 1701 dum
494 1620 551 1686 ulli
569 1622 760 1703 superstites
765 1622 919 1697 fuerint'
909 1624 1020 1684 miuria
1034 1645 1159 1706 perros
1174 1608 1311 1695 affician-

110 1726 198 1814 gtpr:
219 1721 249 1769 et
266 1721 311 1799 ut,
329 1704 490 1788 postquam
510 1707 659 1791 obierint,
686 1708 780 1768 moris
799 1709 927 1770 civitatis
946 1723 1068 1772 nostrae
1084 1691 1312 1770 monimentum

133 1799 204 1871 sint,
224 1808 255 1855 et
273 1792 416 1875 tanquam
436 1793 593 1877 exempla'
586 1793 747 1874 proposita
765 1794 844 1854 bene
863 1795 901 1855 de
918 1796 1009 1856 nobis
1027 1797 1139 1855 mereri
1158 1791 1311 1874 cupienti-

23 1902 25 1912 *
59 1924 63 1931 κ
134 1883 240 1962 bus,q
241 1901 299 1942 uae
317 1893 472 1954 moneant,
494 1893 629 1940 nostram
648 1879 755 1939 orbern
765 1881 901 1962 gratiam
920 1882 957 1940 de
976 1903 1008 1940 se
1027 1881 1106 1951 bene
1124 1879 1243 1940 meritis
1261 1898 1311 1937 re-

133 1968 249 2031 tulisse.
280 1960 396 2045 Atque
394 1965 479 2025 illud
498 1966 598 2043 etiam,
615 1963 832 2041 Athenienses,
850 1988 904 2026 eos
922 1988 971 2026 ne
981 1967 1081 2041 lateat,
1092 1965 1311 2064 turpissimum

134 2075 212 2128 esse,
231 2075 300 2114 cum
319 2071 424 2111 omnes
444 2051 587 2112 homines
603 2064 668 2117 tum
685 2052 817 2125 videant,
830 2064 902 2111 tum
920 2053 1044 2112 audiant
1062 2049 1286 2124 calamitates,'
1277 2071 1308 2107 ιιι

79 2152 82 2157 ’
133 2162 209 2242 quas
229 2134 280 2199 isti
297 2137 354 2197 viru
346 2136 564 2210 inciderunt,
592 2136 677 2195 omui
703 2149 840 2219 ternpore
858 2150 940 2199 ratas
954 2125 1013 2199 illis
1033 2138 1190 2199 mansisse.
1220 2154 1311 2217 prae·
1350 2172 1357 2179 -

51 2268 62 2275 -
135 2228 205 2301 mia,
225 2244 301 2325 quae
319 2244 375 2322 pro
391 2222 451 2282 illis
469 2234 684 2304 acceperunt,
682 2222 828 2283 arobis'
819 2224 903 2283 irrita
923 2245 987 2284 esse
1002 2225 1088 2293 sacta.
1106 2223 1207 2283 Multo
1227 2220 1311 2280 enim

134 2309 367 2374 convenientius
392 2322 473 2383 erat,
504 2307 696 2369 manentibus
723 2308 940 2371 donationibus
965 2307 1132 2370 infortunia
1159 2307 1313 2378 minuere,

36 2464 42 2475 Ι
135 2420 224 2481 qnam
245 2395 362 2476 eripere
380 2395 541 2476 praemia,
542 2393 727 2454 calamitates
742 2386 924 2495 relinquere
950 2394 1027 2454 Nam
1047 2396 1114 2477 quis
1135 2407 1191 2469 est,
1204 2390 1312 2453 Deum

100 2525 102 2529 ·
133 2481 357 2553 immortalem,
384 2503 437 2560 qur
427 2480 541 2541 robis
569 2479 747 2540 benefacere
765 2481 855 2556 velit,
881 2482 909 2541 si
926 2493 1051 2542 conatus
1069 2501 1134 2542 non
1153 2498 1312 2540 successe-

133 2571 212 2644 rint,
236 2588 308 2628 mox
324 2562 464 2645 hostibus
483 2588 598 2648 poenas
617 2566 757 2627 daturus.
783 2566 830 2626 sin
849 2567 1049 2645 sucesserint,
1077 2564 1201 2653 dubiam
1220 2586 1237 2624 a
1246 2570 1311 2624 -ζιο

36 2678 38 2686 ¹
135 2656 182 2729 bis
201 2653 328 2738 gratiam
345 2651 499 2713 initurus?
534 2646 783 2713 lllolestissimum
801 2666 893 2727 vero,
913 2653 1040 2727 ludices,
1059 2651 1135 2712 mihi
1153 2634 1337 2725 suetinsi

135 2742 195 2802 hoc
213 2739 338 2799 nomine
356 2739 502 2799 duntaxat
517 2736 645 2822 legem
635 2759 702 2798 rure
720 2758 902 2825 accusarem,
921 2739 1004 2818 quod
1022 2739 1141 2819 multis
1134 2737 1226 2797 bene
1244 2757 1311 2795 me

117 2827 202 2886 ritis
220 2824 441 2885 immunitatem
460 2824 582 2904 eripiat:
611 2824 721 2885 citium
738 2842 811 2884 tero
838 2825 992 2885 neminem
1018 2824 1157 2907 prolerre
1169 2838 1311 2904 possem,

89 2970 96 2981 ,
136 2913 186 2974 cui
205 2910 314 2970 merito
332 2909 357 2969 is
376 2909 477 2975 honos
496 2909 682 2993 contigisset
708 2910 784 2970 Nam
794 2920 873 2981 cum
891 2910 1017 2973 aliarum
1036 2931 1130 3012 opum
1149 2908 1309 2970 maximam

106 3018 111 3023 ·
136 2997 217 3099 apud
235 3017 289 3057 vos
308 3016 374 3055 esse
394 2995 518 3077 copiam
521 2995 677 3096 optarim,
704 3008 776 3056 tum
788 2996 1061 3078 praqstantissimos
1080 2997 1168 3064 viros
1187 3015 1222 3054 ac
1238 2992 1311 3074 plu-

135 3083 230 3143 rimos
250 3083 287 3141 de
294 3069 461 3181 republica
479 3081 558 3142 bene
576 3081 701 3142 meritos
720 3083 800 3142 ciies
820 3103 893 3153 esse.
928 3083 1063 3144 Primum
1090 3082 1187 3166 igitur
1203 3075 1312 3139 Cono-

50 3172 112 3230 303
137 3190 207 3229 nem
226 3164 405 3240 intuemini,
423 3181 526 3226 utrum
545 3186 690 3248 aequum
685 3169 751 3241 sit,
771 3168 830 3247 yel
842 3168 975 3229 illum
945 3191 1059 3242 virum,
1078 3169 1126 3230 vel
1144 3189 1194 3229 res
1211 3164 1251 3225 ab
1267 3176 1309 3223 eo

48 3303 50 3306 ,
136 3267 246 3338 gestas
250 3252 448 3334 reprehendi,
465 3274 499 3313 ac
518 3252 700 3314 donationes
719 3213 764 3314 illi
782 3255 875 3314 factas
893 3254 1056 3338 abrogari?
1079 3246 1111 3317 ls
1127 3251 1219 3337 enim,
1238 3262 1274 3309 ut
1292 3270 1308 3317 Ιιι

134 3353 269 3401 restrum
288 3337 491 3419 quibusdam,
497 3339 550 3418 qui
567 3339 707 3420 aequales
725 3340 770 3400 illi
788 3340 930 3425 luerunt,
941 3341 1045 3402 audire
1061 3339 1144 3414 licet,
1161 3348 1233 3438 post
1252 3355 1308 3416 po-

135 3426 201 3510 puli
219 3446 235 3484 e
253 3425 384 3484 Piraeeo
399 3422 548 3499 reditum,
571 3425 648 3485 urbe
667 3440 770 3486 nostra
788 3421 907 3501 infirma
925 3440 957 3486 et
974 3426 1088 3486 nullam
1107 3424 1234 3487 omnino
1255 3442 1307 3480 na-

135 3532 204 3572 vem
221 3508 409 3596 possidente,
428 3533 496 3572 cum
508 3533 574 3594 regi
566 3512 747 3573 'Persarum
767 3508 931 3573 exercitum
951 3508 1086 3586 duc'enct,
1104 3510 1221 3572 a'robis
1239 3507 1308 3567 nul-

135 3597 163 3658 la
181 3617 214 3657 re
221 3618 356 3695 ‘prorsus
375 3596 525 3670 adiutus,
537 3597 636 3657 navali
653 3598 772 3679 proelio
790 3599 1046 3659 Lacedaemonios
1064 3598 1154 3670 vicit,
1182 3607 1247 3669 et,
1256 3590 1308 3674 qui

135 3681 228 3744 aliis
219 3703 368 3765 inaperare
387 3696 580 3756 consuerant,
600 3704 652 3744 eos
667 3684 754 3746 tobis
769 3702 874 3766 parere
894 3684 1010 3760 docuit,
1029 3697 1060 3744 et
1068 3686 1226 3744 Laconum
1244 3699 1307 3738 ma-

134 3769 279 3853 gistratus
296 3789 333 3828 ex
350 3768 457 3829 insulis
477 3768 607 3850 expulit.
626 3769 735 3829 deinde
755 3770 815 3829 huc
832 3771 1005 3855 profectus,
1024 3770 1146 3830 moenia
1163 3764 1309 3845 restituit,

94 3930 101 3941 „
136 3867 168 3914 et
183 3876 299 3954 primus
318 3849 430 3929 effecit,
446 3868 483 3916 ut
500 3867 603 3915 nostra
621 3856 694 3937 urbs
712 3878 816 3917 rursus
831 3857 869 3916 de
882 3857 1060 3938 principatu
1073 3879 1143 3916 cunr
1157 3852 1309 3914 Lacedae-

135 3939 247 4000 moniis
266 3940 441 4021 disputaret.
459 3944 494 4000 ln
512 3941 576 4000 sola
595 3943 675 4002 enim
694 3941 775 4002 illius
788 3963 825 4003 ex
837 3942 979 4003 omnibus
999 3943 1141 4003 columna
1161 3937 1309 4020 scriptum
1333 3933 1338 3940 ’

135 4037 183 4086 est
200 4025 247 4085 his
265 4027 382 4087 serbis:
411 4028 601 4107 «Postquam
619 4024 729 4087 Conon
753 4030 853 4089 s'oeios
856 4027 1111 4089 Atheniensium
1136 4024 1310 4086 liberarit»
1325 4091 1327 4095 ,

135 4111 191 4171 Est
209 4122 309 4171 autem
329 4133 363 4172 ea
380 4112 558 4195 inscriptio,
574 4114 708 4187 ludices,
736 4113 782 4173 illi
801 4112 924 4216 quidem
949 4116 1029 4216 apud
1053 4134 1107 4174 vos
1126 4110 1311 4212 honorifica,

59 4231 80 4239 -·
113 4267 115 4272 ι
136 4196 224 4257 vobis
241 4217 317 4256 vero
332 4200 413 4279 apud
432 4200 566 4258 Graecos
583 4198 750 4259 universos
767 4199 863 4261 Nam
864 4199 1002 4301 quisquis
1022 4212 1161 4265 nostrum
1181 4197 1214 4256 iu
1233 4195 1311 4256 alios

46 4304 49 4309 ’
135 4280 284 4344 beneficia
301 4284 476 4358 consent,
449 4304 513 4344 orus
532 4284 610 4343 sacti
620 4283 718 4366 gloria
735 4305 848 4344 nomen
867 4285 995 4346 civitatis
1014 4285 1133 4363 fruitur
1143 4284 1313 4385 3-Quapro

42 4386 45 4390 “
113 4381 206 4453 ,pter
222 4369 267 4430 illi
284 4382 349 4441 tum
369 4390 433 4431 non
451 4370 573 4430 tanturn·
596 4369 769 4432 immunitas
797 4370 917 4431 decreta
934 4383 1000 4433 est·
1024 4369 1225 4457 sedprimus
1243 4367 1314 4442 luit,
