2722 4754
418 157 611 291 onusto
644 179 907 269 suumms.
950 131 953 136 ¹
1030 245 1040 262 ,
1135 218 1138 227 ι
1178 182 1240 245 sss

80 344 267 404 functorum
275 338 382 404 violari
398 361 462 409 non
479 338 640 415 siverunt,
657 361 725 400 cnm
751 353 867 422 septem
880 339 972 414 illos,
984 337 1051 419 qui
1068 336 1100 398 in
1118 336 1241 419 expedi·
1299 330 1332 379 Γ

80 429 167 493 tione
184 429 328 493 Thebana
355 425 540 498 ceciderant,
565 427 683 486 humari
701 423 803 485 Creon
827 425 1013 506 prohiberet„
1056 426 1101 485 Ae
1126 444 1242 501 eorum,

81 535 159 594 quae
178 537 193 573 a
212 514 310 595 poetis
329 504 482 571 decantata
500 524 581 582 sunt,
600 511 717 570 omissis
735 509 889 590 plurimis,
907 510 1016 570 borum
1034 508 1093 569 ieci
1111 506 1242 568 mentio-

81 620 172 658 nem:
208 619 283 678 quae
302 596 419 678 singula
438 609 498 655 tam
516 596 660 668 uberem,
694 609 755 655 tam
766 590 930 654 'honestam
948 595 1071 672 dicendi
1088 592 1242 654 materiam

82 684 293 765 suppeditant,
316 695 352 741 ut
370 693 400 740 et
417 673 727 740 adstrictae'numeris
745 679 898 740 ora'tlonis‘
909 680 1057 751 artifices,
1070 678 1110 739 ‘et
1127 677 1243 743 cantio÷

81 791 155 828 num
180 783 333 837 auctores,
359 778 390 826 et
413 766 501 824 multi
526 787 625 825 rerum
649 778 800 848 gestarum
826 765 1133 846 scriptores‘illorum
1152 754 1242 823 lactis

83 855 226 912 ornandis
245 851 365 933 ingenia
384 850 612 929 doctrinamque
630 873 713 910 suam
732 849 919 910 ostentarint.
948 851 1034 924 Quae
1052 870 1124 909 vero
1144 848 1244 930 digni-

81 950 145 997 tate
164 961 264 997 rerum
282 935 379 994 nihilo
398 936 457 995 illis
476 937 642 1007 deteriora,
665 938 737 1010 sed,
763 936 833 1015 quia
852 956 957 995 eorum
975 934 1118 994 memoria
1136 955 1243 994 recen·
1266 947 1325 1005 391

82 1024 146 1082 tior
164 1036 226 1096 est,
250 1022 386 1081 nondum
404 1043 420 1081 a
438 1021 541 1081 Poetis
561 1020 730 1102 occupata,
748 1042 804 1080 nec
823 1021 853 1080 in
873 1020 1037 1081 Heroicum
1055 1019 1141 1086 illum
1160 1017 1244 1079 ordi-

83 1130 152 1167 nem
172 1109 263 1167 relata
283 1118 369 1169 suut:
399 1106 508 1166 caiam
528 1106 631 1166 dicam.
667 1106 713 1164 llli
732 1107 825 1188 igitur
843 1107 943 1186 copias
963 1127 998 1165 ex
1015 1105 1154 1165 universa
1172 1103 1245 1163 Asia

83 1193 225 1264 collectas
245 1190 302 1260 soli
320 1191 366 1250 bis
386 1204 464 1251 terra
483 1190 618 1289 marique
636 1190 853 1274 profligarunt,
883 1191 1066 1271 privatisque
1085 1190 1146 1250 suis
1164 1187 1244 1270 peri·
1343 1242 1345 1247 .

83 1278 159 1337 c'ulis
184 1296 374 1336 communem
395 1276 518 1357 Graecis
538 1275 679 1336 omnibus
702 1277 828 1335 salutem
847 1277 1020 1335 attulerunt„
1055 1276 1147 1349 Quod
1171 1293 1261 1334 vero·

82 1363 141 1421 iam
169 1362 282 1433 dicam,
308 1382 487 1440 quamquam
511 1361 542 1419 id
567 1362 650 1441 prins
677 1373 708 1419 et
730 1360 766 1418 ab
785 1360 849 1418 aliis
869 1373 915 1419 est
933 1360 1119 1439 expositum,
1143 1371 1246 1419 tamen

41 1474 49 1514 3
84 1448 224 1506 ne'nunc
243 1447 365 1526 quidem
384 1445 461 1503 iusta
488 1457 519 1502 et
541 1442 734 1503 convenienti
752 1444 840 1502 laude
857 1443 988 1515 fraudari
1005 1443 1085 1502 viros
1104 1444 1174 1516 illos
1192 1443 1246 1501 de-

84 1545 140 1591 cet
176 1531 239 1606 Qui
265 1535 378 1609 quanto
401 1527 585 1608 praestitisse
609 1528 719 1587 Troiae
745 1526 1005 1609 oppugnatoribus
1029 1529 1094 1587 iure
1119 1525 1246 1609 putandi

84 1617 163 1688 sint,
188 1612 223 1674 ex
242 1636 279 1674 eo
291 1605 436 1694 apparet,
459 1612 605 1691 quod'itli
624 1634 640 1672 e
657 1625 722 1672 tota
741 1613 867 1673 Graecia
887 1612 996 1673 delecti
1016 1609 1173 1694 optiniates
1192 1612 1246 1671 de-

85 1701 227 1761 cennium
253 1721 344 1757 unam
371 1697 460 1756 Asiae
485 1697 591 1757 urbem
617 1698 770 1768 obsessam
795 1698 844 1756 vix
870 1711 1032 1779 ceperunt:
1057 1699 1184 1757 bivero
1211 1715 1247 1756 ex
1281 1719 1287 1729 ‘

84 1785 228 1846 universo
255 1785 420 1843 Persarum
437 1782 517 1864 regis
543 1781 669 1863 imperio
696 1782 755 1841 buc
780 1783 949 1863 proiectum
976 1783 1158 1856 exercitum,
1193 1779 1247 1863 qui
1289 1834 1292 1844 ,

87 1882 205 1939 caetera
223 1869 325 1926 omnia
342 1879 558 1948 prostraverat,
575 1867 633 1954 sqli
652 1888 713 1926 nou
728 1869 820 1928 modo
841 1869 1033 1948 repulerunt,
1051 1869 1102 1936 sed
1122 1867 1248 1927 iniuria·
1287 1888 1307 1942 j

40 1951 46 1961 ’
86 1977 154 2014 rum
175 1952 262 2013 etiam
282 1954 409 2019 caeteris
424 1951 568 2012 factarum
585 1951 698 2032 poenas
717 1953 754 2012 ab
772 1973 809 2012 eo
829 1964 1000 2035 exegerunt
1035 1951 1248 2013 ·Grassationi-
1342 1992 1349 2004 ι

55 2095 57 2099 .
87 2040 144 2099 bus
164 2039 235 2098 item
251 2038 438 2103 Graecorum
456 2038 536 2096 inter
553 2058 584 2096 se
603 2037 716 2096 mutuis
736 2037 928 2112 obsistentes,
948 2037 1058 2110 omnia,
1077 2058 1152 2117 quae
1170 2036 1247 2097 inci·
1276 2094 1279 2099 ⁴

51 2118 54 2123 ’
88 2125 178 2195 dere,
204 2122 337 2203 pericula
361 2121 537 2193 subierunt,
568 2144 664 2201 aqua
678 2135 762 2201 parte
779 2122 825 2182 ius
845 2136 876 2184 et
893 2144 1021 2202 aequum
1039 2134 1146 2193 staret,
1180 2143 1274 2181 cum·
1335 2149 1351 2172 s

87 2209 138 2267 illa
163 2229 195 2266 se
221 2208 456 2288 coniungentes,
483 2203 639 2269 donecssad
658 2206 735 2265 hanc
753 2205 879 2276 aetatem
903 2208 996 2267 series
1020 2206 1247 2287 temporis'nos
1303 2277 1308 2283 .

88 2292 236 2374 perduxit
270 2290 494 2350 Nemo'autem
519 2288 630 2370 putet,
646 2310 711 2364 me,
735 2294 905 2371 quodnon
924 2292 1083 2364 haberem,
1110 2313 1186 2371 quae
1211 2291 1248 2350 de
1321 2320 1336 2361 g

46 2369 52 2378 Χ
88 2377 215 2459 singulis
235 2376 342 2434 horum
362 2375 421 2434 dici
440 2387 575 2455 possent,
594 2374 647 2434 has
665 2396 712 2435 res
732 2389 829 2458 gestas
849 2397 1038 2444 enumerasse
1057 2374 1140 2456 (nam
1158 2388 1194 2436 ut
1211 2377 1249 2435 ad
1307 2384 1315 2404 ⁰

91 2461 258 2521 orationem
282 2460 496 2519 inveniendam
515 2460 650 2519 omnium
674 2461 798 2520 minime
822 2461 877 2521 sim
902 2475 1034 2541 paratus:
1059 2460 1180 2523 illorum
1204 2473 1251 2520 ta·
1288 2471 1293 2479 ‘

90 2569 158 2605 men
176 2546 271 2604 virtus
290 2546 353 2626 ipsa
371 2544 498 2604 illustria
517 2545 608 2604 multa
626 2547 814 2626 suppeditat,
847 2566 923 2626 qnae
943 2543 1022 2605 etin
1039 2559 1161 2627 promtu
1179 2558 1270 2615 sunt,

90 2644 121 2690 et
146 2629 287 2710 explicari
313 2630 398 2688 facile
421 2628 578 2711 possunt):
603 2631 656 2688 scd
681 2631 756 2690 mibi
779 2631 969 2712 propositum
996 2643 1058 2706 est,
1083 2619 1250 2691 nobilitatis

88 2735 251 2793 rerumque
270 2713 463 2799 maximarum
481 2715 557 2774 facta
575 2710 750 2788 mentione,
783 2738 871 2795 quam
891 2715 1045 2774 celerrime
1064 2717 1251 2798 coniungere

57 2840 64 2850 ·
91 2801 259 2860 orationem
279 2821 346 2858 cum
365 2800 456 2858 rebus
475 2798 583 2859 borum
602 2800 705 2881 gestis,-
722 2813 774 2880 ut,
785 2800 1038 2880 quemadmodum
1055 2801 1125 2861 illos
1144 2801 1250 2860 eodem
1304 2875 1306 2878 ι
1356 2848 1358 2850 .

89 2885 202 2968 gerere
220 2896 326 2944 natura
345 2884 493 2957 devinxit,
518 2885 558 2943 ita
578 2884 666 2944 etiani
685 2885 896 2945 communibus
911 2907 931 2944 a
949 2890 996 2944 me
1014 2885 1154 2946 laudibus
1167 2885 1252 2961 celes

91 2971 233 3030 beentur:
253 2969 336 3048 quod
355 2969 503 3042 existimo,
521 2969 722 3051 gratissimum
736 2971 825 3031 etiam
845 2970 919 3042 illis,
933 2991 966 3029 ac
984 2970 1085 3050 potius
1104 2971 1252 3050 utrisque,

56 3054 60 3066 “
92 3076 157 3116 esse
176 3054 324 3127 futurum,
342 3055 367 3113 si
385 3055 465 3113 inter
479 3069 514 3113 ‘se
533 3075 596 3113 non
615 3055 681 3134 ipso
699 3067 816 3114 tautum
836 3069 915 3125 ortu,
934 3055 985 3113 scd
1005 3054 1252 3114 laudibus·etiam

91 3141 204 3200 virtute
228 3160 281 3198 sua
307 3161 343 3197 ex
368 3160 465 3217 aequo
489 3138 634 3207 fruantur.
662 3139 793 3201 Necesse
811 3148 910 3200 autem
931 3151 994 3211 est,
1018 3152 1067 3214 ut,
1091 3153 1253 3218 antequam

91 3225 202 3283 borum
221 3224 354 3283 virorum
373 3223 504 3283 facinora
523 3245 747 3298 commemoro,
782 3225 894 3304 aliquid
914 3224 1103 3305 interponam
1123 3223 1254 3285 orationi
1297 3248 1305 3254 ·

92 3331 197 3380 meae,
216 3323 246 3369 et
264 3309 301 3368 ab
319 3309 361 3368 eis
369 3353 388 3383 ,‚
398 3308 451 3388 qui
469 3308 618 3368 defunctis
638 3309 728 3369 alieni
745 3297 783 3368 in¹
795 3310 886 3369 funus
905 3305 1100 3392 prodierunt,
1119 3309 1254 3380 benet-o,

91 3395 217 3454 lentiam
236 3407 344 3473 petam.
356 3412 364 3425 ‘
378 3393 463 3451 ⁴Nam
481 3394 507 3452 si
524 3393 598 3452 mibi
616 3394 646 3453 id
662 3395 799 3456 muueris
817 3407 898 3454 esset
915 3388 1037 3467 datum,
1066 3408 1101 3454 ut
1117 3395 1255 3476 sepultu-

47 3494 50 3499 '
91 3479 221 3539 ramuel
241 3478 462 3560 magnificentia
480 3491 650 3552 sumtuum,
684 3481 733 3540 vel
756 3480 860 3559 aliquo
878 3479 1050 3559 spectaculo
1069 3479 1255 3560 equestrium
1286 3531 1291 3543 ,
1322 3492 1323 3497 ’

55 3595 58 3599 ,
93 3563 342 3649 gymnicorumve
361 3563 557 3622 certaminum
577 3565 771 3624 adornarem:
791 3586 852 3644 quo
871 3564 1035 3623 studiosius
1055 3577 1085 3624 et
1103 3564 1256 3624 liberalius

93 3672 128 3710 ea
152 3648 381 3720 instruxissem,
407 3669 458 3721 co·-
469 3648 564 3730 magis.
585 3648 717 3716 functus
733 3641 797 3730 esse
820 3650 940 3709 viderer
957 3649 1067 3723 osfiqio.
1102 3649 1169 3709 Sed,
1188 3671 1256 3722 cum
1292 3689 1295 3695 -
1353 3721 1356 3724 Δ

93 3735 169 3793 baec
187 3734 262 3792 mihi
280 3737 378 3814 partes
396 3732 557 3792 attributae
576 3733 654 3807 sint,
671 3747 706 3793 ut
723 3733 816 3794 hosce
834 3734 914 3794 viros
933 3734 1032 3794 verbis
1052 3756 1173 3793 ornem:
1198 3734 1258 3794 nisi

94 3817 267 3880 auditorum
286 3818 384 3877 studia
404 3817 478 3876 mihi
496 3817 716 3900 suffragentur,
736 3831 858 3892 uereor,
875 3840 991 3899 nequo
1010 3818 1259 3889 maioremadbi-

47 3946 53 3953 -
94 3906 192 3963 buero
212 3903 416 3986 diligentiam,
435 3923 473 3962 eo
492 3903 591 3962 minus
607 3905 672 3963 voti
691 3925 819 3984 compos
833 3905 911 3964 fi'am.
927 3905 1002 3965 Nam
1022 3917 1054 3964 et
1070 3904 1210 3978 divitiae,
1228 3915 1260 3964 et

94 3989 257 4060 velocitas,
276 4002 307 4047 et
324 3987 420 4060 vires,
439 4000 470 4048 et
487 4008 563 4067 quae
581 4002 655 4049 sunt
672 3990 737 4048 eius
755 3989 875 4071 generis
893 3989 959 4063 alia,
978 3989 1088 4048 uberes
1107 3989 1168 4048 suis
1187 4006 1277 4070 pos-¹

71 4100 75 4104 Α
96 4073 267 4132 sessoribus
286 4074 401 4132 fructus
419 4073 629 4155 suppeditant,
654 4096 711 4134 nec
729 4075 834 4134 alienis
853 4074 1043 4136 adminiculis
1063 4087 1169 4157 egent,
1192 4086 1260 4134 cnm

95 4179 152 4240 per
170 4159 284 4238 seipsa
302 4157 449 4217 excellant
465 4156 497 4217 in
517 4157 579 4231 bis,
598 4159 707 4238 quibus
726 4160 852 4233 adsunt,
869 4161 987 4220 tametsi
1006 4159 1082 4219 alios
1100 4178 1190 4220 nemo
1208 4181 1261 4221 ve·
1284 4170 1347 4227 392

96 4243 149 4303 lit:
175 4254 205 4301 at
229 4243 313 4322 lepos
337 4241 483 4302 orationis
508 4243 695 4305 audientium
715 4244 803 4306 etiam
829 4245 927 4305 studia
949 4243 1086 4324 requirit
1118 4246 1262 4320 Quorum
1288 4247 1291 4257 '
1351 4287 1356 4303 .

99 4347 176 4408 ope,
208 4326 396 4408 quamvis'ea
414 4326 609 4390 mediocriter
617 4330 770 4418 explicata
787 4325 897 4406 luerit,
928 4342 965 4408 et,
978 4328 1105 4413 gloriam
1122 4329 1271 4393 conciliat
