2722 4754
359 163 937 278 cxo‘nomcottcrouou.
999 156 1002 160 ’
1173 168 1233 227 ost
1272 238 1296 257 ,ἱ

62 298 173 384 Nemo
199 347 335 406 unquam
360 325 488 385 fortasse
511 335 647 385 vestrum
672 322 837 402 quaesivit,
870 317 1094 395 Athenienses,
1129 335 1235 394 quam·
1303 339 1310 344 ·

66 412 173 479 obrem
193 404 360 481 calamitosi
370 410 492 475 rectius,
508 431 597 489 quam
613 409 765 487 fortunati
782 407 844 467 suis
861 404 954 465 rebus
972 402 1141 467 consulant,
1160 399 1236 465 Eius

50 509 172 578 ,autern
187 495 233 556 rei
248 495 308 555 alia
323 502 414 576 *causa
432 492 516 554 nulla
535 506 589 567 cst,
607 493 667 557 nisi
686 494 769 572 quod
781 492 828 563 ¹ita
846 491 891 562 fit,
907 488 992 566 uthi
1010 505 1115 567 neque*
1129 483 1236 547 sormi.

45 629 47 634 2
67 578 143 642 dent
161 580 339 660 quicquam,-
367 599 487 658 neque,
517 578 542 637 si
562 577 715 660 quispiam,
728 575 863 658 pericula
881 580 1115 644 commemoret,
1130 627 1132 631 .
1148 568 1238 637 easad

67 664 273 746 sepertinere
291 676 415 745 putent:
434 663 503 722 illos
517 669 624 725 recens
640 661 739 725 adhuc
755 673 922 737 erratorum
940 656 1096 729 memoria,
1114 654 1239 737 quando

67 752 101 812 in
119 750 219 809 clades
237 747 420 822 inciderunt,
432 745 603 828 ,prudentes
622 748 660 807 ad
679 759 795 811 caetera
815 757 845 805 et
862 743 1036 821 moderates
1056 740 1157 801 eflicit.
1176 742 1238 820 lam

66 835 237 917 proborum
254 833 415 900 hominum
433 832 568 899 officium
587 844 651 905 est,
680 834 748 897 cu'm
766 831 889 891 fortuna
906 840 1039 888 utuntur
1054 825 1238 887 secundissi-

69 943 127 999 ma,
152 931 217 978 tum
242 930 392 997 summunt
412 900 529 976 habere
553 916 721 983 modestiae
744 915 896 977 studium:
922 933 1023 992 neque
1048 910 1127 970 enim
1153 911 1239 990 quic-⁴

69 1025 161 1085 quam
178 1016 238 1074 tam
256 1001 448 1063 formidabile
467 1015 528 1073 est,
541 1002 622 1083 quin
640 1000 795 1084 vigilantia
813 998 1000 1081 praecaveri,
1022 1016 1124 1076 neque
1141 996 1240 1057 ullum
1320 993 1330 1001 ”

69 1089 180 1148 malum
200 1100 263 1161 est,
295 1086 370 1167 quin
389 1087 587 1151 oscitantibus
605 1087 726 1153 evenire
745 1086 849 1166 possit
884 1086 966 1143 Haec
990 1103 1060 1142 uon·
1071 1080 1141 1142 ideo
1161 1080 1241 1152 dico,

69 1187 105 1233 ut
122 1193 176 1233 vos
194 1173 305 1231 frustra
322 1165 582 1252 perterrefaciant:
600 1173 655 1233 sed
671 1184 779 1245 utne,
797 1166 987 1229 successibus
1006 1166 1078 1228 istis·
1091 1162 1177 1240 elati,
1196 1185 1241 1238 ea,

71 1279 148 1337 quae
166 1257 301 1317 incidere
312 1250 462 1336 possent,
479 1255 540 1315 nisi
558 1270 644 1317 caute
662 1277 712 1331 res
730 1252 957 1327 administratis,
974 1250 1125 1332 pericula,
1142 1251 1169 1311 si
1180 1269 1256 1328 voa.

70 1344 117 1411 bis
143 1341 278 1423 exposita
302 1340 432 1415 luerint,
459 1332 676 1415 contemnatis,
703 1354 735 1400 et
751 1341 817 1399 sine
834 1338 900 1398 ullo
919 1337 1031 1410 malou
1045 1337 1242 1416 quemadmo-

71 1429 143 1486 dum
162 1447 215 1486 eos
234 1426 337 1499 decet,
357 1425 410 1505 qui
428 1445 460 1484 se
478 1426 600 1485 nemine
618 1426 804 1506 posteriores
822 1421 977 1504 perhiberi
994 1421 1120 1497 volunt,
1138 1418 1242 1480 sobrie

70 1512 299 1592 prudenterque
318 1511 454 1570 caveatis.

482 1693 826 1702 mmm...-

71 1822 153 1906 Non
171 1844 252 1906 idem
270 1856 390 1926 tempus
401 1863 476 1905 esse
495 1844 653 1918 existimo,
668 1844 905 1923 ⁴Athenienses,
936 1857 967 1907 et
984 1841 1173 1928 gratificandi
1188 1860 1244 1902 vo·
1295 1881 1297 1885 -

27 1988 32 1995 .
72 1934 137 2006 bis,
165 1942 195 1990 et
220 1950 271 2004 ea,
297 1951 374 2011 quae
398 1929 473 1989 mihi
492 1930 605 2009 optima
623 1931 704 1989 factu
722 1931 898 2005 videantur,
924 1929 1112 1995 consulendi.
1144 1928 1245 2008 »Saepe

74 2018 156 2079 enim
174 2014 281 2088 video,
295 2016 328 2074 vsi⁴
343 2015 411 2094 quis
424 2027 549 2095 ‘praeter
566 2014 658 2074 animi
676 2015 857 2076 sententiam
876 2015 907 2074 in
926 2010 1076 2094 aliquare
1095 2012 1248 2096 gratificea

73 2116 144 2175 tur,
163 2100 202 2158 id
221 2099 522 2180 maiores'peperisse
540 2098 847 2182 inimicitias,''quam
866 2100 892 2159 si
910 2101 1010 2160 statim
1029 2101 1066 2159 ab
1084 2098 1174 2159 initio
1193 2097 1246 2156 ad'-

74 2197 211 2248 versatus
231 2197 318 2244 esset
343 2185 471 2258 Quodsi
482 2203 588 2243 omnes
606 2184 638 2241 in
658 2185 762 2243 eadem
782 2176 931 2244 sententia
951 2185 1072 2243 essetis:
1090 2202 1201 2263 neque,
1214 2181 1247 2242 'si
1268 2183 1331 2242 430

74 2271 152 2332 mihi
176 2269 311 2329 officium
336 2269 435 2328 facere
463 2267 660 2342 videremini,
690 2269 867 2348 prodirem,
899 2289 1155 2350 supervacaneum
1182 2275 1247 2327 c'sse

76 2356 267 2428 existimans,
285 2353 349 2427 his,
367 2353 421 2432 qui
438 2374 492 2411 sua
510 2362 638 2433 sponte,
658 2373 735 2431 quae
755 2365 920 2433 oporteret,
938 2352 1090 2427 facerent,
1110 2352 1248 2423 suadere,

75 2460 177 2520 neque
197 2437 304 2515 etiam,
333 2438 360 2497 si
380 2456 428 2497 res
447 2437 535 2496 aliter
553 2459 584 2496 se
604 2437 736 2497 haberet
772 2437 869 2520 Magis
887 2437 968 2497 enim
987 2437 1168 2518 meipsum,
1194 2435 1248 2516 qui

76 2547 157 2586 unns
176 2523 249 2596 sim,
274 2522 433 2607 ignorare,
453 2543 530 2603 quae
549 2523 662 2602 optima
681 2521 759 2594 sint,
778 2544 868 2602 quam
884 2543 939 2582 vos
960 2536 1065 2582 omncs
1085 2516 1249 2582 crederem.

78 2610 159 2685 Quia
177 2624 250 2667 vero
269 2607 383 2681 video,
405 2619 539 2666 vestrum
558 2606 633 2665 alios
651 2607 792 2666 assentiri
810 2606 903 2681 mihi,
919 2607 1092 2678 ¹dissentire
1111 2604 1147 2665 ab
1167 2600 1248 2666 aliis':

77 2714 200 2776 operam
219 2691 319 2765 dabo,
347 2705 398 2763 ut,
417 2691 472 2750 his
490 2688 775 2770 adstipulatoribus,
804 2686 941 2751 caeteros
958 2691 989 2751 in
1008 2713 1104 2751 meam
1123 2700 1249 2752 senten'-

77 2781 151 2839 tiam
170 2776 349 2857 pertraham.
378 2770 580 2850 Qnodsinori
599 2775 830 2835 auscultandum
847 2777 1003 2858 putabitis,
1022 2798 1086 2837 non
1103 2773 1249 2836 recte'l'a-

78 2864 182 2940 cietisq
207 2862 255 2920 sin
280 2861 384 2921 audire
412 2881 480 2919 cum
503 2859 626 2920 silentio
652 2868 716 2919 non
740 2861 917 2942 gravemini,
944 2861 1123 2921 alterutrum
1149 2852 1196 2922 ex¹
1212 2880 1249 2918 eo
1297 2889 1299 2892 ⁴

36 2985 44 2992 -
79 2946 274 3008 commodum
292 2946 474 3027 percipietis.
500 2946 565 3005 Ant
583 2945 673 3019 enirn,
692 2942 718 3004 si
737 2947 811 3024 quid
823 2947 908 3017 utile*
924 2947 1050 3012 suadere
1068 2945 1250 3019 videbimur,

79 3034 111 3093 id
129 3030 372 3110 amplectemini,
398 3043 451 3089 aut
467 3030 500 3088 in
519 3051 569 3102 ea,
580 3042 582 3049 '
593 3032 683 3108 quam
702 3029 853 3109 probatis,
878 3030 1029 3091 sententia
1046 3029 1162 3090 firmius
1180 3042 1251 3110 per:
1279 3082 1281 3090 ,

81 3115 250 3178 manebitis.
274 3114 351 3173 Nam
367 3115 392 3174 si
409 3137 457 3175 eas
469 3115 614 3189 rationes,
632 3118 759 3194 propter
775 3136 860 3194 quas,
876 3128 980 3174 nostra
996 3115 1153 3196 opinione,
1172 3135 1251 3175 non-

81 3198 300 3272 nihilerratis,
329 3198 443 3259 nullius
462 3220 529 3268 esse
546 3199 695 3259 momenti
713 3199 883 3280 apparebit:
913 3216 989 3279 quae
1008 3221 1090 3260 nunc
1108 3199 1252 3272 statuitis,
1271 3195 1281 3211 ”

76 3282 146 3367 ‘nixi
163 3282 334 3346 rationibus
353 3284 481 3366 eligetis.
826 3294 829 3301 '
1111 3294 1113 3298 '

451 3458 856 3486 ‚mhi—h.

60 3595 231 3692 ‘Vellem,
251 3615 481 3693 Athenienses,
511 3633 665 3698 quantam
679 3619 736 3679 iste
763 3614 1013 3700 approbationem
1036 3630 1089 3681 su'a
1114 3620 1253 3681 oratione

36 3789 39 3793 .
87 3706 350 3778 c'onsecutus'es't,
363 3716 490 3764 'tantam
507 3715 584 3779 'eum
605 3705 728 3763 laudem
747 3704 781 3775 in
796 3705 868 3784 ipsis
887 3704 978 3765 rebus
997 3706 1138 3787 gerendis
1157 3705 1255 3786 adipi-

87 3793 146 3854 sci:
172 3809 241 3848 nam
259 3789 423 3869 nequeei,
449 3791 522 3849 deos
545 3802 661 3861 testor,
679 3789 763 3848 male
781 3789 882 3863 volo,
899 3803 929 3850 et
952 3789 1039 3850 'vobis
1058 3792 1137 3857 bene
1156 3791 1254 3871 cupio.
1307 3848 1318 3858 ,

89 3878 150 3946 Sed
167 3873 288 3946 videte,
307 3872 535 3947 Athenienses,
561 3895 600 3934 ne
619 3873 659 3933 sit
676 3873 776 3948 aliud,
798 3874 971 3946 orationem
990 3875 1100 3935 habere
1120 3895 1266 3934 commm-

39 4015 48 4027 ,
89 3965 174 4031 dam,
192 3959 285 4031 aliud,
302 3958 424 4040 negotia
444 3959 577 4040 deligere
594 3958 769 4038 profutura:
786 3976 862 4018 neve
880 3959 956 4018 illud
977 3962 1105 4020 oratoris
1124 3960 1257 4033 sit,'boc
1299 3978 1303 3984 ·

58 4063 61 4069 “
89 4044 223 4107 hominis
242 4043 359 4102 cordati
377 4043 519 4111 officium.
538 4048 601 4102 Vos
620 4042 714 4124 igitur
730 4041 853 4121 plebeii,
871 4044 1053 4123 maximique
1070 4058 1143 4105 natu
1161 4044 1257 4125 inpri-

90 4133 166 4202 mis,
192 4128 312 4187 dicendi
333 4127 476 4187 facultate
501 4127 625 4187 summis
652 4127 825 4187 oratoribus
849 4148 935 4207 pares
962 4149 1027 4189 esse
1052 4151 1116 4190 non
1141 4130 1257 4190 debetis

91 4215 176 4301 (nam
196 4212 226 4271 id
246 4233 367 4290 corum,
385 4211 438 4291 qui
456 4226 528 4272 sunt
545 4211 717 4286 exercitati,
736 4233 851 4271 munus¹
866 4211 942 4295 est),
961 4214 1014 4274 sed
1031 4214 1191 4296 prudentia
1210 4214 1257 4275 vel

91 4316 223 4382 aequare
250 4317 320 4371 eos,
346 4297 394 4357 vel
417 4296 520 4378 potius
545 4300 686 4379 superare
694 4318 720 4356 a·
729 4317 800 4357 nam
826 4297 1011 4381 experientia
1033 4300 1259 4380 multarumque

607 4566 617 4603 l
