2722 4754
292 171 343 202 ·’
312 159 1022 282 ,μιιιιιοειιιιιιιιιόιιίιο
1066 172 1073 189 “
1161 136 1203 156 ,„

71 318 73 320 ’
112 313 119 333 Ι

40 358 43 363 ’
65 380 70 389 =
143 361 237 421 trem,
261 347 352 406 vitam
371 357 510 432 agentem
528 345 712 407 luxuriosam
731 360 763 407 et
780 361 981 420 sumtuosam,
1004 361 1040 408 ut
1056 326 1202 408 vestrum
1210 348 1306 408 senio-

33 449 35 456 *
74 483 75 486 ,
143 455 191 494 res
211 432 422 493 meminerunt.
440 425 609 492 Profecto
601 433 695 514 agitur
713 435 749 491 ad
769 454 832 491 eam
850 433 1047 516 Phrynione',
1054 434 1230 492 orationem
1248 434 1303 492 Eu

144 517 232 579 cratis
252 531 282 576 et
299 517 557 576 Timanoridae
531 539 569 575 er
577 519 679 590 refert,
697 519 747 576 dat
765 531 933 602 argentum,
952 521 1035 598 quod
1053 518 1090 578 ab
1110 512 1178 576 aliis
1198 531 1304 577 amato

141 605 225 663 ribus
244 588 351 662 tribul
327 602 351 660 tr
369 602 493 671 nomine
513 616 669 684 exegerat,
695 604 820 662 collecta
839 604 878 661 ad
894 603 1065 663 libertatern
1093 603 1304 681 conquirenda,

49 765 51 770 Ι
127 701 174 749 ,et
192 711 217 747 ιι
208 687 336 767 ‘'quid
327 709 390 767 apsa
409 687 487 746 forte
513 701 729 788 comparserat,
756 708 885 766 eumque
904 702 1008 768 rogat,
1035 701 1071 746 ut
1087 688 1209 766 reliquo
1228 688 1302 746 adie-

96 787 105 794 '
142 784 203 845 cto,
222 773 305 852 quod
324 773 443 831 deesset
460 773 568 856 uiginti
587 769 686 844 minis,
705 794 759 852 pro
780 795 811 830 se
824 773 946 831 Eucrati
961 787 990 832 et
1004 772 1228 845 Timauoridae,
1247 795 1301 851 quo
1328 827 1331 831 .

63 921 65 925 ,
141 859 331 930 liberaretur,
350 871 529 917 numeraret.
547 857 675 936 Quibus
692 857 751 915 ille
761 857 860 924 verbis
878 857 1011 917 libenter
1028 858 1151 928 auditis,
1170 871 1302 937 accepto-

76 998 82 1005 ,
97 952 101 957 ’
143 965 214 1024 que
210 956 355 1027 argento,
374 943 469 1022 quod
470 942 618 1001 mulieris
635 943 759 1001 caeteris
774 942 957 1002 amatoribus
972 933 1115 1003 collatum
1126 954 1205 1010 erat,
1220 955 1255 1000 et
1260 964 1300 1021 eo,

142 1030 233 1109 quod
245 1029 363 1099 deerat,
378 1029 419 1101 de
438 1028 650 1098 suoadieeto,
676 1027 784 1108 viginti
803 1028 917 1100 minas,
936 1028 999 1086 eius
1019 1029 1172 1108 pretium,
1180 1028 1300 1087 Eucmti

51 1121 59 1194 f
83 1122 98 1175 ’,
141 1071 401 1186 ethimauoiidae
420 1126 559 1171 numerat
577 1134 633 1192 pro
646 1112 800 1183 libertate,
819 1134 914 1191 eaque
933 1115 1122 1188 conditione,
1142 1124 1177 1170 nt
1195 1133 1232 1170 ne
1248 1109 1299 1170 Co-

140 1199 235 1258 rinthi
254 1210 411 1278 quaestum
430 1198 550 1256 faceret.
568 1199 607 1256 Et
620 1211 655 1257 ut
668 1218 738 1256 aera
758 1219 804 1256 me
823 1198 928 1273 dicere
939 1199 1143 1279 cognoscatis,
1162 1196 1241 1255 huuc
1253 1219 1299 1267 vo,

76 1334 82 1340 ,
140 1285 199 1370 bis,
217 1284 269 1367 qui
283 1282 441 1357 interfuit,
453 1295 561 1381 testem
579 1283 706 1343 vocabo,
730 1285 807 1364 Age,
826 1304 899 1342 voca
918 1281 1098 1364 Plrila‘grum·
1111 1281 1299 1341 Melitensem.

465 1412 972 1496 xrasatmourum.

134 1545 147 1589 'J
226 1535 369 1617 Philager
394 1498 565 1596 Melitensis
596 1549 744 1607 testatur,
779 1537 955 1596 interfuisse
981 1558 1012 1596 se
1040 1533 1203 1626 Corinthi,
1240 1558 1297 1595 cum
1342 1560 1345 1565 ’

47 1671 55 1692 ,
141 1621 294 1705 Phrydio,
320 1621 517 1680 Democharis
544 1622 650 1693 frater,
677 1622 798 1703 viginti'
804 1623 898 1682 minas
917 1622 972 1702 pro
991 1607 1131 1693 Neaerai,
1152 1642 1229 1678 nunc
1245 1643 1297 1692 rea,
1329 1673 1332 1681 .

54 1715 56 1728 '
140 1716 315 1778 nurneraret
330 1704 543 1765 Timanorittae
563 1703 724 1771 Corinthio
744 1719 775 1766 et
791 1706 914 1766 Euerati
931 1708 1101 1780 Leucadio,
1122 1718 1296 1787 argentoque

93 1783 101 1793 ”
141 1803 300 1851 numerato
319 1790 586 1850 Neaeramsseeum
605 1793 740 1851 Athenas
759 1793 909 1851 aveheret.
992 1797 994 1800 ’

56 1880 118 1935 367

169 1865 412 1935 Profectus
401 1875 496 1957 agitur
510 1874 569 1935 hue
586 1897 650 1935 eam
666 1877 838 1956 petulanter
852 1890 882 1936 et
894 1889 1036 1957 proterve
1051 1875 1168 1948 habuit,
1187 1875 1222 1934 ad
1239 1894 1299 1933 coe

54 1962 57 1979 ¹
79 2037 87 2045 ἃ
139 1957 203 2033 ιιιι,
218 1963 257 2020 ad
277 1960 449 2040 potationes
469 1982 653 2040 quoeunque
672 1980 779 2022 secum
792 1954 934 2021 adduxit.
941 1961 1090 2042 Semper
1082 1961 1178 2042 igitur
1189 1982 1254 2018 curn
1273 1982 1301 2018 ea

120 2119 124 2125 Ἴ
140 2044 375 2117 romessabatur,
390 2066 517 2125 remque
529 2047 637 2126 palam,
650 2047 827 2126 ubieunque
841 2059 904 2106 erat
918 2046 1050 2120 libitum,
1069 2046 1220 2117 habebat,
1226 2046 1301 2124 quod

141 2135 205 2191 earn
224 2130 391 2189 licentiam
387 2131 475 2210 apud
487 2144 679 2211 spectatores
699 2132 780 2191 laudi
799 2132 858 2191 sibi
877 2134 1008 2194 duceret.
1043 2131 1229 2190 Addneebat
1245 2151 1301 2188 eam

83 2272 87 2279 .
134 2206 341 2297 'comessatum
369 2237 436 2274 cunr
455 2215 491 2273 ad
510 2216 584 2275 alios
612 2217 741 2288 multos,
767 2230 830 2276 turn
851 2218 886 2276 ad
906 2213 1065 2276 Chabriam
1085 2217 1304 2288 hexonensem,

66 2367 72 2378 ¹
140 2325 208 2373 oum
227 2302 271 2373 is,
288 2296 467 2359 Socratide
462 2310 641 2380 praetore,
638 2302 801 2384 quadrigis
821 2302 929 2385 Prthia
947 2303 1085 2372 vicisset,
1105 2315 1177 2380 quas
1195 2313 1303 2360 emerat

55 2445 59 2450 ,
82 2411 84 2415 ·
113 2384 277 2471 'aMityis
295 2385 401 2467 Argivi
419 2384 556 2458 liberis,
571 2399 609 2449 et
619 2387 745 2466 Delphis
764 2362 894 2446 redieirs'
904 2387 1034 2468 epulas
1024 2406 1057 2445 tn
1077 2382 1243 2450 Colinde
1218 2405 1300 2464 prae-

66 2534 69 2538 ,
124 2473 227 2533 Ιιιιιιι
245 2476 371 2553 propter
388 2471 552 2539 victoriam.
588 2472 637 2530 lbi
652 2484 683 2530 et
702 2472 753 2531 alii
771 2473 870 2531 multi
877 2494 946 2531 cnm
966 2493 999 2531 ea
1019 2472 1116 2571 ebria,
1136 2471 1302 2529 dormiente

139 2558 409 2641 Phrynione,reri1
428 2556 609 2628 habuerunt,
629 2570 660 2615 et
678 2553 807 2616 ministri
826 2554 993 2634 Chabriae,
1003 2557 1056 2636 qui
1075 2577 1208 2628 mensam
1229 2567 1301 2613 stru

37 2690 48 2707 ι,
139 2657 251 2704 xeraut
286 2644 468 2701 Haecame
485 2662 555 2702 vere
576 2642 636 2701 drcr
653 2655 689 2701 ut
714 2642 900 2728 intelligatis,
924 2655 1017 2702 testes
1036 2641 1124 2701 vobis
1143 2641 1302 2720 producam
1330 2651 1333 2655 '

55 2747 65 2754 ·
96 2776 99 2780 .
127 2751 204 2802 eos,
223 2751 292 2821 qur
267 2728 456 2799 uiderunt,
465 2725 578 2807 quique
596 2715 807 2786 interfuerunt
843 2727 1012 2809 Age,'voca
1031 2727 1106 2785 rn'ihi
1125 2722 1302 2784 Chionidem

42 2807 44 2812 ’
139 2806 408 2933 Xypetaeouem,
401 2824 431 2872 et
444 2811 666 2912 Euthetionem
685 2810 995 2930 Cydathenaeensem

344 2920 472 3023 it..
519 2935 933 3037 ιιιειιιιιοιιιιιΜ.

154 3018 391 3132 Chionides
419 3032 616 3150 Xypetaeon,
650 3066 819 3125 Euthetion
843 3028 1122 3148 Cydathenaeensis
1150 3076 1301 3134 testantur,
1335 3076 1342 3082 ·

79 3173 90 3187 ²
119 3171 171 3227 ⁴se
190 3163 313 3210 vocatos
339 3151 432 3210 fuisse
451 3153 510 3210 ad
514 3150 748 3224 coenam‚'cu1'n
769 3149 921 3210 Chabrias
936 3149 975 3209 ob
993 3150 1152 3209 victoriam
1182 3148 1301 3208 curtulis

43 3267 63 3296 ‘s
103 3233 106 3238 ”
140 3235 311 3296 certaminis
331 3237 453 3319 epulum
471 3237 640 3316 praeberet,
658 3235 859 3314 conrivioque
878 3234 910 3294 in
927 3224 1052 3294 Coliade
1073 3239 1232 3314 exceptos:
1250 3232 1301 3292 sei-

49 3318 51 3321 ’
76 3355 91 3376 ·.
108 3358 120 3400 ς
138 3327 233 3401 reque
252 3343 295 3395 se,
312 3322 534 3423 Phrynionem
539 3321 716 3380 adfuissem
735 3341 829 3381 coena
848 3320 928 3380 illius
947 3341 1048 3384 secum
1067 3322 1200 3379 'adducta
1212 3318 1300 3377 Neae-

135 3419 189 3480 ra,
208 3424 354 3487 ea,quae
373 3430 455 3467 nune
471 3405 676 3486 perrclrtetur
703 3419 734 3465 et
751 3427 782 3469 se
802 3406 964 3479 dormisse,
983 3419 1014 3465 et
1031 3404 1259 3488 Phrynronem
1277 3416 1303 3461 et

54 3564 60 3573 x
131 3488 301 3552 -Neaerarnr
320 3513 412 3571 seque
430 3492 577 3564 sensisse,
593 3505 685 3551 noctu
705 3499 902 3551 assurrexisse
919 3493 954 3550 ad
973 3492 1119 3550 Neaeram
1140 3503 1206 3549 turn
1224 3489 1309 3561 alios,

140 3591 204 3637 tum
223 3578 431 3638 ministrorum
450 3535 607 3658 quosdain,
626 3600 721 3656 qur
669 3573 844 3636 Chabriae
861 3575 940 3636 serti
959 3588 1085 3635 essent

176 3660 302 3736 Cum
322 3676 421 3722 autem
440 3663 613 3747 importune
633 3674 663 3721 et
681 3662 901 3720 contumeliose
918 3684 932 3720 a
948 3662 1113 3757 Phrynone
1133 3659 1303 3730 haberetur,
1337 3706 1340 3719 ,

68 3754 71 3762 ’
111 3797 113 3803 .
139 3769 214 3821 non,
231 3761 266 3807 ut
277 3761 412 3848 putarat,
430 3751 589 3820 arria'retur,
608 3768 709 3846 neque
722 3746 746 3805 is
762 3768 789 3804 er
781 3747 839 3805 ad
856 3760 961 3805 votum
976 3743 1216 3823 obsequeretur:
1236 3765 1304 3803 con-

83 3831 104 3839 ”
122 3846 238 3894 'vasata
257 3834 323 3906 eius
342 3833 541 3934 supellectile,
559 3845 589 3891 et
608 3853 684 3910 quae
701 3833 725 3890 is
741 3831 768 3890 ei
784 3833 961 3892 vestimenta
978 3843 1175 3910 compararat,
1194 3828 1304 3887 aureis-

83 3942 85 3947 ·
115 3941 199 3998 ¹qne
219 3919 436 3992 ornamentis,
450 3939 518 3976 cunr
538 3917 653 3976 duabus
672 3915 806 3989 ancillis,
830 3919 946 3975 'fratta
951 3928 982 3974 et
1000 3910 1159 3986 Cocalina,
1186 3916 1306 3996 Megara

97 4005 265 4089 ,jaufugi-t„
300 4006 333 4064 ld
353 4016 399 4063 est
424 3993 460 4062 eb
485 4015 623 4082 tempore
650 4002 779 4074 facturn,
805 4022 866 4081 quo
884 4001 990 4061 Astius
1015 4012 1187 4081 praeturam
1215 3999 1329 4082 gessit·

141 4079 288 4173 Athenis,
317 4111 376 4169 qua
393 4100 587 4187 tempestate
591 4108 645 4145 vos
670 4087 822 4166 posterius
840 4109 908 4146 earn
926 4085 1173 4145 lacedaemoniis
1193 4084 1304 4168 bellum

78 4239 83 4249 q
121 4191 123 4194 ⁴
141 4165 299 4254 gerebatis.
335 4170 555 4237 Commorata'
546 4171 667 4253 igitur
657 4172 786 4253 Megaris
806 4185 851 4231 est
869 4171 1043 4243 biennium,
1053 4183 1085 4230 et
1103 4169 1184 4229 Astii
1204 4182 1235 4229 et
1252 4170 1304 4227 ΑΙ-

141 4257 288 4337 eistheuis
311 4257 457 4341 praetoris
482 4278 610 4320 annum:
634 4277 701 4314 cum
727 4257 895 4341 quidem
868 4278 906 4315 er
921 4268 1062 4336 quaestus
1087 4255 1225 4336 corporis
1243 4274 1304 4312 non

44 4352 87 4410 'f'
137 4344 210 4409 satis
226 4344 412 4444 magbasad
431 4343 571 4406 alendam
595 4335 744 4448 familiana
765 4343 998 4425 domumque
971 4341 1183 4437 instruendam
1204 4339 1303 4417 copias
