2722 4754
102 175 220 239 „sss
422 142 791 239 ἰιιιιιοιιιιιιιιι
832 174 1056 240 uun-urm

101 328 223 410 quis
241 298 374 408 aliquem
394 289 561 403 detulisset,
580 350 637 389 nec
648 331 798 391 actionem
816 346 1060 413 persequeretur,
1079 345 1133 392 aut
1151 345 1325 414 persecutus

155 416 292 496 quintam
311 412 526 495 suffragiorum
544 429 659 495 partem
679 437 742 475 non
759 417 896 493 tulisset,
913 431 950 479 ut
966 418 1048 477 mille
1069 419 1229 478 drachmas
1247 439 1325 477 aera-

154 501 201 561 rio
221 500 367 558 solueret:
392 521 465 578 quas
484 500 537 587 qui
556 521 619 559 non
638 501 857 575 solvissentff
836 525 873 561 ns
886 504 1058 563 conciones
1076 503 1190 563 habere
1210 522 1273 561 non
1290 503 1324 560 ιι

155 597 244 656 cerct
263 583 365 645 Tertia
384 584 393 642 i
397 598 457 644 tem
475 578 524 645 lex
542 598 615 658 erat,
633 586 659 645 si
673 586 739 686 quis
759 587 890 686 aliquem
907 609 962 668 per
979 587 1122 646 iniuriam
1141 608 1277 649 asserere
1296 587 1325 646 in

154 669 325 741 libertatem
354 670 525 744 videretur,
558 684 594 730 ut
618 672 773 730 semissem
806 672 1023 732 aestimationis
1050 673 1168 732 aerario
1195 672 1325 731 deberet.

69 821 73 828 β
153 754 363 836 IlpicharesD
336 756 429 814 mitur
446 756 649 816 Theocrinem
669 757 795 829 detulit,
818 770 854 817 ut
872 780 925 836 qur
916 757 1060 818 “uerba
1052 779 1083 815 m
1102 757 1230 836 publico
1249 757 1332 816 sacer

114 911 116 914 Ι
153 852 210 912 ret,
229 841 358 919 quod
332 862 360 900 er
377 863 432 921 per
448 854 510 902 tres
533 843 622 902 hasce
640 841 723 924 leges
742 862 805 902 non
824 843 945 925 liceret:
953 844 1117 902 Miconem
1137 842 1225 901 enim
1240 843 1324 901 detu-
1351 875 1353 882 ·

103 923 241 1013 plisse,
268 938 302 985 ut
320 927 379 985 alio
399 927 584 986 frumentum
610 927 786 998 vehentem,
813 940 843 986 et
859 915 1096 1009 praevaricatum
1118 947 1201 986 esse.
1227 940 1261 985 et
1275 948 1324 985 cu-

115 1005 284 1070 *retorem
303 1033 319 1069 a
331 1007 500 1071 tribulibus
527 1010 772 1093 designatum,
763 1012 981 1072 rorationibus
1008 1012 1179 1072 referendis
1199 1012 1323 1090 pecula-

152 1109 201 1159 tus
221 1097 393 1154 ‹lamnatum
421 1118 486 1156 esse
505 1097 546 1155 ob
570 1118 635 1155 eam
656 1097 834 1177 pecuniam,
861 1119 937 1176 quae
964 1099 1069 1157 decem
1096 1098 1227 1156 heroum
1247 1118 1327 1158 sacra

153 1180 249 1241 esset:
278 1183 369 1239 tertio
389 1182 569 1240 Theocrinis
596 1194 710 1262 patrem
730 1183 762 1240 in·
787 1182 958 1241 libertatem
982 1183 1146 1243 asseruisse
1174 1202 1326 1261 perium

152 1267 226 1326 riam
243 1261 445 1345 Cephisodori
461 1267 610 1339 ancillam,
630 1281 661 1326 et
673 1268 846 1348 quingentis
867 1267 1014 1336 drachmis
1032 1289 1096 1328 eam
1113 1267 1234 1325 obrem
1250 1267 1322 1325 mul

147 1364 275 1411 etatum.
310 1351 452 1410 Harum
443 1352 538 1434 igitur
554 1373 657 1425 rerum
677 1353 787 1412 delatio
803 1352 856 1411 hic
875 1353 991 1435 agitur,
1010 1367 1041 1412 et
1058 1374 1147 1412 causa
1167 1351 1322 1410 manifeste

95 1495 99 1498 Α
153 1435 274 1518 publica
293 1448 346 1514 est.
370 1439 473 1516 ‚lpsam
493 1449 592 1496 autem
612 1436 782 1509 orationem
801 1437 946 1499 Dinarchi
966 1458 1030 1500 esse
1048 1438 1195 1519 plerique
1210 1449 1323 1516 putant,

153 1523 334 1602 quamquam
353 1522 599 1582 Demosthenicis
618 1522 698 1582 baud
716 1519 892 1582 absimilem.
928 1570 934 1579 ,

771 1778 784 1801 Χ

68 1861 130 1923 343
151 1825 285 1922 Patre
270 1874 394 1935 nostro,
421 1859 555 1933 ludices,
582 1845 638 1940 per
654 1859 860 1922 Theocrinem
887 1861 1053 1922 calamitate
1073 1859 1198 1941 publi‘cs
1216 1857 1321 1917 aflectu

153 1964 184 2011 et
202 1947 314 2007 decem
325 1946 445 2006 talentis
465 1945 626 2018 mulctato,
653 1967 748 2026 eaque
768 1950 889 2008 mulcta
905 1945 1131 2026 conduplicata,
1159 1956 1195 2002 ut
1213 1943 1321 2001 nullam

49 2048 55 2062 ‘
101 2061 102 2064 ¹
141 2033 256 2096 salutis
272 2052 355 2113 spem
367 2032 515 2111 reliquam
528 2030 701 2103 habeamus,
722 2033 897 2106 existimavi,
916 2034 981 2092 eius
995 2044 1096 2091 vestro
1110 2029 1263 2110 praesidio
1277 2028 1320 2086 ul-

152 2118 285 2194 ciscendi
302 2117 415 2199 gratia,
439 2137 496 2176 nec
513 2115 636 2188 aetatis,
660 2136 716 2174 nec
735 2118 902 2199 cuiuspiam
930 2117 1053 2177 alterius
1071 2116 1117 2174 rei
1135 2114 1254 2173 ratione
1273 2114 1320 2172 ha-

77 2242 80 2247 ·
152 2207 233 2284 bita,
254 2203 345 2261 istum
364 2202 518 2281 apudvos
538 2221 603 2260 esse
623 2202 829 2262 deferendum.
856 2205 955 2263 Pater
973 2202 1064 2274 enim,
1084 2201 1220 2272 ludices,
1239 2199 1320 2257 cuius

131 2288 332 2350 -auctoritate
351 2285 452 2345 omnia
458 2285 563 2359 secio,
581 2286 660 2364 apud
680 2306 784 2347 omnes
803 2289 963 2349 familiares
983 2284 1235 2367 quiritabatur,
1210 2306 1236 2343 sr
1256 2304 1321 2382 egq,

111 2443 114 2446 ,
152 2372 362 2470 praetermissa
381 2369 541 2430 occasione
559 2369 632 2442 hac,
651 2393 727 2449 qua,
747 2374 845 2432 dum
837 2395 901 2454 ipse
921 2372 1046 2434 adhuc
1037 2395 1068 2431 m
1088 2370 1160 2430 rivis
1180 2382 1240 2440 cst,
1260 2369 1319 2427 ini-

140 2461 265 2520 ‘micum
283 2456 388 2516 ulcisci
407 2476 545 2536 possem,
573 2456 767 2517 excusatione
792 2459 962 2540 imperitiae
988 2471 1079 2537 atque
1098 2455 1200 2520 aetatis
1219 2473 1319 2533 neque

131 2566 184 2618 ,se
203 2542 335 2603 fortunis
355 2541 503 2600 omnibus
515 2537 676 2621 spoliatum
696 2559 847 2617 curarem,
865 2564 966 2644 neque
984 2542 1197 2623 Theocrinem,
1217 2553 1317 2598 contra

150 2631 235 2712 leges
254 2639 453 2697 accusantem,
473 2637 503 2684 et
521 2625 678 2686 multos
651 2625 773 2726 civium,
792 2631 889 2708 quod
894 2652 922 2688 er
913 2629 1039 2688 'facere
1057 2646 1120 2685 non
1139 2625 1256 2696 liceret,
1274 2646 1317 2697 ca

104 2782 105 2787 ἵ
151 2713 368 2785 lumniantem,
395 2711 638 2794 reprimerem
627 2712 725 2771 Vos'
717 2713 810 2794 igitur
836 2735 956 2786 omnes,
974 2712 1199 2784 Athenienses,
1219 2731 1273 2769 urs
1290 2721 1318 2767 et

132 2799 310 2874 obtestor,
327 2809 363 2856 ut
381 2817 428 2856 me
447 2789 580 2877 benigne
598 2797 742 2871 audiatis,
758 2798 906 2897 primum,
931 2800 1014 2878 quod
1033 2812 1063 2858 et
1080 2804 1199 2877 patrem
1218 2797 1315 2854 delen-

153 2886 286 2946 denset
310 2881 402 2963 patris
428 2881 601 2942 auctoritati
626 2903 733 2960 parens
749 2883 788 2941 ·in
815 2883 873 2941 hoc
892 2882 1037 2943 iudicium
1062 2882 1170 2954 venio,
1203 2881 1316 2952 deinde,

108 2971 112 2977 ’
152 2971 237 3050 quod
262 2980 292 3028 et
317 2967 494 3027 adolescens
521 2988 588 3025 sum
614 2978 645 3025 et
669 2987 769 3025 rerum
788 2967 954 3047 imperitus
990 2959 1201 3043 Quamobrem
1224 2974 1313 3025 actum

151 3054 303 3154 praeclare
321 3073 439 3112 mecum
458 3051 640 3135 putabo,
616 3050 882 3124 s1,benevolentia
909 3065 1006 3112 vestra
1025 3054 1164 3124 iuvante,
1189 3051 1315 3110 facinora

96 3191 98 3199 .
151 3139 240 3200 istius
260 3151 375 3219 potero
402 3139 617 3198 demonstrare.
659 3137 784 3197 Praeter
801 3138 876 3196 haec
900 3138 939 3197 ob
959 3137 1034 3196 illud
1060 3136 1175 3208 etiam,
1196 3137 1316 3207 ludices,

96 3267 102 3271 -
154 3225 238 3305 quod
263 3225 401 3303 proditus
429 3246 495 3282 sum
513 3220 597 3305 (vera
616 3220 697 3281 enim
723 3223 810 3321 apud
819 3244 873 3282 vos
901 3220 1081 3302 dicentur)
1072 3221 1110 3278 ab
1136 3209 1315 3292 hominibus,

103 3325 110 3343 ι
154 3309 217 3388 qui,
236 3331 304 3367 cum
323 3309 365 3367 ob
382 3308 572 3379 inimicitias,
591 3329 664 3387 quas
683 3328 750 3365 cum
769 3308 828 3366 isto
849 3307 1038 3378 exercebant,
1057 3305 1149 3364 fidem
1168 3307 1247 3385 apud
1264 3326 1315 3363 nos

148 3393 356 3471 invenissent,
382 3392 543 3470 auditaque
562 3412 594 3449 re
614 3391 867 3470 subscriptionem
889 3405 920 3451 et
937 3405 1088 3451 strenuam
1110 3411 1233 3471 operam
1250 3409 1316 3469 pro-

109 3540 114 3546 ,
144 3478 325 3549 misissent,
351 3497 398 3535 me
418 3481 499 3535 nunc
518 3476 681 3548 destituto,
708 3497 776 3535 cum
794 3476 853 3535 isto
873 3474 903 3535 in
924 3481 992 3535 meo
1012 3475 1215 3535 discrimine
1207 3498 1237 3534 ιιι
1255 3497 1316 3554 gra-

73 3620 76 3629 ,
154 3564 225 3638 tiam
250 3561 414 3639 redierunt.
458 3562 569 3635 Quare
585 3581 675 3618 nemo
695 3573 755 3634 est,
782 3583 835 3640 qur
826 3561 927 3620 nnlu
945 3559 1170 3641 patrocinetur,
1198 3582 1257 3618 mss
1273 3581 1316 3617 me

152 3626 232 3709 sbrte
251 3647 490 3705 necessariorum
509 3645 618 3723 aliquis
637 3644 793 3704 adiuverit.
828 3647 873 3706 Ac
892 3647 994 3705 multis
1021 3644 1172 3723 quidem
1164 3657 1222 3703 iste
1241 3644 1316 3702 dela

152 3713 289 3794 tionibus
309 3731 459 3789 obnoxius
478 3730 545 3801 fuit,
564 3738 730 3808 omnesque
749 3731 843 3812 leges,
862 3751 938 3810 quae
959 3752 991 3790 ea
1011 3730 1047 3800 de
1067 3750 1100 3789 re
1120 3741 1238 3801 cavent,
1258 3729 1316 3788 vio-

81 3875 84 3878 .
151 3818 240 3879 lavit:
265 3816 507 3876 recentissimum
525 3827 625 3873 autem
644 3814 673 3872 ei
697 3814 864 3873 facinorum
883 3815 994 3897 navigii
1021 3813 1238 3873 indicationem
1258 3834 1317 3873 esse

151 3903 328 3984 reperimus.
363 3901 558 3980 Quapropter
572 3898 676 3959 haec
666 3922 698 3958 m
717 3900 870 3960 delatione
887 3899 1051 3980 perscripta
1070 3899 1146 3957 mihi
1164 3913 1251 3979 pater
1269 3901 1317 3958 de-

103 3989 205 4048 dit.
240 3988 286 4047 Ac
305 3986 436 4068 primum
454 3985 503 4044 lex
519 3984 606 4043 vobis
631 3971 810 4070 recitabitur
831 3985 881 4043 illa
901 3986 937 4044 de
962 3983 1166 4044 indicantibus
1188 3997 1220 4044 et
1236 4006 1316 4066 prae-

59 4072 356 4134 ultramarinus
390 4083 420 4130 et
437 4082 542 4133 contra
568 4069 650 4151 leges
676 4064 745 4129 cum
778 4069 956 4130 adversariis
978 4067 1219 4148 transigentibus
1237 4070 1317 4152 (hinc

45 4162 51 4173 ¹
154 4157 236 4217 enim
259 4157 472 4237 suspicandam
491 4174 556 4213 csse
573 4153 649 4211 mihi
674 4156 843 4216 orationem
868 4153 1013 4238 censeo),
1038 4154 1150 4230 deinde
1168 4156 1317 4217 indicatio

112 4282 114 4286 ι
154 4240 229 4322 ipsa,
245 4243 380 4324 qua-iste
398 4238 515 4300 Miconi
532 4237 690 4320 negotium
708 4240 835 4326 lacessit.
853 4241 966 4301 Recita.
