2722 4754
217 183 227 201 ⁵
287 164 314 225 .’
400 135 983 242 harenosissimum*
1064 224 1081 269 ‚3
1148 166 1271 287 'aar

90 334 279 397 verberare:
304 335 360 395 sed
378 352 433 416 per
449 354 568 393 causam
586 316 715 416 pompae
733 354 767 394 ac
789 302 947 396 ‘ebrtuatls
965 334 1005 395 de
1021 324 1169 395 industria
1190 331 1273 418 'gras-

39 484 41 491 ,
90 420 177 496 sari,
204 433 237 481 et
252 417 430 480 hominihus
447 418 588 507 ingenuis
606 419 733 500 perinde
751 440 785 479 ac
801 420 895 501 servis
913 420 1067 493 insultare.
1108 419 1272 481 Enimvero

90 504 147 568 lais
167 505 330 581 omnihus,
348 524 478 585 quornm
497 503 576 564 alter
592 505 629 564 iis
647 504 783 585 pecuniis
802 506 908 579 cessit,
928 527 1001 586 quas
1019 505 1134 569 iudicio
1150 506 1274 580 vicerat,

89 592 181 655 alter
196 591 296 672 capite
314 589 475 650 mulctatus
495 602 559 663 est,
584 589 677 672 longe
694 589 844 650 atrociora
862 590 1056 653 consessione
1075 594 1212 654 omnium
1230 593 1274 654 ias
1292 646 1296 655 .

92 677 206 741 'cinon
224 676 336 736 Midiae
361 674 474 749 videri,
499 674 571 735 satis
589 675 660 735 scio.
704 674 813 755 Neque
832 675 913 735 enim
940 697 1081 757 pompam
1107 678 1274 756 celebrans,

91 784 203 844 neque
215 754 337 822 'iudicio
354 759 471 833 victor,
495 781 596 840 neque
615 760 764 841 praetoris
781 778 932 836 assessor,
957 781 1014 821 nec
1031 762 1097 823 ulla
1111 764 1166 824 alia
1186 776 1274 825 causa
1293 813 1298 833 ,
1337 770 1341 777 '

91 848 260 930 impulsus,
277 845 338 906 nisi
355 844 534 926 petulantia,
550 844 621 905 t'alia
640 843 918 926 commisit,'²qualia
936 845 1188 909 illorum‘nullus.
1206 850 1274 932 Age
1315 920 1318 925 ,
1336 883 1343 889 ·

92 954 190 1009 vero,
208 932 292 992 hisce
312 931 432 991 omissis
452 932 488 991 ad
506 929 658 1014 Pyrrhum
675 931 846 1005 veniamus,
864 930 1087 1007 Athenienses,
1104 933 1273 994 Eteohuta-
1312 930 1315 935 ’
1351 1000 1353 1004 ,

73 1010 77 1015 ⁸
95 1021 170 1081 dem
187 1016 285 1090 illum,
304 1016 358 1097 qui
376 1015 504 1093 delatus,
523 1017 608 1096 quod
625 1016 673 1075 ius
692 1016 815 1091 diceret,
839 1037 908 1077 cum
928 1030 1007 1077 esset
1024 1017 1056 1077 in
1075 1019 1205 1078 aerarios
1223 1031 1294 1078 re·x
1329 1032 1331 1036 ‘

96 1104 196 1178 latus,
221 1114 357 1163 vestrum
376 1101 558 1181 quibusdam
577 1103 800 1163 commeruisse·
811 1115 946 1170 mortem.
959 1103 1041 1162 visos
1060 1115 1123 1178 est,
1149 1103 1279 1165 vestris:

61 1202 63 1207 ’
97 1210 163 1271 qne
179 1187 338 1249 sententiis
358 1187 515 1247 damnatus
534 1186 630 1267 periit.
658 1184 755 1267 Atqui
773 1187 916 1263 lucellum
934 1187 1017 1248 istud
1034 1189 1060 1248 is
1078 1201 1210 1265 sectatus
1228 1201 1276 1271 est

97 1295 167 1336 mon
183 1271 372 1355 petulanter,
393 1273 448 1331 sed
465 1271 569 1352 inopia
588 1285 717 1332 coactus.
752 1272 866 1332 Multos
886 1293 1123 1334 commemorare
1142 1296 1275 1356 possem,
1306 1351 1322 1357 ῃ

98 1378 232 1442 quorum
243 1357 298 1417 alii
310 1356 540 1429 interfecti,'alii
551 1352 674 1417 infamia
687 1356 784 1417 notati
797 1368 869 1417 sunt
883 1359 924 1418 oh
939 1358 1048 1431 delicta
1059 1358 1107 1418 his
1122 1360 1215 1443 longe
1228 1361 1274 1420 le·

102 1445 195 1519 viora
210 1443 252 1503 Et
267 1464 335 1515 vos,
355 1441 567 1516 Athenienses,
585 1441 737 1503 Smicroni
755 1443 861 1503 decem
877 1442 999 1503 talentis
1019 1457 1050 1504 et
1064 1444 1183 1505 Scitoni
1199 1446 1285 1506 totiae
1318 1454 1324 1462 “

98 1531 170 1591 dem
188 1527 273 1589 litem
290 1528 489 1601 aestimastis,
508 1528 592 1607 quod
611 1527 765 1591 contraria
778 1527 897 1611 legibus
915 1529 1110 1612 promulgare
1127 1522 1273 1591 videban-

95 1627 166 1676 tur:
183 1614 289 1694 ireque
302 1634 358 1672 vos
372 1627 425 1673 aut
437 1612 536 1686 liheri,
554 1625 607 1674 aut
622 1613 720 1687 amici,
738 1625 792 1673 aut
805 1614 937 1696 cognati,
955 1608 1008 1675 a'ut
1019 1614 1075 1674 ulli
1088 1616 1221 1696 denique
1234 1615 1272 1674 il-

95 1699 206 1781 lorum
217 1699 356 1759 adv‘osati
373 1699 410 1757 ad
425 1698 662 1774 nsisericordiam
680 1699 838 1760 flexerunt
856 1698 903 1758 Nc
920 1720 1005 1774 vero,
1023 1699 1049 1759 si
1067 1701 1134 1780 quis
1153 1700 1273 1783 legibus

95 1780 252 1865 contraria
269 1783 397 1856 dixerit,
413 1795 573 1866 tantopere
591 1784 777 1845 irascamini:
795 1784 821 1843 si
838 1803 913 1844 vero
929 1785 1054 1859 lecerit,
1071 1806 1136 1846 non
1155 1786 1273 1862 dixerit,

96 1868 461 1950 aequitanimisieratis.
488 1868 630 1929 Nullum
648 1870 730 1930 enim
756 1868 883 1930 verhum
901 1883 954 1930 aut
971 1871 1086 1937 dictum
1103 1883 1166 1931 tam
1184 1864 1287 1956 guarex
1311 1900 1321 1915 ·

93 1953 221 2035 p'opnlo
238 1952 452 2037 etsohisest,
478 1972 568 2035 qnam
587 1974 620 2015 ea
638 1967 726 2029 sunt,
744 1975 821 2034 quae
839 1976 856 2014 a
873 1950 1081 2035 petulantibus
1099 1955 1275 2039 hominihus
1320 1967 1325 1976 '

94 2039 131 2098 in
148 2037 259 2099 olarios
277 2058 418 2119 quosque
435 2042 570 2100 vestrum
588 2052 808 2121 perpetrantur.
825 2038 872 2099 Ne
891 2040 986 2121 igitur
1003 2040 1062 2121 ipsi
1078 2040 1139 2100 tale
1153 2041 1185 2112 in
1203 2063 1274 2104 vos-
1332 2074 1340 2079 ·

95 2123 247 2203 metipsos
267 2125 445 2204 xexemplum
469 2119 609 2199 st'atuite,
633 2124 857 2185 Athenienses:
881 2145 935 2185 vos
959 2124 1091 2205 aliquem
1116 2118 1300 2193 hominem'

46 2229 51 2235 ·
96 2209 291 2270 moderatum
311 2220 341 2267 et
358 2209 536 2290 popularem
551 2210 583 2269 in
598 2231 784 2290 quocunque
801 2209 927 2305 crimine
946 2209 1171 2299 deprehensum
1188 2210 1272 2273 nulla

40 2346 64 2365 ,.
96 2294 145 2354 vel
163 2293 376 2354 misericordia
391 2295 439 2355 vel
457 2294 543 2356 venia
562 2294 757 2377 dignaturus,
781 2296 836 2354 sed
853 2295 902 2375 ve)
921 2294 1092 2369 occisuros,
1115 2297 1164 2357 vel
1181 2294 1289 2381 igno?

95 2378 192 2439 mirsia
209 2391 386 2440 notaturus:
405 2379 452 2440 sin
471 2381 538 2460 quis
558 2379 721 2460 opulentus
740 2379 864 2459 quaevis
880 2401 937 2460 per
953 2379 1113 2442 libidinem
1131 2382 1283 2465 designa,

94 2459 293 2537 r'it,'daturos
312 2485 378 2535 esse
392 2465 518 2525 veniam.
536 2465 643 2524 Absit:
660 2486 718 2525 nec
730 2463 811 2526 enim
828 2485 961 2544 aequum
980 2478 1034 2540 est,
1046 2466 1107 2543 sed
1125 2467 1190 2527 sine
1209 2458 1272 2528 dis-

96 2549 228 2610 crimine
252 2548 362 2609 delicta
383 2551 518 2610 omnium
544 2550 609 2631 pari
627 2549 715 2610 vohis
733 2545 894 2610 severitate
904 2550 1091 2623 'vindicanda
1107 2564 1186 2614 sunt
1209 2554 1271 2612 lam
1331 2568 1343 2583 ‘

95 2654 178 2714 qnae
195 2633 284 2693 nullo
302 2655 409 2694 eorum
426 2635 542 2708 minus,
561 2655 639 2714 quae
658 2634 804 2708 diximus,
830 2635 918 2695 vohis
935 2635 1086 2719 explicatu
1102 2637 1272 2717 necessaria
1294 2653 1356 2710 365

99 2739 171 2779 esse
187 2731 282 2800 pato,
299 2719 337 2782 iis
356 2720 500 2800 expositis
519 2731 550 2779 et
567 2719 653 2779 brevi
669 2719 768 2780 adhuc
786 2720 824 2779 de
841 2719 902 2778 illis
921 2720 1127 2800 disputatione
1144 2723 1271 2797 adiecta,

97 2803 288 2864 descendam.
314 2805 465 2888 Magnam,
481 2804 703 2889 Athenienses,
715 2805 752 2864 ad
769 2805 956 2884 peccandum
974 2804 1137 2866 fenestram
1154 2807 1271 2867 facino-

44 2944 49 2949 .
95 2888 179 2957 rosis
198 2888 341 2950 omnihus
359 2892 454 2971 aperit
473 2889 643 2951 humanitas
656 2901 759 2949 ‘vestra
777 2901 809 2949 et
827 2888 1003 2962 clementia,
1022 2911 1099 2970 quae
1117 2912 1172 2952 cur
1189 2891 1272 2952 nulla

95 2973 141 3033 sit
157 2972 359 3054 impertienda
371 2976 494 3049 Midiae,
510 2974 542 3034 id
560 2996 596 3035 ex
611 2996 660 3035 me
675 2974 821 3035 auditote.
837 2973 915 3056 Ego,
931 2973 1147 3050 Athenienses,
1165 2996 1271 3037 omnes
1357 3026 1360 3031 a

96 3056 242 3124 homines
260 3059 399 3120 existimo
417 3083 471 3120 sua
498 3060 621 3121 vivendi
644 3059 764 3144 ratione
783 3058 868 3139 quasi
895 3058 1006 3140 stipem
1031 3059 1090 3121 sihi
1116 3061 1271 3144 colligere,

98 3163 166 3203 non
183 3164 249 3204 eam
266 3145 372 3219 modo,
389 3168 480 3226 quam
498 3143 642 3205 nonnulli
659 3158 690 3204 et
707 3143 858 3226 colligunt
875 3140 906 3204 et
921 3143 1094 3218 conserunt,
1112 3147 1166 3206 sed
1183 3146 1270 3206 aliam

98 3226 246 3309 quoqne,
270 3228 382 3291 veluti:
408 3233 464 3292 Est
481 3244 620 3291 nostrum
639 3229 749 3309 aliquis
766 3229 941 3290 moderatus
964 3242 996 3291 et
1013 3228 1165 3291 humanus
1190 3243 1220 3292 et
1237 3231 1269 3291 ist

57 3378 60 3383 ,
96 3312 213 3373 multos
230 3313 425 3380 misericors?
443 3316 516 3376 huic
532 3336 664 3396 aequum
680 3313 775 3374 inerit
792 3316 897 3374 eadem
916 3315 1167 3386 officia,vicissim
1184 3309 1270 3397 phae-

98 3397 176 3457 starl
192 3397 229 3459 ah
248 3400 409 3474 omnihus,
427 3400 453 3460 si
472 3401 594 3480 quando
612 3399 776 3460 necessitas
795 3399 910 3485 einset
926 3412 1064 3481 tempora
1080 3400 1272 3480 postularint

99 3481 191 3541 Alius
207 3482 374 3564 quispiam,
392 3497 428 3544 nt
444 3485 520 3560 iste,
546 3485 707 3566 impudens
735 3497 767 3546 et
784 3485 816 3546 in
835 3485 947 3545 multos
959 3486 1111 3561 *iniurium
1130 3485 1183 3567 qni
1202 3485 1271 3567 qui·

98 3565 172 3627 dem
189 3567 265 3629 alios
291 3569 488 3650 quisquilias,
513 3570 588 3631 alios
614 3570 787 3643 mendicos,
812 3568 888 3630 alios
906 3569 984 3630 nihil
1001 3590 1067 3632 esse
1084 3571 1194 3652 putet?
1219 3569 1272 3631 isti
1334 3590 1343 3599 ¹

95 3650 214 3717 uihuta
231 3653 349 3729 eadem,
367 3677 445 3736 quae
462 3656 528 3736 ipse
546 3656 654 3737 pendit
670 3655 746 3730 aliis,
763 3667 837 3715 sunt
852 3657 1040 3717 reservanda.
1063 3658 1126 3716 lam
1143 3656 1170 3716 si
1187 3666 1271 3716 reete

95 3735 187 3797 vohis
203 3758 270 3798 rem
287 3739 446 3801 aestimare
463 3741 561 3812 visum
579 3741 688 3803 fuerit:
713 3740 791 3801 hanc
816 3739 984 3801 contulisse
1008 3741 1119 3822 stipem
1137 3740 1271 3813 Midiam,

43 3874 52 3887 .
96 3841 164 3881 non
179 3821 265 3883 illam
283 3824 425 3899 alteram,
450 3825 617 3906 reperietis.
639 3830 641 3835 ’
659 3826 731 3887 Νοιι
749 3826 859 3907 ignoro
876 3837 996 3899 autern,
1019 3847 1089 3891 eum
1108 3838 1139 3886 et
1157 3825 1271 3887 liberos

96 3927 172 3968 snos
198 3904 434 3976 lamentatorem
454 3924 485 3971 et
502 3911 594 3974 multa
622 3908 752 3993 supplici
777 3908 853 3972 ioce
869 3911 1039 3985 dicturum,
1066 3910 1272 3994 lacrymando,
1315 3922 1329 3985 Ἰ

97 4002 131 4053 et
148 4013 216 4053 sese
235 4016 326 4073 qnam
344 3995 472 4056 maxime
497 3995 700 4058 miserabilem
726 3997 926 4058 ostendendo.
969 3995 1029 4056 Sed
1056 4009 1171 4077 quanto
1189 3994 1272 4056 hunc
1348 4063 1351 4068 ,

96 4075 299 4147 abiectiorem
324 4101 357 4141 se
375 4081 519 4164 gesserit:
542 4094 634 4142 tauto.
646 4081 761 4143 maiore
780 4080 852 4142 odio
871 4082 981 4163 dignos
999 4081 1089 4161 erit,
1100 4080 1272 4142 Athenien-

96 4182 154 4226 ses.
173 4164 403 4243 Quamobrem?
415 4167 512 4243 Quia,
529 4167 556 4227 si
570 4167 653 4229 nulla
671 4167 790 4229 ratione
807 4166 952 4229 ferociam
969 4186 1053 4226 suam
1073 4168 1197 4228 domare
1214 4186 1271 4248 po-

98 4247 229 4323 tuisset,
248 4249 323 4332 quin
341 4252 383 4313 ita
399 4251 592 4333 importunus
611 4266 643 4314 et
659 4253 813 4317 violentus
832 4262 912 4315 estet
927 4264 1066 4333 tempore
1082 4252 1163 4313 vitae
1180 4246 1271 4334 iope-

97 4332 201 4394 riores
219 4348 352 4411 ‚nasone
371 4350 402 4399 et
417 4337 577 4413 fortunae,
602 4347 680 4418 qnae
698 4338 790 4402 talem
815 4359 885 4401 eom
902 4336 1130 4412 reddidissent,
1152 4337 1288 4422 smirne,
