2722 4754
342 174 917 273 ''memmmmut*
1127 200 1292 314 'ss‘

93 377 182 437 lectum
203 364 329 444 aliquod
355 376 388 426 et
410 365 691 447 magnumbonum
708 366 956 446 consequemini,
982 365 1093 428 talibus
1118 367 1234 429 lucellis
1282 355 1285 364 ¹

93 450 240 539 repudiatis,
258 469 337 529 quae
356 449 529 525 cumcibis,
547 471 625 532 quos
641 451 715 512 dant
728 451 861 534 aegrotis
875 451 994 524 medici,
1012 451 1145 512 conferri
1162 473 1233 534 pos-

95 552 153 606 sunt
167 534 281 597 Etenim
300 546 337 594 ut
354 534 399 595 illi
417 541 518 616 neque
534 536 614 607 uires
631 549 755 618 augent,
772 556 873 616 neque
888 536 985 598 emori
999 536 1174 617 patiuntur:
1190 538 1234 598 sic

21 670 23 693 ,
97 643 121 691 ,a
132 627 184 696 icta,
201 639 278 700 quae
296 639 351 680 vos
370 642 451 680 nunc
469 621 634 702 percipitis,
648 642 752 700 neque
770 634 853 682 tanta
871 635 952 693 suut,
969 634 1005 681 ut
1022 623 1131 684 iustam
1148 622 1233 684 utili-

21 720 25 785 ζ
98 725 169 778 caten
185 705 313 785 aliquam
338 704 480 766 asserant:
498 726 598 786 neque
615 727 686 780 vos,
710 706 747 767 iis
766 706 935 788 despectis,
959 707 997 766 ad
1022 707 1079 768 alia
1097 707 1234 768 converti

21 804 24 817 '
103 797 235 882 patiantur,
260 789 316 849 sed
339 788 481 851 alimenta
498 802 572 851 sunt
587 794 721 851 vestrum
741 791 877 851 omnium
895 789 1061 852 socordiae.
1094 794 1177 876 Ergo
1198 805 1248 852 tu·

102 875 250 962 sdpendium
267 873 367 936 facere
385 874 492 936 iubes?
519 875 639 956 inquiet
655 875 773 956 aliquis.
806 875 901 937 Sane:
927 888 958 936 et
974 898 991 936 1
1008 876 1140 960 vestigio
1157 897 1234 937 eun·
1317 903 1329 909 ·

99 968 149 1028 den
167 981 225 1020 esse
247 959 388 1020 ordinem
407 960 559 1034 omnium,
583 960 805 1035 Athenienses,
825 959 865 1022 'ut
886 973 1002 1043 partein
1021 961 1150 1041 quisque
1172 961 1234 1022 rei-

97 1046 205 1132 publicae
222 1056 365 1124 capessat,
384 1066 523 1127 quaeque
539 1045 721 1107 resrcivitati
740 1066 816 1126 opus
834 1044 936 1121 luerit,
953 1046 986 1106 in
1004 1067 1038 1106 ea
1056 1060 1142 1123 suam
1160 1067 1236 1126 ope·¹

94 1156 143 1196 ran
156 1144 269 1191 strenue
288 1141 385 1190 navet
419 1130 505 1191 Licet
519 1151 611 1213 agere
629 1131 748 1191 otium?
777 1127 957 1191 Cumdomi
980 1153 1101 1203 manes,
1125 1129 1235 1191 melior

34 1266 39 1273 .
95 1229 185 1281 esttua
202 1212 347 1287 conditio,
366 1215 450 1294 quod
469 1216 507 1274 ad
524 1216 642 1276 nullum
660 1228 751 1297 turpe
766 1215 883 1287 facinus
901 1215 1004 1297 inopia
1021 1228 1052 1277 te
1066 1215 1234 1303 compellit
1277 1260 1281 1264 Α

92 1301 180 1364 incidit
194 1297 369 1358 huiusmodi
387 1299 558 1380 quippiam,
576 1301 665 1381 quale
682 1301 786 1362 nunc?
802 1303 849 1362 De
867 1299 934 1362 istis
952 1301 1025 1382 ipsis
1044 1301 1233 1361 emulumen-

92 1389 125 1450 tis
137 1407 181 1467 pru
196 1384 308 1464 patria,
335 1396 371 1445 ut
388 1405 519 1465 aequum
538 1398 599 1459 est,
624 1385 775 1447 militabis.
809 1387 865 1449 Est
880 1399 1015 1447 vestrum
1033 1379 1142 1466 aliquis
1161 1396 1235 1446 natu
1300 1398 1303 1403 ’

87 1464 228 1556 grindior?
255 1471 301 1541 Is,
323 1488 404 1552 quae
425 1490 508 1530 nunc
526 1469 593 1531 sine
611 1471 719 1532 ordine
743 1470 839 1551 capit,
863 1471 900 1532 ad
925 1469 1002 1530 nihil
1024 1471 1124 1544 utilis,
1150 1490 1185 1530 ea
1201 1469 1234 1530 in

87 1553 217 1636 ‘aequabili
242 1553 518 1635 ordine'accipiat,
551 1549 653 1615 omnia
675 1555 839 1637 inspiciens
865 1569 898 1633 et
920 1555 1133 1617 administrans
1158 1574 1248 1634 qnae¹

85 1652 144 1702 sunt
157 1639 276 1720 agenda.
304 1636 354 1698 Ad
370 1660 520 1700 summam
544 1661 646 1721 neqare
664 1640 780 1702 detraxi
799 1640 975 1722 quicquam,
1002 1661 1103 1720 neque
1120 1638 1236 1711 addidi,

21 1730 23 1737 ’
83 1735 184 1807 praeter
200 1736 310 1802 pauca:
327 1723 509 1784 confusione
526 1724 655 1800 sublata,
670 1726 889 1806 rempublicam
906 1726 939 1785 in
958 1721 1233 1805 ordinem-redegit
1273 1758 1277 1767 ι
1323 1738 1329 1745 “

81 1809 174 1869 eodem
186 1807 363 1888 accipiendi,
380 1809 542 1884 militandi,
558 1810 713 1870 indicandi
732 1823 764 1872 et
775 1811 808 1871 id
824 1809 952 1892 agendi,
969 1810 1054 1889 quod
1065 1828 1122 1888 pro
1136 1820 1235 1869 aetate

79 1893 196 1974 quisque
212 1904 324 1973 potest,
340 1892 487 1973 quodque
500 1907 621 1976 tempus
629 1895 781 1976 postulat,¹
791 1895 898 1955 ordine
910 1894 1059 1953 instituto.
1077 1894 1233 1972 Nusquam

78 1997 124 2060 ego
142 1977 226 2050 dixi,
237 1976 320 2037 nihil
336 1978 496 2060 agentibus
514 2000 548 2039 ea
566 1988 632 2039 esse
651 1979 879 2052 distribuenda,
898 1999 975 2058 quae
992 1975 1143 2037 functuris
1162 1975 1233 2037 nili-
1315 2011 1322 2021 -

74 2062 116 2122 cio
132 2061 301 2124 debentur:
319 2083 420 2144 neque
437 2064 521 2145 ipsos
540 2064 678 2125 desidere
695 2063 787 2137 iussi,
806 2075 838 2124 et
855 2064 952 2122 otium
969 2083 1060 2144 agere
1078 2074 1109 2122 et
1126 2080 1234 2143 egere:

61 2144 146 2206 ‘illius
163 2160 266 2207 autem
282 2147 462 2229 peregrinos
479 2149 601 2212 uincere
619 2149 746 2223 milites,
764 2148 794 2207 id
813 2148 925 2208 audire.
951 2148 1033 2207 Haec
1051 2146 1132 2206 enim
1151 2153 1233 2206 nunc

70 2232 150 2291 fiunt.
165 2231 276 2311 Neque
294 2231 487 2313 reprehendo
507 2253 571 2307 eos,
591 2233 644 2314 qui
654 2233 840 2315 reipublicae
858 2232 1036 2293 inserviunt
1054 2231 1115 2291 Sed
1130 2243 1162 2291 et
1177 2250 1233 2290 uos

67 2316 123 2396 ipsi
140 2336 173 2376 ea
190 2315 310 2376 debetis
328 2338 437 2400 agere,
465 2310 592 2399 propter
609 2340 685 2398 quae
703 2319 778 2379 alios
797 2317 970 2379 honoratis:
1005 2337 1106 2395 neque
1125 2315 1234 2377 cedere

64 2400 192 2461 audone
210 2401 343 2475 virtutis,
362 2400 577 2477 Athenienses,
596 2415 686 2483 qnam
703 2403 790 2464 vobis
808 2402 937 2463 maiores
955 2401 1072 2482 magnis
1089 2395 1234 2481 periculis

64 2498 177 2566 partam
191 2485 391 2565 reliquerunt
409 2487 485 2548 Fere
503 2488 581 2560 dixi„
592 2509 670 2567 quae
687 2488 859 2551 conducere
872 2499 984 2568 putem.
1002 2489 1068 2549 Vos
1080 2497 1182 2545 autem
1199 2502 1234 2543 ea
1320 2543 1323 2547 .

62 2570 290 2650 amplectimini,
308 2592 387 2650 quae
405 2586 437 2634 et
453 2571 638 2652 reipublicae
657 2586 688 2634 et
704 2573 791 2633 vohis
809 2571 957 2632 universis
976 2570 1136 2650 profutura
1153 2579 1232 2629 sunt.
1250 2572 1290 2625 2‘6

228 2810 1089 2997 1111111111111111..

521 3038 777 3058 ...m-u--a-fi--o

387 3118 1044 3221 annuunnrun.''

59 3256 292 3360 Athenienses,
319 3266 413 3367 quum
437 3284 741 3346 bellum'infelieiter
761 3282 866 3345 contra
879 3284 1059 3367 Philippum
1074 3282 1234 3367 gererent,

59 3373 92 3431 in
121 3371 309 3431 concionem·
327 3383 537 3431 convenerunt
555 3366 784 3451 desperabundi.
821 3369 935 3432 Orator
950 3368 1046 3453 igitur
1067 3365 1234 3451 et'erigeie
1334 3370 1336 3374 ’

62 3456 196 3516 abiectos
214 3456 335 3516 animos
355 3470 482 3517 conatur
493 3457 609 3536 (neque
623 3453 704 3515 enim
720 3474 785 3515 esse
801 3454 922 3529 mirum,
941 3453 967 3515 si
980 3454 1013 3514 in
1028 3465 1111 3514 tanta
1129 3474 1232 3515 socor-

62 3541 115 3600 dia
128 3536 196 3600 uicti
214 3540 303 3620 sint),
322 3554 427 3622 etqua
444 3541 563 3600 ratione
580 3540 695 3600 bellum
712 3538 879 3602 rectissime
893 3539 1119 3612 administrent,
1137 3538 1248 3621 docet·

60 3624 152 3684 lubet
173 3636 231 3697 aut'
243 3626 379 3709 geminas
399 3627 499 3707 copias
517 3625 699 3708 comparari:
716 3627 823 3686 alteras
840 3626 970 3686 maiores
987 3621 1132 3697 urbanas,
1156 3632 1234 3705 q'uae

60 3708 145 3770 domi
164 3723 331 3785 maneant,
342 3711 375 3770 in
394 3728 515 3771 omnem
534 3722 676 3772 eventum
693 3722 829 3792 paratae:
860 3710 967 3772 alteras
985 3708 1137 3783 minores,
1156 3714 1234 3799 quae

57 3794 210 3856 militibus
229 3794 399 3879 peregrinis
419 3808 575 3870 constent,
599 3795 761 3876 permistae
779 3792 913 3871 civibus,
931 3806 964 3856 et
981 3815 1050 3856 eum
1068 3793 1235 3857 exereitum
1336 3865 1338 3869 Ι

58 3882 125 3940 non
142 3880 276 3942 Athenis
295 3901 435 3953 manere,
459 3902 559 3960 neque
583 3902 619 3942 ex
635 3881 720 3942 'urbe
743 3898 832 3962 opem
854 3878 935 3949 ferre
957 3877 1059 3941 lubet:
1080 3878 1138 3941 ¹sed
1156 3876 1251 3951 circat,
1322 3888 1325 3895 '

57 3965 278 4026 Macedoniam
288 3966 413 4038 uersari,
430 3964 659 4048 belligerantem
676 3964 884 4027 confinentem
902 3986 941 4026 ne
954 3963 1029 4026 flatu
1038 3962 1234 4028 attestarunt
1276 3982 1287 3997 ¹

57 4047 221 4133 Philippus
236 4052 419 4125 observato,
438 4064 489 4111 aut
508 4051 598 4111 etiam
616 4044 730 4124 hieme,¹
745 4072 813 4111 cum
828 4050 960 4112 Athenis¹
975 4049 1009 4110 in
1024 4046 1234 4110 Macedoniam

57 4135 195 4219 aedgari
214 4137 279 4196 non
299 4136 413 4216 possit,
438 4152 503 4196 rem
522 4134 739 4220 aggrediatur,
759 4147 790 4196 et
806 4154 863 4216 per
879 4134 1045 4196 absentiam
1062 4131 1232 4194 Athenien-
1305 4199 1318 4214 ⁶

59 4221 139 4281 rium
153 4216 262 4282 'omnia
281 4221 437 4281 obtineat:
463 4221 516 4281 sed
535 4221 710 4293 exercitum,
728 4220 782 4300 qui
800 4238 867 4280 cum
887 4238 925 4278 eo
944 4217 1080 4292 dimicet,
1098 4216 1231 4277 vicinum

59 4305 165 4388 potius
184 4307 214 4367 e'i
231 4327 301 4368 esse
319 4318 463 4386 oportere
481 4319 591 4367 censet
642 4314 646 4319 '
681 4321 687 4327 “
721 4310 730 4354 -'
1142 4306 1154 4313 ”
