2722 4754
328 256 333 265 ,
410 154 633 288 ‘coarat
669 134 974 249 suentana-fl«

323 406 410 450 ιιι(
454 373 654 450 trannin
693 390 1002 484 ιιιιιιιοιιιυιι.
1083 438 1092 455 .

127 509 291 568 Docebo
308 529 362 568 vos
382 507 488 578 etiarn,
506 507 642 579 ludices,
666 505 840 588 singulatim
859 529 910 582 ea,
929 509 1106 610 dequibus
1124 532 1276 572 accuso..

77 560 211 661 Phialam
229 605 379 673 acceptam
399 613 414 650 a
432 591 510 676 1²01,
512 592 592 651 euutr
611 612 722 664 uxore,
740 614 833 671 quam
853 614 921 653 cuna
940 581 1039 656 aureis
1059 596 1263 656 ornamentis·

71 676 296 758 oppignerant,
314 697 376 735 non
395 677 567 756 protulere,
586 677 720 756 quamvis
738 689 899 757 receptam,
917 689 953 737 ut
968 680 1055 739 vobis
1074 676 1242 763 Demopbi

77 762 138 837 lus,
157 763 205 822 cui
225 763 420 844 oppignerata
439 759 488 821 illa
507 763 644 836 fuerant,
661 761 837 822 testabitur:
862 761 1091 839 tabernaepium
1106 779 1242 851 praeter·
1283 830 1288 837 ,

77 867 126 919 ea,
149 848 237 927 quod
265 848 393 906 babent.
418 868 487 906 nam
513 846 543 907 id
565 867 689 925 quoque
715 860 871 927 acceptum
889 867 957 906 non
984 850 1160 929 proferunt:
1184 852 1241 910 alia

75 933 147 991 item
167 952 255 1012 quam
274 931 414 990 multa
387 952 450 990 erus
469 931 609 1013 generis?
637 930 806 1006 Postremo,
825 953 898 991 cum
911 953 989 993 uxor
1006 953 1071 992 mea
1082 935 1170 1032 patri
1184 936 1241 997 mi-

47 1088 51 1095 f
75 1038 141 1075 nam
166 1017 284 1103 argenti
308 1015 346 1075 ad
363 1016 504 1075 Nemesis
531 1015 712 1089 contulerit,
731 1016 823 1096 plura
849 1017 939 1077 etiam
966 1018 1157 1090 iusumserit,
1183 1041 1239 1079 nec

76 1101 201 1160 buius
192 1120 345 1180 rmpensac
368 1113 484 1180 partem
512 1101 661 1160 sustinere
680 1101 774 1161 ιιιιιιΙ
797 1103 851 1160 sed
876 1100 933 1161 alia
957 1114 1116 1185 praecepta
1131 1102 1240 1177 babet,
1275 1157 1279 1165 .

44 1195 61 1224 ²
74 1185 201 1245 alierum
220 1197 318 1266 partes
337 1185 459 1266 recipit,
479 1206 621 1260 cavero,
639 1190 717 1264 quae'
734 1186 775 1245 ita
793 1186 952 1246 manifeste
972 1187 1071 1260 debet,
1089 1207 1159 1246 non
1169 1186 1240 1247 red

74 1270 124 1329 dit.
143 1270 210 1330 Ut'
201 1271 295 1352 agitur
311 1291 419 1358 neque
430 1270 504 1330 hacc
519 1271 811 1387 praetermittantur,
828 1291 900 1351 cape
919 1271 993 1335 mihi
1013 1262 1119 1332 eorum
1138 1271 1238 1332 omni·-

72 1345 123 1415 u'm
141 1355 353 1415 testimonia

402 1501 404 1506 ’
469 1503 834 1552 testimonis.

155 1611 303 1691 Fortassis
322 1623 441 1683 autem,
458 1602 594 1683 ludices,
612 1622 717 1668 contra
734 1606 808 1667 haee
826 1607 918 1669 nibil·
922 1609 1003 1670 dicet
1020 1610 1148 1689 Spudias
1162 1609 1235 1693 (ue-

62 1717 130 1775 quc
150 1697 231 1756 enim
249 1688 372 1776 poterit,
390 1706 570 1782 quamquam
590 1707 636 1754 est
651 1679 811 1776 callidus),
829 1694 884 1757 sed
900 1695 1105 1778 Polyeuctunt
1122 1696 1247 1756 eteius·
1288 1698 1291 1705 ’

68 1801 196 1841 uxorem
215 1780 431 1880 criminabitur,
450 1788 564 1859 cosque
583 1779 679 1852 dicet,
696 1800 713 1837 a
731 1799 780 1837 me
797 1778 961 1852 adductos,
979 1780 1053 1841 baec
1071 1781 1171 1840 omnia
1190 1782 1310 1840 fe-.1

61 1867 147 1924 cisse
165 1867 198 1924 in
216 1886 312 1924 meam
326 1862 461 1957 gratiam,
474 1877 569 1944 atque
587 1865 663 1923 adeo
681 1884 732 1936 se,
750 1862 853 1927 multis
872 1865 1014 1933 affectum
1032 1866 1160 1966 damnis,
1177 1865 1234 1927 mi-

65 1948 100 2006 bi
119 1951 200 2009 diem
203 1938 345 2009 dixisse.
371 1972 439 2009 nam
457 1950 531 2008 baec
550 1962 579 2008 et
596 1949 675 2032 apud
700 1947 847 2015 arbitrum
866 1949 995 2008 dicere
986 1951 1124 2019 instituit.
1167 1949 1235 2032 Ege

49 2054 152 2107 -·vero,
171 2036 305 2107 ludices,
323 2034 454 2114 primum
471 2055 534 2092 non
552 2052 678 2113 aequam
697 2053 763 2091 esse
782 2053 892 2092 censeo
909 2034 1000 2092 talem
1014 2035 1238 2132 defensionem,

62 2139 168 2195 neque
187 2119 367 2191 convenire,
386 2119 411 2177 si
430 2118 497 2196 quis
515 2131 617 2197 aperte
636 2117 843 2188 convincitur,
862 2130 897 2176 ιιι
912 2118 1036 2205 retortis
1055 2114 1233 2183 criminibus
1279 2149 1283 2159 ¹

61 2215 190 2263 accuset
207 2216 250 2261 et
263 2203 478 2261 calumnietur·
504 2224 571 2260 narn
590 2198 641 2259 itta
667 2201 788 2278 quidem
807 2199 861 2296 (si
866 2221 924 2280 qua
943 2222 971 2259 ιι
963 2200 1023 2260 fit
1039 2200 1215 2284 iniuria)
1184 2225 1232 2263 ιιι-

41 2286 175 2360 ,ιιιιιιιιιι
194 2288 374 2358 ulciscetur,
400 2287 509 2344 horum
528 2306 599 2344 tero
626 2274 848 2383 dabitpoenas.
890 2284 955 2359 Qui
973 2287 1054 2346 enim
1074 2308 1132 2370 ego
1150 2309 1232 2347 nunc
1267 2332 1287 2364 -,

52 2372 194 2430 ‘istorum
213 2372 375 2430 calumnias
392 2392 425 2430 re
429 2369 596 2463 sntabo,”
576 2392 612 2428 ns
631 2370 767 2442 omissis,
793 2370 830 2428 de
850 2368 960 2448 quibus
978 2393 1032 2431 ros
1051 2373 1231 2454 pronuntia
1302 2399 1305 2413 ·

59 2456 156 2515 bitis?
192 2455 311 2516 Deinde
328 2456 440 2528 mir'or,
466 2457 625 2534 quamnam
644 2454 684 2514 ob
707 2475 825 2513 cansam
843 2454 1008 2535 (siquidem
1026 2477 1096 2515 vere
1116 2457 1247 2516 etiure·
1289 2512 1294 2519 ,

60 2561 205 2600 accusare
224 2562 273 2599 mc
299 2539 430 2640 potuit),
455 2562 521 2600 cum
541 2561 597 2598 nos
622 2539 710 2598 amici
733 2525 930 2598 recoirciiiare
956 2541 1070 2600 vellent
1088 2554 1118 2600 ct
1135 2541 1242 2600 muita·
1291 2598 1309 2615 ,-

60 2626 155 2685 verba
172 2626 250 2684 facta
268 2638 387 2699 essent,
414 2625 446 2683 in
464 2620 587 2684 iliorum
614 2624 742 2683 decretis
764 2623 959 2703 acquiescere
984 2646 1051 2684 nora
1072 2625 1229 2706 potnerit?

63 2710 108 2769 At
126 2710 250 2790 quinam
270 2723 300 2769 et
320 2730 402 2769 meas
422 2722 452 2770 et
470 2697 557 2768 iilius
576 2709 783 2767 accusationes
801 2709 888 2768 salsas
912 2710 1154 2792 redarguissent
1155 2711 1250 2770 saci'

61 2795 133 2868 lius,
152 2817 241 2874 quam
260 2795 301 2868 hi,
320 2817 372 2874 qur
364 2795 481 2854 rebus
497 2794 580 2853 hisce
599 2793 739 2853 omnibus
758 2793 968 2868 interfuerant,
986 2795 1152 2876 quiaeque
1165 2812 1231 2854 -nos
1243 2793 1312 2860 Ι148

62 2879 179 2938 biscnm
198 2892 308 2939 norant
326 2879 443 2952 omnia,
472 2880 524 2957 qni
549 2898 725 2938 communes
751 2879 888 2957 utrisque
906 2879 994 2938 amici
1013 2881 1138 2939 aranti*
1165 2879 1226 2939 Sed

61 2965 255 3045 perspicuum
277 2977 339 3035 cst,
366 2986 434 3024 cum
451 2964 489 3037 ab
508 2963 558 3033 cis
575 2964 732 3027 manifeste
751 2965 959 3044 coarguendus
980 2977 1074 3037 esset,
1099 2965 1136 3023 ad
1156 2986 1225 3025 enm

62 3052 185 3119 modum
211 3049 378 3130 transigere
405 3069 472 3108 ere
498 3049 579 3107 iilius
603 3068 666 3107 non
684 3047 786 3106 fuisse.
820 3049 1030 3130 Nequeaecnim·
1044 3062 1155 3128 putare
1172 3051 1224 3108 de-

62 3135 157 3208 betis,
182 3156 253 3207 eos,
279 3157 332 3213 qur
324 3134 434 3195 haec
442 3135 542 3192 omnia
560 3132 676 3206 sciunt,
701 3153 783 3192 stunc
800 3154 856 3191 suo
873 3130 949 3190 mibi
968 3133 1115 3213 periculo
1123 3134 1224 3193 dicere

62 3219 283 3278 testimonium.
308 3231 372 3277 tum
391 3239 463 3276 vero
481 3209 595 3277 iuraios
620 3217 702 3280 aiiu'd
717 3217 812 3276 fuisse
831 3219 868 3276 de
886 3218 939 3282 lite
964 3219 1223 3305 pronuntiaturos.

62 3305 182 3377 Quodsi
200 3289 260 3364 tale
278 3302 385 3361 nibii'
377 3316 462 3362 mter
474 3323 530 3361 nos
555 3300 791 3361 intercessisset:
816 3323 854 3361 ne
873 3315 938 3362 tum
957 3303 1080 3383 quidem
1095 3294 1222 3363 disfieiie

62 3402 141 3448 esset
159 3402 307 3458 statuere,
324 3399 408 3446 uter
410 3408 479 3448 vera
497 3387 632 3463 diceret
661 3385 737 3444 Nam
757 3387 793 3445 de
812 3387 954 3460 aedibus,
971 3387 997 3446 si
1015 3388 1085 3460 ait,
1090 3388 1237 3467 impulsu·
1277 3406 1293 3425 ι’

60 3494 129 3532 meo
148 3474 360 3555 Pulyeuctum
376 3468 567 3543 mandasse,
574 3483 610 3530 ut
626 3469 739 3544 libelli,
763 3471 846 3531 mille
870 3430 1079 3558 dracirmarum
1096 3473 1222 3544 indices,

60 3568 301 3638 apponerentur.
310 3569 354 3616 at
372 3576 435 3616 non
455 3557 542 3616 ctiam
562 3555 690 3614 testibus
709 3556 844 3633 persuasi
862 3551 1019 3630 nimirum,
1040 3557 1168 3636 Spudia,
1185 3560 1261 3616 ut-

61 3643 94 3700 in‘
109 3665 206 3705 meam
232 3642 357 3741 gratiam
383 3642 455 3700 salsa
479 3653 676 3700 testarentur.
699 3639 752 3717 qui
766 3641 917 3738 adsuere,
942 3661 1010 3703 eum
1036 3641 1109 3698 mibi
1128 3641 1259 3698 {iliam

60 3728 279 3808 desponderet.
297 3728 475 3804 quisciunt,
494 3725 654 3783 meminus
673 3724 845 3803 accepisse:
861 3724 1239 3803 quicumsconfitentem,
1299 3784 1303 3801 ¹

59 3833 90 3871 se
96 3814 221 3871 ‘debere
241 3812 331 3884 mihi,
349 3812 526 3883 audierunt,
545 3786 773 3908 iubentemque
782 3809 941 3868 satisfierir.
929 3832 1007 3889 qu1
998 3809 1157 3888 denique
1175 3808 1220 3867 fa-

58 3897 153 3959 ctioni
178 3897 352 3960 testamenti
361 3895 586 3955 interfuerunt
630 3884 685 3954 His
705 3895 785 3954 enim
813 3895 954 3959 omnibns
976 3895 1081 3954 baec
1073 3917 1102 3952 ιιι
1123 3890 1234 3952 me'a'm

58 3984 182 4084 gratiam
200 3984 317 4041 sacerc
315 4002 386 4040 non
393 3977 503 4040 licuit:
528 3981 581 4042 sed
603 3978 772 4069 pericnlum
788 3979 855 4038 falsi
877 3979 1045 4039 testimonii
1063 3979 1219 4077 impende-

56 4079 113 4140 ret,
131 4093 157 4127 ιι
149 4068 263 4148 quid,
278 4067 360 4145 quod
377 4064 488 4133 factum
507 4086 570 4124 non
588 4077 678 4135 esset,
693 4051 935 4124 testificarentur.
943 4056 1170 4131 Omittamus
1161 4063 1219 4144 sgi-¹

53 4163 108 4210 tur
125 4154 184 4212 hoe
203 4173 290 4211 nunc
312 4151 374 4209 Ad
382 4151 457 4212 illud
476 4164 575 4210 antem
593 4149 667 4228 quid
685 4144 903 4228 respondebis?
921 4123 997 4210 Nam
1016 4148 1048 4206 hi
1065 4161 1148 4207 certo
1168 4148 1221 4206 abs

58 4248 88 4294 tc
108 4237 256 4296 edocendi
276 4249 388 4297 erunt:-
400 4233 481 4314 qnod
501 4257 531 4294 m
523 4234 674 4304 feccrit,
692 4256 760 4293 vos
765 4234 794 4293 id
815 4253 925 4294 onmes·
939 4233 976 4292 ab
995 4255 1032 4292 eo
1051 4232 1220 4313 postulatu

58 4333 96 4381 te.
114 4319 191 4383 Cum
210 4322 290 4384 enim
308 4321 493 4404 Polyeuctos
512 4319 562 4380 ilia
579 4327 761 4379 testamento
774 4319 978 4383 mandaret:
966 4319 1056 4383 istius
1074 4338 1154 4378 ιιιιοι·
1169 4317 1221 4377 ιιιη
