2722 4754
270 148 966 275 ‘aasansanacaur'ounss
1148 195 1217 253 aas
1306 169 1309 175 ’

56 363 84 412 et
98 349 212 431 direpta
229 344 352 420 tobim,
377 362 480 403 servus
500 339 619 400 crebras
637 335 738 421 plagas
756 348 843 421 tergo
863 338 981 423 ingerit
1016 343 1095 407 Tum
1113 364 1216 407 amens
1317 370 1321 378 ¹

58 434 141 499 animi
156 454 227 515 prae
256 430 364 492 dolore
383 440 414 507 et
437 441 556 487 terrore
582 425 708 496 mulier,
736 421 897 511 'subsiliens
916 427 953 485 ad
979 437 1079 510 genua
1097 432 1217 493 latrocli

62 510 167 601 *cidit
184 531 215 579 et
233 537 369 576 mensam
385 512 543 573 subvertit
587 512 680 585 Quod
699 509 759 568 nisi
776 509 800 569 is
820 530 884 587 eam
904 511 1073 593 eripuisset,
1091 516 1220 595 incerte,

66 617 193 673 mosset
209 603 243 662 in
260 598 493 673 illaebrietatis
520 597 652 657 insania:
679 595 859 654 temulentia
887 596 967 655 enim
994 600 1081 661 istius
1106 603 1219 685 impuri
1268 598 1270 603 ¹

71 689 180 759 nedelis
198 701 275 751 ew,
295 685 341 745 Ac
359 685 396 746 de
416 683 471 742 hac
490 678 618 741 muliere
638 695 669 741 et
685 680 718 764 in
735 678 864 740 Arcadia
888 701 987 742 senno
1006 686 1066 746 suit
1082 691 1219 768 percele-

73 777 210 855 ffisincer
233 773 340 833 decem
357 770 408 830 illa
434 768 570 828 virorum
594 767 706 838 millia,
733 779 763 825 et
779 766 971 847 Diophantus
997 773 1076 850 apud
1095 795 1150 834 vos
1169 797 1219 848 rer

74 859 210 932 metavit,
229 878 320 938 quem
334 875 405 915 mox
421 855 521 913 dicere
538 874 643 936 cogam
661 851 886 912 testimonium:
904 855 1099 937 pervulgatus
1113 876 1234 922 rumor'

49 952 119 1015 Jffit
131 959 158 1008 et
172 945 204 1004 in
221 942 386 1015 Thessalia,
406 953 437 999 et
453 939 569 1019 ubique
588 937 733 1022 gentium.
755 938 795 997 Et
812 942 924 1012 tamen,
941 939 1048 1000 talium
1066 943 1125 1003 sibi
1144 967 1220 1006 con„

57 1014 67 1073 J
77 1029 324 1101 msacinomna
343 1026 480 1107 impurus
497 1024 555 1084 iste
574 1032 628 1084 vo's
646 1023 771 1083 audebit
788 1024 912 1097 intueri,
932 1038 963 1084 et
980 1039 1075 1087 actam
1094 1034 1156 1089 ase'
1174 1033 1220 1090 vi-

78 1137 122 1185 um
135 1116 204 1178 clara
223 1112 325 1195 statim
343 1133 418 1171 voce
442 1109 654 1193 praedicabit?
693 1110 780 1183 Quae
798 1130 847 1169 res
865 1109 940 1169 mibi
966 1112 1105 1192 spiritum
1123 1111 1219 1177 inter·
1312 1119 1321 1126 ’

60 1206 63 1215 ’
76 1203 156 1269 ,hdie
196 1199 272 1258 Nam
291 1197 324 1257 bi
349 1197 506 1268 nesciunt,
530 1209 596 1262 tea
621 1194 790 1275 primordio
818 1195 922 1254 aetatis
950 1196 1100 1265 lectitasse
1125 1201 1220 1262 libros

33 1328 35 1335 .
75 1289 147 1356 ¹,utri
165 1283 312 1364 initianti,
333 1297 370 1362 ,et
395 1303 523 1363 puerum
550 1282 713 1342 etiamnum
743 1279 775 1338 in
803 1276 1061 1346 coetibus'Liberi
1079 1288 1171 1366 patris
1191 1301 1222 1347 et

33 1406 36 1441 :
79 1379 142 1439 inter
156 1369 284 1433 ebriosos
304 1368 444 1428 borsines
463 1386 528 1425 esse
546 1365 736 1428 volutatum?
754 1377 825 1444 post
843 1378 943 1425 autem
962 1369 1122 1449 scriptioni
1140 1373 1220 1453 apud

79 1451 245 1544 mgistratus'
258 1453 379 1514 dedisse
404 1472 544 1534 operam,
569 1465 600 1511 et
617 1464 743 1532 propter
766 1449 851 1510 binas
870 1465 923 1511 aut
940 1464 1040 1513 ternas
1065 1457 1221 1517 drachmas

77 1546 150 1609 fuisse
163 1540 360 1603 sceleratum?
386 1551 558 1620 postremo,
575 1559 639 1597 aron
658 1537 699 1596 ita
718 1536 791 1596 olim
811 1536 917 1598 alienis
936 1540 1085 1600 sumtibus
1104 1544 1140 1601 ad
1159 1557 1222 1604 ter-

34 1696 37 1701 ,
78 1626 219 1713 tias'partes
232 1624 413 1699 actitandas,
426 1646 494 1695 cum
507 1623 703 1683 benestecum
718 1621 767 1704 agi
780 1636 912 1702 putares,
930 1624 1102 1688 victitasse?
1120 1629 1220 1703 Quam

77 1712 252 1802 igituruium
269 1711 393 1783 referes,
413 1731 502 1790 quam
520 1730 584 1768 non
600 1708 723 1778 vixisti?
741 1709 818 1777 Nam
838 1731 903 1769 eam
918 1709 1051 1791 quidem,
1071 1734 1160 1793 quam
1176 1713 1234 1774 vi-·

78 1798 237 1875 xisti-talem
257 1817 324 1856 esse
342 1809 468 1856 constat
493 1794 555 1853 Sed
574 1814 592 1853 ο
611 1793 784 1854 licentiam!
802 1797 862 1855 lste
881 1797 961 1877 apud
979 1818 1034 1856 vos
1050 1799 1144 1877 alium
1162 1800 1220 1859 im-

87 1872 92 1883 Ι

77 1885 215 1971 pudicitiae
237 1904 324 1942 reum
344 1882 413 1967 egit
457 1880 571 1940 Verum
595 1880 734 1939 nondum
753 1879 846 1954 haec,
873 1883 926 1941 sed
945 1883 1118 1944 testimonia
1144 1886 1221 1947 mihi

42 2046 47 2053 ⁸
77 1973 145 2056 prius
159 1970 209 2031 ista
224 1968 345 2028 recita.v

452 2087 821 2189 resr1nrou1a.

84 2241 87 2245 '
148 2223 396 2309 Cumigiturea,
422 2229 550 2305 quaein
569 2245 622 2284 vos
642 2225 828 2285 commisisse
856 2225 1013 2288 convictus
1033 2238 1171 2300 esunt
1190 2241 1221 2292 et
1316 2242 1326 2250 ‘

83 2313 219 2385 laetasint,
236 2311 365 2384 ludices,
382 2311 539 2391 inquibus
555 2311 629 2390 quid
642 2312 712 2370 mali
726 2331 790 2370 non
804 2311 905 2370 inest?
923 2308 1102 2393 Corruptus,
1117 2334 1220 2383 assenss
1296 2318 1299 2325 ’

83 2414 157 2472 tator,
177 2397 245 2459 diris
264 2397 433 2478 obligatus,
459 2397 606 2469 mendax,
622 2397 795 2463 ,amicorum
814 2397 970 2477 proditor,
997 2398 1098 2458 omnia
1115 2400 1222 2461 insunt

82 2483 255 2547 atrocissima:
267 2480 349 2542 nihil
368 2482 477 2543 horum
496 2481 650 2556 defendet,
668 2502 768 2562 neque
788 2481 951 2562 quicquam
969 2483 1058 2564 aequi
1076 2497 1128 2544 aut
1146 2485 1222 2545 boui

82 2571 238 2652 respondere
254 2568 377 2649 poterit
411 2569 498 2643 Quae
516 2581 617 2628 autem
636 2590 693 2650 ego
713 2589 782 2627 eum
799 2573 1018 2648 responsurum
1036 2590 1102 2630 esse
1120 2571 1241 2645 audio,

84 2669 144 2717 sunt
155 2655 198 2715 illa
219 2654 342 2735 quidem
365 2653 499 2713 insaniae
524 2653 676 2736 proxima:
701 2654 754 2714 sed
774 2674 843 2712 eum
867 2654 1011 2728 sortasse,
1036 2657 1089 2736 qui
1107 2656 1221 2717 nullam

70 2741 174 2817 ‘iustam
187 2740 271 2801 babet
290 2739 525 2814 excusationem,
539 2740 805 2819 quidvis‘necesse
826 2751 872 2799 est
889 2740 1083 2799 comminisci.
1114 2741 1240 2815 Dictu-,

83 2850 141 2886 nun
155 2827 247 2899 audio,
259 2846 366 2885 eorum
385 2846 451 2898 me,
471 2846 548 2905 quae
567 2846 722 2899 accusem,
741 2824 857 2884 socium
875 2824 936 2883 sibi
952 2824 1046 2884 fuisse
1065 2839 1096 2886 et
1113 2847 1223 2907 appro-

84 2911 194 2983 batorem
212 2925 242 2971 et
257 2912 427 2971 adiutorem
447 2912 599 2970 omnium:
618 2933 651 2970 ac
670 2911 796 2983 deinde,
813 2923 940 2991 repente
958 2924 1117 2986 mutatum,
1135 2935 1222 2972 accu-

85 3017 144 3057 sare.
171 2998 354 3077 Quamquam
373 3002 473 3056 autem
492 3010 628 3057 actorum
646 2996 697 3056 illa
716 3016 815 3075 neque
834 2995 913 3056 iusta
932 3010 978 3056 est
996 2997 1149 3072 defensio,
1168 3020 1223 3058 ne·
1270 3074 1275 3079 ·

73 3096 134 3163 'que
147 3083 330 3156 convenicus,
348 3082 401 3142 sed
419 3082 479 3142 mei
498 3083 645 3161 quaedam
663 3080 814 3142 accusatio
833 3079 906 3164 (ego
927 3081 1017 3156 enim,
1035 3083 1137 3160 ista··si
1154 3083 1224 3157 feci,

85 3188 189 3248 nequam
205 3167 297 3228 homo
316 3190 392 3240 sum,
409 3189 458 3227 res
477 3176 579 3226 autem
598 3181 759 3248 propterea
777 3165 876 3235 nihilo
896 3181 967 3227 sunt
985 3169 1144 3229 meliores:
1168 3189 1223 3229 ne-

86 3273 136 3334 que
154 3253 245 3338 uultis
268 3253 368 3313 verbis
388 3266 434 3313 est
459 3248 568 3335 opus):
593 3267 695 3313 tamen
714 3251 809 3312 officii
825 3252 887 3311 mei
905 3274 970 3314 esse
988 3268 1083 3336 puto,
1103 3268 1224 3316 utrum-
1278 3292 1285 3303 ›

84 3358 133 3418 que
146 3338 221 3400 robis
237 3353 273 3411 ut
290 3340 465 3413 ostendam,
484 3350 514 3398 et
531 3339 730 3399 mentiturum
750 3359 834 3411 eum,
852 3338 878 3397 si
895 3339 965 3398 talia
984 3341 1079 3414 dicet,
1098 3354 1128 3401 et
1145 3342 1223 3424 legi·
1246 3346 1287 3406 25

84 3425 168 3485 tinam
180 3424 386 3505 defensionem
405 3424 633 3486 declinaturum.
670 3425 758 3499 Quae
775 3424 814 3485 ita
834 3424 927 3484 fuerit
943 3424 1021 3486 iusta
1041 3440 1071 3487 et
1087 3426 1225 3508 simplex,

84 3509 108 3568 si
121 3523 231 3571 autnon
249 3510 357 3570 secisse
376 3531 428 3583 se,
456 3532 531 3591 quae
550 3523 748 3584 accusentur,
768 3511 960 3584 ostenderet,
978 3525 1046 3585 aut,
1064 3525 1129 3573 acta
1145 3516 1226 3594 ‘quae

83 3593 146 3669 siut,
165 3596 309 3677 proluisse
334 3596 527 3677 reipublicae.
571 3598 711 3672 Qumum
736 3596 794 3656 iste
819 3608 962 3656 neutrum
988 3597 1086 3658 facere
1104 3600 1225 3680 poterit

83 3679 168 3760 Neque
185 3682 264 3743 enim
282 3681 421 3763 profecto
441 3682 542 3742 dicere
558 3683 687 3763 poterit,
707 3682 863 3763 expedire,
880 3693 916 3741 ut
934 3682 1108 3744 Phocenses
1125 3686 1225 3766 perie-

84 3764 139 3839 rint,
151 3781 182 3828 ut
197 3768 287 3852 Pylas
305 3767 463 3848 Philippus
479 3781 592 3841 teneat,
610 3782 645 3829 ut
656 3768 796 3828 Thebani
813 3767 876 3828 sint
892 3781 1044 3847 potentes,
1061 3784 1096 3831 ut
1113 3770 1225 3832 milites
1326 3839 1328 3844 s

83 3849 108 3910 in
122 3853 234 3914 Euboea
252 3865 424 3926 versentur,
442 3865 478 3912 ut
494 3853 624 3935 Megaris
642 3854 769 3914 insidiae
787 3854 872 3925 fiant,
889 3866 924 3913 ut
940 3875 997 3937 pax
1014 3855 1100 3915 nullo
1118 3855 1159 3924 sit
1177 3856 1225 3923 iu-

82 3935 219 4003 uiurmdo
238 3939 415 4000 confirmata
432 3935 558 4021 (quibus
575 3951 641 3999 tum
654 3939 803 4000 contraria
816 3938 904 4000 vobis
921 3940 1082 4014 nuntiavit,
1100 3953 1136 4001 ut
1148 3954 1225 4022 quae
1325 3948 1328 3953 ’

84 4024 192 4106 statilia
210 4038 316 4086 esseut
333 4037 363 4084 et
380 4024 482 4084 lutura
500 4020 632 4107 essent):
657 4046 759 4105 neque
776 4025 828 4085 illa
841 4045 905 4084 uon
923 4046 989 4085 esse
1006 4025 1082 4085 facta
1100 4047 1226 4107 persua-

82 4107 137 4169 dere
152 4111 235 4172 vobis
254 4110 380 4193 poterit,
398 4109 452 4188 qui
468 4109 586 4170 vidistis
604 4109 664 4191 ipsi
681 4124 714 4170 et
731 4124 884 4193 comperta
903 4109 1029 4170 habetis.
1060 4111 1226 4194 Reliquum

82 4206 124 4269 est,
137 4193 208 4257 nibil
225 4196 355 4256 istorum
375 4194 512 4255 omnium
529 4197 567 4258 ad
584 4217 633 4255 me
651 4197 781 4258 attinere
797 4210 833 4258 ut
851 4196 1015 4257 ostendam.
1048 4197 1149 4258 Vultis
1168 4200 1226 4283 igi·
1248 4230 1251 4241 ·

80 4292 131 4365 tur,
152 4304 198 4344 me
217 4281 345 4353 caeteris
372 4281 514 4342 omuibus
539 4281 659 4341 omissis
677 4280 727 4366 (ut
744 4283 860 4343 scilicet
876 4280 955 4363 apud
973 4302 1028 4341 vos
1046 4281 1079 4343 in
1097 4303 1151 4345 eos
1169 4286 1227 4346 sim

79 4364 274 4444 invectus,.ut
291 4367 323 4428 in
349 4367 459 4428 itinere
477 4387 529 4429 eos
555 4367 754 4443 offenderim,
779 4381 816 4429 ut
833 4366 876 4425 eis
902 4365 987 4424 omni
1012 4381 1151 4450 ternpore
1167 4371 1226 4433 sim
