2722 4754
106 194 198 258 ιιι
293 146 314 249 ’.
434 149 1081 303 unuosunsn1sonar10{
1176 190 1179 205 ·

136 345 268 410 violavit
303 346 391 409 Sed
382 359 462 408 rntcr
479 346 580 408 omnia
597 347 799 408 Macedonum
815 347 892 409 facta
911 340 1255 407 contumeliosissimum
1273 349 1335 397 et

138 432 407 495 insolentissimum
425 433 502 493 illud
520 445 576 507 est,
594 434 677 512 quod
696 454 793 514 nuper
807 432 926 506 accidit,
944 453 1012 492 cum
1028 429 1093 490 ausi
1107 440 1179 488 sunt
1198 435 1308 485 contra
1347 438 1354 465 r

91 546 96 556 ¹
139 540 300 580 commune
318 518 426 578 foedus
444 540 513 578 cum
539 517 604 578 istis
629 519 739 578 initum
756 519 789 577 in
806 517 965 577 Piraeeum
991 514 1151 596 appellere.
1175 510 1216 571 Et
1235 509 1333 582 boc,-

139 602 359 691 Athenienses,
378 623 456 677 non,
481 602 551 683 quia
568 624 629 662 una
646 602 777 662 triremis
795 601 871 675 suit,
896 602 966 667 ideo
972 621 1109 681 parvum
1129 589 1310 658 ducendum
1344 598 1347 605 '

139 685 200 749 est.
226 688 281 747 sed
299 707 352 748 eos
377 687 541 769 periclitari
567 687 743 768 patientiam
769 699 903 746 nostram
928 685 1080 759 voluisse,
1104 696 1141 744 ut
1163 678 1309 782 pluribus

139 773 220 832 idem
237 772 335 839 facere
348 772 474 847 liceret,
501 773 711 871 statuendum,
738 784 769 832 ct
785 784 821 832 ut
838 772 1042 844 declararent,
1068 769 1147 830 sicut
1165 767 1258 828 etiam
1273 765 1309 825 in
1349 814 1357 825 .

139 856 265 918 cacteris
282 858 394 918 facturn
412 870 474 932 est,
493 879 526 918 se
544 857 716 917 communia
733 858 853 919 decreta
870 876 934 916 non
952 874 1063 916 curare.
1097 855 1175 914 Nam
1193 873 1249 912 eos
1267 851 1310 910 ita

44 963 52 969 ··
115 1002 118 1011 ,
139 942 310 1024 paulatim
300 963 433 1023 irrepere
451 955 483 1002 et
499 963 556 1003 nos
573 942 766 1002 assuefacere
783 941 922 1002 voluisse
934 942 971 1041 ad
989 941 1063 1001 tales
1081 959 1219 1000 accessus
1236 953 1309 1017 per-

99 1076 107 1082 .
138 1027 297 1101 ferendos,
323 1029 413 1088 ctiam
431 1027 502 1087 inde
520 1026 718 1108 perspicitur,
745 1027 856 1105 quod
845 1048 889 1102 rs,
914 1024 1050 1106 quitum
1073 1024 1174 1086 navim
1191 1020 1333 1123 appulit,

140 1111 257 1196 (quem
264 1112 366 1173 statim
383 1132 449 1172 una
461 1133 530 1179 cum
547 1111 664 1171 triremi
681 1112 834 1212 perditum
853 1133 868 1171 a
886 1111 973 1171 vobis
992 1106 1183 1193 oportebat),
1207 1104 1321 1208 [Jeffils'

139 1197 226 1257 utin
242 1197 355 1258 nostris
372 1195 521 1278 portubus
540 1205 629 1277 parra
646 1196 764 1279 navigia
750 1194 928 1257 fabricari
939 1197 1051 1256 literet
1070 1195 1154 1254 Nam
1172 1193 1223 1253 cui
1241 1205 1311 1252 tan-
1315 1184 1321 1195 ¹
1342 1236 1353 1245 .

16 1306 20 1317 ¹
69 1353 72 1359 ¹
112 1294 116 1315 ²
141 1283 210 1343 dem
228 1282 287 1342 fuit
303 1282 476 1367 obscurum,
494 1301 547 1342 eos
564 1281 597 1341 id
615 1281 736 1342 consilii
753 1282 903 1355 babuisse,
920 1286 967 1341 ut
969 1281 1048 1341 intra
1065 1292 1188 1361 portum
1206 1276 1311 1338 statim
1335 1314 1351 1337 -,

141 1379 244 1428 essent
260 1369 380 1449 potius,
405 1389 494 1451 quam
511 1367 596 1437 utin
615 1387 684 1426 enm
702 1366 907 1448 appellerent?
933 1380 980 1441 et,
1006 1388 1032 1425 ει
1022 1363 1171 1446 parvula
1189 1361 1312 1444 navigia

141 1452 372 1527 toleraremus,
379 1452 560 1533 paulopost
581 1450 720 1512 triremes
747 1472 888 1533 quoque:
917 1463 966 1525 et,
989 1450 1015 1510 si
1033 1449 1164 1532 primum
1189 1468 1311 1530 paucas,

41 1576 44 1583 ·
141 1537 234 1637 paulo
251 1551 323 1619 post
339 1536 468 1599 multas?
485 1536 554 1596 Nec
568 1537 650 1596 enim
668 1537 728 1598 dici
742 1549 853 1618 potest,
872 1558 985 1617 quum
981 1534 1112 1596 Athenis
1127 1554 1240 1618 magna
1258 1552 1311 1592 co-

142 1621 205 1702 pia
209 1622 250 1681 sit
274 1621 427 1704 lignorum
445 1623 482 1681 ad
500 1642 590 1681 naves
614 1621 801 1683 fabricandas
820 1620 911 1705 (quae
935 1621 1017 1704 ligna
1036 1633 1102 1681 et'e
1126 1619 1313 1719 longinquo,
1349 1634 1354 1639 ·

144 1718 176 1765 et
194 1705 358 1766 difficulter
374 1705 627 1789 importantur),
617 1729 649 1766 ιιι
667 1707 844 1789 Macedonia
857 1706 954 1808 (quae
973 1705 1064 1765 etiam
1082 1704 1164 1780 aliis,
1184 1702 1238 1784 qui
1254 1722 1312 1763 vo-

44 1823 48 1839 =
144 1790 226 1864 lunt,
252 1811 286 1851 ea
303 1791 449 1867 vilissimo
467 1791 566 1871 pretio
584 1770 772 1874 suppeditat)
790 1792 939 1852 exstitisse
956 1781 1128 1871 penuriam}
1158 1791 1212 1850 sed
1229 1786 1312 1865 arbi-

143 1873 311 1952 trabantur,
329 1897 419 1936 naves
437 1875 480 1935 ibi
498 1875 587 1936 simul
606 1888 638 1936 et
653 1877 840 1936 fabricandas
855 1877 933 1937 etin
944 1878 1052 1958 eodem
1069 1887 1162 1957 portu
1180 1872 1315 1953 implen-

110 1997 113 2000 ·
146 1961 198 2021 das
217 1981 299 2037 esse,
319 1983 413 2041 quum
431 1960 585 2022 communi
603 1961 727 2023 foedere
745 1961 785 2022 sit
802 1949 959 2036 sancitum,
978 1946 1104 2041 nequid
1122 1959 1184 2037 tale
1201 1957 1317 2020 admit·
1340 1968 1345 1973 '

146 2058 260 2106 tamus·
287 2058 413 2128 eamque
431 2046 612 2107 licentiam
602 2069 635 2105 ιιι
653 2048 725 2108 dies
735 2049 801 2107 fore
820 2047 965 2108 maiorem
983 2058 1172 2129 putaverunt
1207 2045 1317 2123 Usque

99 2133 124 2191 ‘1
146 2133 224 2207 adeo
242 2131 360 2193 illinus
379 2152 395 2191 e
413 2131 536 2192 sublimi
562 2131 734 2212 despiciunt
757 2146 883 2213 propter
907 2144 1058 2193 nostrates
1076 2132 1235 2203 doctores,
1260 2127 1317 2208 qni

148 2216 192 2276 eis
211 2217 334 2291 dictant,
353 2217 427 2298 quid
444 2208 615 2278 faciendum
632 2217 678 2278 sit
714 2217 765 2278 Sic
781 2240 842 2278 una
860 2240 929 2283 cum
946 2216 1010 2278 istis
1031 2216 1187 2277 cuiusdam
1203 2212 1317 2279 ineffa-

149 2301 218 2361 bilis
237 2302 445 2363 dissolutionis
465 2315 496 2363 et
513 2297 649 2385 ignaviae
673 2306 808 2365 nostram
832 2303 939 2373 urbem
956 2299 1317 2378 condemnanturque

44 2398 48 2405 “
151 2408 216 2448 eam
233 2387 335 2447 futura
360 2387 539 2488 providere,
563 2408 664 2468 neque
688 2411 822 2470 unquam
849 2389 981 2473 cogitare
1005 2399 1130 2470 putant,
1156 2384 1317 2466 quomodo
1349 2450 1358 2458 ¹

148 2478 296 2556 tyrannus
307 2471 364 2533 iste
381 2494 535 2534 commum
525 2473 671 2534 foedere
683 2487 794 2536 utatur.
812 2475 933 2551 Quibus
949 2495 1020 2557 ego,
1030 2470 1247 2544 Athenienses,
1260 2484 1323 2531 vus
1341 2532 1344 2537 ,

148 2557 267 2633 hortor,
283 2570 319 2618 ut
333 2558 471 2639 pareatis,
489 2556 745 2638 quemadmodum
758 2581 815 2651 ego
829 2561 935 2621 docui:
954 2572 985 2619 et
999 2559 1178 2620 confirmare
1192 2557 1319 2639 possim,

99 2678 108 2689 ι
149 2655 185 2702 ut
202 2665 254 2723 qur
246 2642 328 2717 'bac
346 2655 442 2703 aetate
461 2666 544 2718 sum,
570 2665 627 2704 nos
646 2657 677 2705 et
693 2645 760 2706 iure
784 2658 890 2705 nostro
910 2645 983 2705 citra
1008 2643 1188 2723 cuiusquam
1211 2650 1318 2722 repre-

94 2727 97 2732 ’
149 2727 347 2788 hensionem
349 2741 380 2788 et
397 2718 651 2788 occasionibus
626 2751 691 2790 sine
702 2731 774 2790 ullo
800 2729 936 2812 periculo
954 2749 1082 2803 usuros,
1108 2748 1186 2808 quae
1203 2746 1260 2787 nos
1279 2726 1319 2786 ad

42 2856 48 2875 ι
61 2860 64 2868 .
82 2856 85 2861 »
150 2814 376 2895 prosequendas
389 2827 506 2873 nostras
521 2813 689 2874 utilitates
679 2816 807 2876 sncitant
819 2827 850 2875 et
862 2827 980 2898 urgent.
997 2812 1098 2874 Nam
1088 2833 1215 2894 snsuper
1227 2808 1334 2872 etiam
1356 2863 1359 2867 .

107 2973 109 2986 Ι
152 2918 307 2959 communi
298 2898 442 2957 foederi
459 2898 643 2979 adscriptum
661 2913 723 2959 est:
742 2901 774 2960 si
787 2901 947 2982 participes
966 2899 1134 2959 communis
1152 2897 1235 2978 pacis
1252 2916 1351 2961 esse>

125 2978 129 2994 ³
151 2982 288 3044 velimus
305 2982 348 3043 At
364 2982 491 3043 verbum
508 2982 599 3043 illud.
592 2999 647 3043 ·st
666 2998 811 3045 venturus
831 2986 920 3046 etiam
938 2985 1123 3046 contrarium
1142 2982 1322 3085 complecti-

152 3081 212 3142 tur,
231 3088 305 3127 num
320 3068 443 3128 tandem
460 3069 606 3129 desistere
623 3069 761 3144 velimus,
778 3068 907 3130 aliorum
925 3072 1050 3131 ductum
1064 3081 1095 3130 et
1108 3068 1241 3150 auspicia
1255 3079 1323 3128 tur-

153 3154 234 3236 piter
250 3152 353 3234 sequi:
377 3173 416 3212 an
433 3173 506 3214 vero
525 3174 563 3213 ne
581 3154 735 3214 recordari
753 3156 876 3235 quidem
894 3141 986 3215 ullius
1004 3153 1163 3236 praeclari
1167 3153 1334 3226 facinoris,

154 3258 232 3319 quae
246 3237 283 3298 ab
302 3237 518 3317 antiquissimis
530 3240 724 3341 temporibus
730 3241 870 3341 ‘plurima
885 3240 974 3301 nobis
987 3262 1059 3321 prae
1077 3239 1204 3301 cacteris
1223 3237 1325 3298 omni·

148 3324 212 3384 ‘bus
229 3323 335 3384 relicta
352 3335 430 3383 sunt
449 3322 505 3382 Si
495 3324 590 3407 agitur
606 3324 763 3400 iusseritis,
781 3325 996 3401 Athenienses,
1014 3326 1186 3400 decernam,
1203 3336 1241 3389 ιιι
1256 3323 1325 3406 foe-

156 3409 227 3470 dera
244 3407 361 3486 iubent,
378 3407 554 3492 foedifragis
571 3409 685 3473 bellum
704 3433 769 3473 esse
791 3411 991 3473 inferendum.

78 3750 131 3857 nr
312 3782 1197 3895 nnoououuouarro·

377 4138 380 4148 ·
443 4112 639 4174 LlBANll
672 4111 1044 4172 ARGUMENTUm

137 4214 259 4314 lllluro
278 4255 478 4315 circumdedit
504 4269 607 4316 orator
624 4255 779 4330 Athenas,
804 4257 959 4317 consuetis
978 4255 1061 4316 hisce
1081 4255 1112 4313 e‘t
1131 4274 1224 4314 ιιιιιιιι
1244 4253 1347 4319 factis

158 4339 255 4400 multo
274 4354 305 4404 et
321 4339 457 4402 firmiore
483 4355 515 4402 et
532 4341 678 4429 meliore,
694 4354 759 4402 tum
779 4341 991 4403 benevolentia
1010 4362 1080 4424 erga
1097 4337 1340 4420 rempublicam,
