2722 4754
289 177 1073 259 anvnnsusnrcosraa'ruu
1059 215 1126 297 4
1193 156 1269 254 ιιι
1338 233 1352 279 ·.

86 300 246 399 mulctavit
262 338 462 413 Arethusius,
475 351 514 399 ιιι
531 337 694 442 aerarium,
711 340 905 403 viatoribus
895 293 1102 425 inscriptis,
1090 352 1121 401 et
1138 338 1256 423 ingres
1316 331 1321 362 ²

88 445 150 482 sus
161 424 194 482 in
213 426 302 485 aedes
322 447 402 491 meas
419 446 487 484 vasa
506 425 617 484 omnia¹
625 418 655 485 vi
674 427 858 506 exportavit,
884 448 963 507 quae
981 425 1090 509 viginti
1107 426 1256 487 mina‘rnm

87 509 221 588 pretium
240 511 439 590 superabant,
457 529 557 589 neque
575 511 736 589 quicquam
753 511 886 590 reliquit.
920 509 997 571 Cum
1014 522 1132 586 autern,
1151 510 1258 594 cogni-

47 593 130 660 scis
148 593 284 667 insidiis,
309 595 450 657 mulctam
469 594 625 654 solvissent
644 616 691 654 ac
696 615 808 674 poenas
827 597 987 657 sumendas
1007 598 1165 657 ducerem.
1193 597 1256 658 via·
1278 594 1343 655 295

88 690 207 751 torem,
236 679 288 758 qui
306 701 339 738 se
356 679 431 738 mihi
448 680 645 739 renuntiasse
656 679 795 762 dicebat,
817 677 1016 740 Arethusium
1034 683 1125 742 falsae
1143 702 1274 743 renun-

87 763 240 823 tiationis
246 765 386 846 exlege
397 763 594 844 postulabam.
618 767 656 823 ls
680 778 781 825 autem
804 778 898 824 noctu
892 765 1075 851 ingressus
1099 767 1146 826 iu
1151 789 1256 850 agrum
1322 828 1331 848 x

88 870 212 921 meum,
231 851 385 928 quotquot
403 862 488 909 erant
506 849 619 908 surculi
636 849 795 910 arboribus
814 843 956 931 generosi
974 850 1099 925 inserti,
1118 865 1151 911 et
1166 853 1257 913 arbu
1349 863 1357 873 ’

88 933 187 1012 sculas
208 934 358 1006 exsecuit,
385 947 415 993 et
438 934 585 1013 plantaria
610 933 744 993 olearum
771 934 911 994 obiens
903 949 944 995 ιιι
968 935 1077 994 misere
1096 937 1260 1019 confregit,
1329 929 1332 934 ⁸

88 1030 127 1077 ut
151 1038 207 1075 nee
230 1018 267 1077 ab
292 1018 430 1084 hostibus
448 1033 643 1079 vastarentur,
678 1019 728 1078 Ad
746 1021 819 1078 haee
839 1021 945 1098 etiam,
971 1008 1106 1093 interdiu
1126 1021 1271 1101 puerulo>
1305 1070 1320 1086 .,

89 1101 155 1161 cive
174 1102 360 1176 intromisso,
379 1124 447 1163 cum
466 1116 497 1162 et
514 1104 606 1164 vieini
625 1116 727 1184 essent
745 1116 776 1164 et
792 1105 949 1184 praedium
968 1107 1146 1188 contiguum
1165 1104 1259 1165 habe-

88 1198 169 1258 rent,
187 1199 323 1247 rosetum
342 1188 514 1270 germinans
534 1204 604 1255 eum
625 1189 754 1250 evellere
773 1189 936 1261 iusserunt,
954 1201 998 1261 ut,
1011 1190 1043 1249 si
1062 1211 1130 1250 eum
1150 1190 1258 1270 depre-

88 1271 219 1330 hensum
248 1292 307 1354 ego
335 1274 384 1332 vel
410 1272 629 1333 vincirem'svel
655 1275 863 1347 verberarem,
898 1273 1076 1334 iniuriarum
1106 1273 1283 1356 actionem

44 1376 62 1391 ··
90 1367 195 1415 contra
214 1379 261 1416 me
281 1358 484 1424 instituerent.
510 1359 581 1434 Quo
600 1359 729 1423 consilio
748 1379 816 1417 cum
834 1359 1068 1432 frustrarentur,
1087 1371 1119 1417 et
1136 1379 1194 1440 ego
1213 1360 1258 1418 sa-

89 1443 228 1501 einorum
253 1442 375 1501 illorum
401 1454 493 1501 testes
519 1443 667 1516 lacerem,
693 1443 757 1523 ipse
783 1450 883 1502 aute'm
902 1442 978 1501 nihil
997 1462 1067 1524 erga
1087 1463 1139 1502 eos
1158 1443 1256 1503 delin-

88 1545 228 1604 querem:
255 1539 321 1591 tum
344 1527 582 1627 veromaximas
605 1528 729 1609 insidias
754 1527 830 1585 mihi
854 1539 1035 1626 comparant.
1072 1524 1256 1596 Cumenim

82 1610 188 1670 ”salsae
199 1611 449 1670 renuntiationis
452 1612 485 1671 in
504 1632 573 1671 eum
598 1604 749 1672 actionem
774 1611 833 1670 iam
845 1611 1056 1673 instituissem
1077 1612 1157 1671 etin
1175 1612 1256 1673 iudi-

88 1695 170 1754 cium
188 1696 379 1777 ingressurus
399 1715 510 1755 essem:
529 1691 701 1756 observatu
707 1715 754 1760 me
775 1716 810 1755 ex
823 1695 949 1755 Piraeeo
964 1696 1158 1796 digrediente
1176 1718 1257 1772 seru,

89 1780 167 1838 eirea
186 1781 362 1860 lapicidinas
382 1793 412 1839 et
429 1780 539 1880 pugnis
557 1781 636 1860 petit
653 1793 684 1840 et
698 1779 836 1857 medium
854 1768 973 1871 arripit·
990 1786 1113 1860 meque
1130 1781 1162 1840 in
1181 1782 1257 1863 lapi-

60 1858 204 1924 cidinas
224 1865 447 1937 deiecisset,
416 1865 476 1924 nrsi
495 1866 620 1944 quidam
631 1864 781 1939 uiatores,
806 1858 910 1925 auditb
927 1866 1060 1924 elamore
1079 1887 1167 1939 meo,
1184 1889 1257 1947 sup-

86 1946 184 2028 petias
204 1951 364 2009 venissent
389 1947 505 2009 Diebus
524 1964 587 2009 non
605 1950 707 2010 inultis
725 1962 812 2030 post,
827 1951 981 2032 ingressus
1001 1950 1033 2008 in
1052 1950 1201 2011 iudicium
1218 1952 1256 2010 ad

89 2033 170 2091 diem
196 2035 384 2112 praefinitam
411 2047 442 2093 et
467 2054 504 2094 eo
529 2034 619 2093 falsae
644 2033 796 2094 citationis
821 2035 981 2136 convicto,
1006 2035 1162 2095 hominem
1187 2050 1277 2096 cunt'
1338 2092 1339 2096 ,

49 2171 53 2205 2
86 2116 217 2177 aliorum
229 2119 388 2190 scelerum,
402 2134 479 2197 quae
494 2119 731 2200 exposu·1,³reum
744 2139 860 2201 peregi,
877 2133 942 2179 tum
957 2141 989 2178 ιιι
1002 2118 1257 2202 ιιιοςιιιιιιιιιιιι-
1297 2132 1300 2144 ¹
1332 2115 1335 2119 ’

47 2234 49 2241 ¹
87 2214 153 2274 cta,
190 2223 258 2262 cum
277 2225 345 2262 eum
363 2203 481 2262 iudices
500 2198 604 2283 capitis
624 2204 792 2273 damnaturi
811 2215 930 2276 essent,
966 2215 1104 2281 precatus
1125 2204 1177 2263 eos'
1197 2224 1255 2286 ego

71 2297 171 2359 sum,
198 2307 237 2346 ne
259 2288 419 2367 tale-quid
445 2306 511 2346 mea
535 2302 622 2346 causa
648 2287 800 2367 facerent,
827 2289 880 2347 s'ed
904 2300 938 2346 ιιι
955 2286 1121 2362 talentum,
1147 2289 1256 2367 quanti
1326 2347 1329 2353 .

84 2371 146 2450 ipsi
163 2371 247 2430 litem
266 2372 480 2446 aestimabant,
505 2372 718 2431 admitterent:
743 2387 806 2431 non
824 2386 915 2432 utne
933 2370 1115 2434 Arethusius
1134 2373 1255 2433 occide·
1275 2397 1278 2400 *

85 2462 173 2515 retur
196 2453 340 2537 (mortem
360 2457 441 2517 enim
464 2457 526 2517 suis
547 2457 582 2516 in
595 2474 654 2535 flme
672 2456 837 2517 sceleribus
856 2456 1110 2540 commeruerat),
1143 2453 1254 2519 sedne
1280 2496 1282 2505 ι

88 2560 170 2621 ego,
200 2541 337 2601 Pasionis
356 2543 438 2601 filius
462 2553 493 2600 et
511 2548 546 2601 ex
565 2543 687 2623 decreto
707 2542 799 2615 civis,
834 2561 1016 2622 quemquam
1033 2542 1254 2604 Atheniensem

87 2625 264 2686 occiderem.
300 2627 383 2688 Haec
402 2626 590 2706 omnia-uere
600 2649 625 2709 a
643 2647 696 2701 me
710 2626 787 2709 dici,¹
806 2647 841 2686 ex
858 2625 987 2687 testibus
1006 2626 1153 2688 audietis.¹
1298 2624 1316 2644 ⁸

567 2812 586 2854 Τ
604 2811 623 2854 E
640 2812 656 2854 S
675 2813 694 2854 Τ
712 2812 732 2854 Ε
750 2811 776 2855 S.

57 2903 77 2926 7

172 2937 320 3021 Quibus
311 2932 406 3018 agitur
427 2937 546 3015 iniuriis
574 2937 657 2999 ah
631 2959 673 2998 ers
691 2927 834 3011 assertus,
858 2938 1002 3038 ludices,
1008 2934 1255 3037 descriptionem

84 3021 229 3094 fecerim,
248 3043 374 3102 exposui
366 3022 485 3084 vohis.
520 3023 593 3093 Esse
612 3036 713 3083 autem
731 3022 888 3085 Arethusii
906 3021 1053 3104 mancipia
1069 3022 1189 3095 ista‚e
1173 3021 1255 3081 etin
1315 3070 1323 3081 .

86 3106 152 3167 cius
170 3064 361 3167 sachltatihus
381 3128 456 3182 esse,
476 3128 552 3188 quae
566 3128 630 3190 ego
649 3108 805 3197 descripsi,
822 3108 909 3171 vohis
929 3107 1167 3174 (ιιιιιομιιιιιιιιο
1180 3103 1255 3170 Cer·
1281 3123 1288 3179 ζ

85 3192 199 3251 donem
223 3191 304 3250 enirn
323 3192 360 3252 ab
376 3192 575 3254 incunabulis
602 3190 755 3269 educavit:
781 3207 872 3275 atque
890 3214 970 3257 eum
986 3187 1079 3253 fuisse
1097 3190 1256 3272 Arethusii
1300 3200 1308 3215 '

45 3357 48 3361 Α
84 3288 121 3336 ut
139 3288 267 3352 constet,
285 3297 348 3353 eos,
367 3277 419 3358 qui
437 3291 562 3352 norunt,
581 3290 673 3351 testes
692 3277 779 3339 vobis
797 3279 970 3360 producam.
1049 3286 1054 3292 ’

239 3410 243 3436 l

542 3461 774 3505 rnsrns
885 3444 888 3457 ²
990 3422 993 3435 ⁴
1063 3437 1105 3503 ,”
1177 3422 1179 3427 ’
1231 3410 1339 3522 ἰῃ

169 3590 263 3671 Apud
288 3600 488 3669 quoscunque
513 3593 606 3670 porro
624 3586 698 3648 fecit
716 3585 809 3674 opus‘,
834 3589 1014 3648 mercedes
1008 3560 1159 3670 accepisse
1177 3587 1277 3649 Are-

84 3673 239 3748 thusium,
258 3687 288 3733 et
306 3673 353 3733 ius
371 3687 437 3734 tum
455 3672 591 3748 dedisse,
610 3687 675 3750 tum
694 3673 860 3755 accepisse,
879 3696 904 3733 ιι
896 3672 998 3753 quid
1015 3673 1203 3762 deliquisset,
1220 3685 1257 3734 ut
1308 3677 1312 3682 ’

84 3757 210 3819 herum:
230 3773 332 3820 earum
349 3780 452 3820 rerum
464 3781 589 3842 gnaros
599 3745 686 3819 vobis
705 3771 798 3820 testes
818 3758 977 3854 exhibebo.

422 4001 478 4010 ι’
566 3943 781 3988 rrsrrs

171 4067 292 4126 Manem
310 4080 421 4140 autem,
439 4077 555 4125 mutua
551 4062 691 4146 pecunia
704 4027 904 4147 Archepolidi
917 4064 1073 4124 Piraeensi
1092 4063 1169 4138 data,
1187 4085 1256 4125 cnm

83 4151 269 4252 Archepolis
288 4172 388 4232 neque
406 4172 539 4224 usuram,
556 4169 657 4231 neque
675 4163 789 4210 sonem
809 4171 931 4210 omnem
947 4150 1075 4211 reddere
1092 4162 1207 4230 posset,
1223 4137 1291 4208 in

52 4237 328 4297 'aestimationem
346 4236 469 4318 aceepit.
493 4234 534 4296 Et'
549 4248 585 4296 ut
601 4256 671 4296 vera
689 4257 738 4296 me
755 4236 867 4323 dicere
864 4248 1025 4318 appareat,
1042 4235 1152 4333 horum
1169 4232 1257 4296 v'obis

83 4324 179 4383 testes
198 4323 394 4403 producam
839 4354 841 4359 ,
1087 4352 1113 4361 <·
1206 4352 1209 4357 ·
