2746 4748
912 87 997 118 ι..
1055 85 1102 123 ⁴'r

148 197 300 260 444
405 191 771 259 44444444444
805 188 1080 291 aucuerre
1170 212 1174 216 ·

115 482 121 489 .
146 408 337 517 imperitiam
356 426 477 492 dicendi
496 444 527 493 et
543 429 661 501 virium¹
671 430 912 492 imbecillitatem
924 429 1137 495 Phormionis
1152 429 1219 510 ipsi
1235 450 1318 493 omres

148 521 274 592 videtis,
291 517 506 578 Athenienses.
539 517 670 577 Necesse
689 530 790 578 autem
807 517 960 585 hahemus
978 538 1058 590 nos,
1078 517 1149 577 eius
1169 515 1320 591 familiares,

147 627 278 689 quorum
297 602 412 673 conscii
429 624 550 675 sumus,
577 623 716 682 quaeque
735 604 794 663 hoc
811 615 956 663 narrante
975 623 1073 704 saepe
1093 601 1320 676 audivimus,ca

146 693 260 753 referre
278 702 310 749 et
328 709 481 770 exponere
497 686 595 760 vobis,
612 700 657 760 ut,
674 709 707 747 re
726 689 847 770 cognita
866 700 899 747 et
915 701 1004 748 recte
1023 687 1193 748 mtelleeta
1211 687 1322 761 euobis,

147 799 224 859 quae
243 797 339 856 aequa
357 787 389 834 et
405 773 551 855 religiosa¹
566 773 691 845 suerint,
709 774 886 834 decernatis.
905 772 1142 854 Exceptionem
1163 784 1265 833 autem
1280 794 1322 854 op

90 916 92 921 .
146 863 321 946 posuimus,
346 858 556 919 nouactionis
576 858 759 932 cludendae,
784 860 927 923 m'oraere
952 859 1215 940 interponendae
1224 859 1321 941 ,gratiae

86 972 92 984 ⁸
146 951 201 1010 sed
215 961 249 1009 ut
263 947 323 1018 hic,
340 944 594 1015 ubiostenderit,
612 964 643 1002 se
661 943 737 1003 nihil
755 943 1095 1024 omuino-deliquisse,
1108 944 1256 1005 molestia
1270 958 1322 1004 tan·

78 1048 118 1102 89
145 1037 216 1103 dem
234 1054 290 1114 per
307 1051 361 1092 vos
381 1042 565 1090 ‘constanter
588 1028 743 1089 liberetur.
785 1029 962 1109 Numquae
990 1031 1076 1111 apud
1096 1030 1182 1089 alios
1202 1030 1322 1090 homines

146 1122 232 1181 firma
252 1131 282 1178 et
299 1129 364 1177 rata
382 1127 464 1188 sunt,
483 1126 565 1175 extra
583 1120 714 1198 vestram
732 1114 933 1190 sententiam,
953 1137 993 1176 ea·
1007 1114 1171 1175 Phormio
1184 1115 1322 1198 praestitit

99 1230 112 1247 ³
147 1205 264 1267 omnia:
301 1200 533 1281 et‘quamquam
564 1199 657 1280 multa
686 1198 832 1259 beneficia
862 1200 896 1261 in
912 1200 1167 1281 'Apollodorum
1201 1201 1322 1273 contulit,

83 1324 98 1348 x
147 1291 267 1363 omnia,
294 1308 372 1369 quae
397 1287 502 1347 relicta
520 1284 571 1344 isti
590 1296 620 1344 et
645 1285 803 1347 commissa
828 1285 889 1344 sibi
906 1278 1060 1360 lucrant,¹
1075 1279 1198 1360 solvit,
1221 1287 1320 1366 riteque

145 1376 289 1449 tradidit,
315 1386 346 1433 et
364 1369 667 1451 omnibusdeinceps
688 1369 865 1430 criminibus
884 1370 1033 1432 liberatus
1053 1371 1138 1432 fuit:
1165 1384 1283 1444 tamen,
1295 1383 1321 1431 ut

146 1461 273 1535 videtis,
290 1471 453 1541 postquam
465 1456 553 1517 'hunc
570 1455 629 1515 iam
646 1455 731 1531 serre.
743 1475 807 1517 non
825 1455 1195 1538 potestApollodorns,
1221 1457 1321 1518 actious

146 1561 252 1610 contra
271 1567 340 1605 eum
358 1541 467 1626 viginti
484 1543 668 1601 talentorum
682 1540 842 1614 instituta,
867 1542 1084 1603 calumniatur.
1123 1543 1220 1602 Dabo
1238 1556 1320 1604 auten

71 1696 76 1717 ,
139 1655 281 1717 operam,
298 1643 334 1689 ut
351 1629 388 1688 ab
408 1626 497 1687 initio
517 1624 635 1699 omnia,
655 1648 731 1705 quae
751 1625 909 1686 huic.cum
929 1627 1064 1687 Pasione
1080 1641 1121 1707 “et
1141 1629 1318 1710 Apollodoro

144 1719 269 1802 negotia
286 1717 422 1788 fuerunt,
442 1734 531 1793 quam
549 1724 657 1793 potero
670 1709 869 1792 paucissimis,
889 1733 1061 1792 exponam:
1081 1735 1146 1794 per
1158 1736 1248 1794 quae,
1264 1713 1315 1773 satis

36 1808 48 1815 ’
96 1818 105 1843 ’
145 1806 238 1878 4414,·
255 1815 288 1863 et
310 1800 398 1860 istius
425 1797 574 1858 calumnia
599 1797 696 1877 palam
721 1797 790 1870 fiet,
816 1809 846 1856 et
872 1798 1045 1879 accusatori
1072 1820 1145 1858 non
1174 1799 1316 1860 convenire

64 1926 74 1947 .
146 1890 315 1959 actionem,
334 1906 421 1957 mox,
439 1882 503 1947 illis,
516 1881 648 1961 auditis,
662 1882 863 1963 cognoscetis.
899 1882 946 1951 Ac
962 1879 1104 1963 primum
1119 1885 1227 1963 {vobit
1235 1884 1315 1967 pactio

144 1973 344 2042 recitabitur,
371 1989 430 2048 qua
447 1967 535 2026 Pario
555 1966 626 2025 huic
644 1988 779 2026 mensam
805 1968 916 2027 locavit
935 1982 965 2027 et
985 1969 1156 2030 officinam
1176 1984 1315 2032 scutorum

147 2056 230 2140 Cape
247 2055 420 2138 pactionem
440 2064 470 2111 et
486 2054 746 2132 provocationem,
765 2065 796 2113 et
814 2052 988 2135 testimonia
1008 2055 1096 2117 haec.
1182 2122 1188 2133 ¹

256 2216 261 2235 ¹
334 2201 499 2247 PACTIO.
534 2199 817 2273 Pnovocmo.
853 2172 1161 2253 TESTIMONIA*

41 2380 45 2387 ⁵
232 2306 337 2368 Pactio
355 2304 464 2388 igitur,
489 2325 548 2384 qua
565 2303 653 2364 Pasio
673 2305 745 2365 huic
770 2286 905 2368 mensam
925 2321 955 2369 et
982 2302 1150 2372 officinam
1169 2324 1310 2381 scutonu,

49 2390 52 2395 ’
145 2398 315 2457 iam-suum
333 2391 450 2473 argenti
469 2389 628 2472 negotium
646 2390 767 2466 locavit,
785 2393 859 2453 haec
874 2408 929 2468 est,
946 2396 1177 2458 Athenienses.
1194 2397 1308 2456 Audien-

144 2484 219 2545 dum
237 2499 310 2540 vero
329 2476 416 2537 vobis
436 2488 466 2535 et
491 2478 739 2557 cognoscendum
758 2491 819 2550 est,
846 2471 907 2559 quo
933 2494 1025 2560 pacto
1046 2484 1204 2544 undecim
1218 2483 1309 2542 talenta

141 2567 234 2629 Pario
253 2564 442 2623 ad'mensam
461 2559 607 2637 debuerit.
642 2561 750 2643 Neque
770 2564 850 2624 enim
877 2566 1057 2646 compulsus
1084 2569 1197 2650 inopia
1214 2565 1309 2636 debuit,

142 2652 198 2714 sed
219 2670 255 2709 cx
272 2648 349 2709 lucri
367 2645 539 2728 cupiditate.
564 2646 734 2707 Facultates
754 2649 835 2708 enim
853 2651 992 2711 Pasionis
1010 2665 1183 2717 terrestres
1204 2652 1308 2714 omniur

142 2734 255 2821 viginti
279 2729 434 2797 talentirm,
450 2733 591 2809 suerunt,
628 2744 659 2791 et
683 2747 804 2814 praeter
831 2757 880 2795 eas
905 2737 1024 2818 argenti
1052 2740 1104 2798 sui
1132 2752 1241 2802 mutuo
1263 2734 1309 2797 dati

142 2820 275 2902 amplius
294 2816 513 2898 quinquaginta
531 2817 650 2877 talenta.
669 2820 704 2878 ln
722 2819 881 2903 hisigitnr
899 2814 1130 2906 quinquaginta
1149 2823 1273 2891 talentis·
1281 2822 1308 2880 de

142 2923 269 2969 mensae
287 2902 432 2981 depositis
450 2902 723 2963 undecim-talenta
742 2909 923 2984 quaestuosa
942 2920 1036 2968 erant
1055 2911 1130 2986 Hic,
1152 2932 1189 2971 eo
1208 2925 1308 2969 mensae

141 3001 274 3075 quaestu
294 2986 463 3058 conducto,
482 3007 550 3044 cum
569 2986 706 3066 deposita
723 2991 892 3071 acciperet,
911 3006 941 3052 et
958 2994 1100 3069 videret,
1119 3019 1173 3069 se,
1191 2995 1308 3056 nondun

125 3081 175 3149 ,in
196 3072 350 3135 civitatem
368 3093 385 3129 a
402 3070 488 3131 vobis
507 3071 709 3152 adscriptum,
728 3097 791 3135 non
810 3070 900 3158 posse
919 3078 1041 3161 exigere
1062 3102 1120 3155 ea,
1141 3103 1220 3162 quae
1237 3077 1307 3140 Pario

139 3163 179 3227 acl
199 3158 314 3219 fundos
341 3167 371 3213 et
393 3157 482 3215 aede's
509 3168 677 3231 mutuarat,
702 3160 802 3240 ipsum
821 3163 981 3223 Pasioneu'a
1006 3165 1127 3226 habere
1156 3166 1307 3228 debitorem

138 3242 253 3311 maluit
270 3241 519 3320 eiuspecuuiae,
544 3264 633 3321 quam
652 3244 728 3304 alios
747 3246 917 3321 debitores,
942 3249 1055 3328 quihus
1074 3253 1237 3332 pecuniam
1248 3268 1306 3307 cre-

138 3331 245 3397 debat.
279 3326 317 3385 Et
336 3325 378 3385 sic
395 3338 521 3407 propter
539 3326 613 3389 haec
635 3328 814 3412 inscriptum
834 3334 928 3403 estin
947 3334 1157 3412 locationem,
1183 3331 1301 3398 undecim

137 3416 258 3481 debere
276 3411 388 3471 talenta
401 3411 577 3472 Pasionem:
595 3414 626 3473 id
641 3417 827 3493 quodetiam
841 3440 857 3477 e
869 3419 1001 3479 testibus
1014 3422 1191 3482 audivistis.
1206 3420 1306 3496 Quen-
1350 3420 1352 3433 '

136 3499 309 3567 admodum
328 3496 422 3578 igitur
440 3497 551 3558 locatio
570 3499 646 3558 sacta
665 3501 713 3573 sit,
733 3523 803 3561 eum
820 3503 931 3583 ipsum,
944 3506 1004 3584 'qui
1016 3506 1055 3566 ad
1070 3528 1213 3568 mensam
1228 3504 1308 3573 sedet,
1350 3550 1352 3557 .

135 3583 249 3653 testari
269 3581 432 3643 audivistis.
468 3583 543 3642 Post
560 3584 634 3644 haec
653 3607 721 3644 cum
740 3586 829 3647 Pasio
847 3590 878 3648 in
897 3590 1039 3651 morbum
1058 3591 1232 3665 incidisset,
1247 3609 1307 3650 4444-

66 3683 106 3737 90
135 3674 286 3741 fidente,
305 3667 393 3746 quale
411 3680 625 3731 testamentum
643 3669 757 3734 fecerit.
791 3669 873 3754 Cape
892 3677 1069 3736 testamenti
1088 3679 1269 3760 exemplum,
1284 3684 1308 3733 ct

134 3752 394 3845 provocationem
413 3751 500 3826 hanc,
518 3765 550 3815 et
565 3754 742 3817 testimonia
760 3759 834 3819 haec
853 3772 969 3835 eorum,
988 3783 1084 3842 penes
1105 3786 1188 3845 quos
1206 3760 1307 3824 tabulae
1348 3768 1352 3779 '

135 3846 317 3909 4114444444.
920 3878 923 3882 >
1204 3838 1219 3849 ’

212 4050 216 4059 ³
272 3986 459 4035 4444444444
484 3988 692 4069 4444444444.
726 3994 943 4041 44ο4ο44444.
977 3974 1194 4046 4444444444

226 4086 308 4165 sstem
333 4086 427 4177 igitur
450 4093 540 4157 Ρ4414
573 4070 714 4172 obiisset,
746 4100 806 4161 hoc
828 4094 1021 4173 testamento*
1037 4104 1142 4165 facto:
1175 4098 1306 4165 Ptomir

289 4174 354 4245 'rtur
372 4198 410 4241 444
433 4190 615 4243 testamento
635 4183 737 4258 ducit,
761 4185 857 4247 filiunt
875 4200 982 4249 tuetur
999 4200 1031 4250 et
1044 4196 1148 4250 curat
1181 4189 1243 4250 Sed
1257 4187 1306 4247 isto

84 4110 334 4470 &a
356 4259 393 4323 tle
419 4264 630 4327 communibus
656 4270 793 4350 pecuniis
820 4272 961 4335 multum
977 4264 1044 4335 esse
1075 4273 1307 4336 consumendum

312 4360 384 4417 κη
400 4346 508 4413 culmis
526 4350 589 4414 suis
613 4367 790 4443 reputantes
807 4370 944 4435 tutores,
968 4358 995 4421 si
1013 4381 1052 4422 ex
1077 4354 1307 4425 testamentode
