2722 4754
357 211 381 260 ‘.
437 185 487 248 IN
513 184 769 262 ‹APHDBUM
805 184 865 248 lll.
932 183 939 226 ἶ
977 256 978 259 ¹
1044 264 1052 299 x
1169 190 1231 254 408

98 298 105 310 t
302 299 342 329 -κ,
551 285 559 309 e
604 293 606 297 ·
698 288 725 319 η

51 332 173 420 vellet,
200 337 311 405 audite
331 352 363 401 et
387 339 589 414 considerate,
616 361 704 420 quam
728 339 794 400 iure
818 339 864 400 sit.
880 341 1054 416 damnatus,
1068 345 1231 424 ¹quamque
1308 375 1317 386 ·

53 444 130 485 non
148 445 275 485 necesse
294 425 401 498 fuerit,
419 438 596 506 propterea
614 425 737 509 Milyam
756 426 900 505 torqueri.
923 426 999 491 Nam
1017 428 1054 489 de
1073 427 1135 505 bis,
1153 443 1231 513 quae

54 509 289 592 praevaricatus
310 531 352 583 es,
369 508 418 568 lex
436 518 491 582 es't,
508 529 585 589 quae
601 509 701 569 verbis
721 510 836 589 apertis·
849 511 944 586 iubet,
960 526 991 577 te
1010 515 1231 593 aeque‘teneri,

52 598 98 676 'sac
126 597 152 658 si
176 595 243 676 ipse
267 608 398 655 teneres.
440 594 523 668 Quid
546 594 641 676 igitur
662 594 724 676 legi
748 593 792 653 rei
819 607 865 654 est
889 617 957 655 cum
981 599 1238 680 quaestionibusd,
1287 638 1292 646 ·

59 681 163 758 Quod
182 683 283 741 autem
302 681 338 740 ad
357 678 558 743 mutuatitiam
575 679 733 759 pecuniam
752 677 876 753 attinet,
903 702 971 740 cum
990 695 1021 742 et
1043 686 1117 744 socii
1136 683 1235 748 Xuthi
1252 710 1264 726 ⁸
1327 694 1333 701 ”

60 766 198 840 fueritis,
217 780 248 826 et
266 765 408 846 pecunias
427 764 529 846 partiti
546 764 622 835 sitis,
640 776 671 823 et
688 763 803 825 tabulas
821 765 1020 841 sustuleritis,
1040 781 1071 827 et
1088 768 1232 831 arbitratu

63 849 343 933 vestro-gesseritis
363 850 475 921 omnia,
500 862 529 909 ct
552 849 661 929 scripta
686 849 897 937 perdideritis,
922 864 958 910 ut
982 852 1102 911 Demon
1128 868 1233 916 contra

63 958 123 999 vos
141 947 269 996 testatus
289 946 351 1007 cst,
380 934 474 994 etiam
488 934 533 992 his
552 933 650 992 lacere
665 933 769 993 sucum
788 934 922 994 studetis.
957 936 1003 997 De
1020 934 1169 998 lectorum
1188 938 1232 1000 la‘-

21 1028 38 1093 J
64 1023 132 1084 bris
150 1033 274 1091 autem,
300 1019 343 1091 si,
369 1031 513 1099 correpta:
530 1020 657 1098 pecunia
683 1031 722 1095 et*
737 1037 846 1100 magno
871 1020 1008 1100 privatim
1033 1019 1234 1098 lucro-lacto,

67 1107 145 1168 meis
171 1106 208 1164 ad
232 1125 354 1164 usuram
380 1103 467 1176 datis,
495 1100 604 1181 quibus
631 1118 663 1163 tu
692 1103 766 1162 alios
792 1103 881 1163 etiam
905 1105 1074 1185 prohibere*
1093 1106 1234 1185 debebas,
1285 1110 1289 1115 ’

67 1213 124 1253 eos
143 1189 252 1250 deinde
272 1186 420 1248 sustulisti
439 1208 455 1246 e
473 1188 682 1266 medio‚·quid
701 1188 757 1248 tibi
774 1187 882 1248 facturi
900 1203 971 1250 sunt
987 1191 1102 1251 testes?
1125 1191 1243 1271 Neque⁴

41 1339 50 1345 ,
68 1276 153 1338 enim
168 1273 202 1332 ‹hi
218 1264 330 1344 'testati
340 1286 428 1343 sunt,
454 1272 541 1355 lateri
559 1286 603 1344 te,
630 1295 734 1332 usuras
755 1274 792 1332 de
810 1273 884 1331 meis
902 1275 1053 1356 accepisse
1072 1288 1104 1335 et
1120 1275 1233 1336 marici-
1337 1330 1340 1337 .

67 1363 122 1444 pia
138 1361 180 1432 a'd
194 1372 224 1417 te
242 1357 407 1438 recepisse:
425 1357 480 1416 sed
496 1369 529 1416 tu
548 1357 579 1415 in
594 1357 762 1416 rationibus
779 1357 926 1437 scripsisti
942 1359 1010 1432 ista,
1027 1360 1122 1440 eaque
1140 1373 1233 1422 testes

69 1445 295 1508 confirmarunt
330 1444 376 1502 De
402 1441 494 1500 ebore
516 1453 609 1521 pomo
634 1454 669 1501 et.
686 1442 767 1501 ferro
793 1442 862 1500 dico
880 1463 954 1524 ego,
979 1445 1108 1505 famulos
1128 1466 1234 1522 omnes
1307 1443 1309 1447 ’

69 1531 160 1603 scire,
177 1525 348 1587 vendidisse
367 1527 474 1598 istum,
493 1526 582 1605 eique
602 1537 632 1585 et
649 1533 714 1588 tum
734 1539 1115 1611 etnunc,lquemcu1qque
1132 1531 1235 1606 uellet,
1260 1546 1300 1603 29
1319 1570 1322 1579 ι

67 1617 110 1676 ad
128 1611 339 1694 quaestionem
356 1612 426 1686 dare
444 1610 535 1669 volui.
556 1611 690 1685 'Quodsi
708 1632 755 1669 me
775 1631 860 1684 eum,
885 1613 937 1691 qui
955 1615 1062 1690 sciret,
1088 1616 1158 1676 dare
1176 1637 1233 1677 no·
1296 1607 1299 1613 ¹

68 1700 186 1772 luisse,
201 1718 269 1768 cos,
289 1696 340 1775 qui
358 1695 526 1767 nescirent,
544 1695 675 1755 voluisse
695 1697 776 1755 dicet
792 1696 925 1757 tradere:
950 1700 1046 1759 multo
1065 1701 1159 1782 magis
1177 1700 1233 1761 lr'os

68 1785 120 1844 illi
139 1781 327 1863 accipiendos
347 1779 439 1839 luisse
457 1780 620 1860 apparebit.
653 1780 729 1840 Nam
754 1781 780 1839 si
803 1780 855 1854 ii,
871 1803 948 1860 quos
966 1787 1157 1854 utconscios
1173 1805 1233 1866 ego

71 1868 243 1939 tradebam,
272 1865 476 1950 eum'hornm
500 1864 576 1943 nihil
603 1864 713 1924 habere
741 1864 1018 1941 dixissent:'·omni
1043 1870 1101 1929 iam
1126 1870 1234 1949 utique

71 1953 202 2014 crimine
224 1950 368 2011 liberatus
395 1962 482 2008 esset
515 1953 629 2008 ¹Verum
656 1970 719 2019 non
744 1950 785 2008 ita
811 1962 872 2022 est,
897 1952 951 2010 sed
976 1953 1054 2012 clare
1077 1955 1233 2014 convictus

18 2045 27 2055 '
67 2039 191 2110 suisset,
208 2036 240 2094 se
259 2047 289 2094 et
306 2033 477 2093 vendidisse
494 2032 527 2109 et
544 2033 674 2113 pretium
688 2034 856 2114 recepisse:
874 2055 969 2114 eaque
987 2038 1024 2096 de
1043 2058 1130 2098 causa
1147 2060 1233 2119 prae·-

67 2121 171 2182 teritis
190 2119 245 2193 iis,
261 2121 348 2198 *quos
370 2118 527 2177 constabat
544 2138 609 2180 esse
628 2138 750 2191 servos,
775 2117 903 2177 liberum
921 2132 1065 2198 torquere
1083 2123 1112 2182 vi
1130 2123 1233 2181 stude·
1296 2114 1306 2130 ⁴

66 2207 143 2281 bat,
179 2225 269 2284 quem
287 2224 344 2271 nec
361 2202 541 2281 traderelas
561 2215 640 2276 erat,
676 2223 739 2265 non
759 2202 1052 2284 reixcomperiendae
1069 2206 1235 2280 studiosos,
1325 2202 1340 2214 '⁴

65 2292 127 2352 sed
145 2289 176 2350 id
195 2309 359 2368 quaerens,
381 2300 433 2361 ut,
451 2309 489 2346 eo
508 2308 570 2346 non
589 2299 919 2368 accepto„praetextus
938 2289 998 2347 sibi
1015 2288 1122 2369 aliquis
1140 2291 1252 2350 relin-=

65 2388 227 2456 queretur.
261 2375 308 2434 De
327 2372 373 2431 his
392 2372 485 2454 igitur
503 2371 662 2446 omnibus,
690 2394 724 2432 ac
743 2373 873 2452 primum
893 2374 930 2433 de
949 2374 1038 2447 dote,
1067 2375 1178 2435 deinde
1196 2376 1243 2436 de*

64 2461 126 2535 iis,
146 2479 224 2540 quae
242 2458 318 2517 mala
336 2458 396 2516 fide
414 2457 647 2531 administravit,
670 2469 741 2537 post
759 2458 796 2517 de
815 2457 939 2518 caeteris
957 2471 992 2518 ut
1010 2459 1084 2518 certi
1101 2459 1184 2534 sitis,
1203 2471 1235 2520 et
1327 2519 1328 2522 ,

65 2545 155 2630 leges
174 2543 261 2607 vobis
281 2555 311 2604 et
327 2543 506 2603 testimonia·
517 2541 738 2605 recitabuntur·
775 2548 779 2559 “

80 2674 88 2685 ’
152 2722 200 2739 .,
285 2735 287 2740 ,
345 2673 368 2755 J
427 2681 562 2738 nncaen's'.
605 2692 880 2738 resr1mon1a
940 2715 945 2720 -

160 2801 266 2879 Neque
284 2818 357 2859 vero
377 2818 413 2857 cx
431 2796 478 2857 his
495 2797 594 2856 solnm
612 2795 819 2877 cognoscetis,
853 2795 969 2857 nullam'
985 2797 1013 2857 ei
1029 2798 1136 2858 iactam
1154 2798 1236 2859 iniu-
1292 2816 1298 2839 ³
1332 2847 1349 2873 a,

68 2885 150 2946 riam
175 2905 228 2958 eo,
257 2884 340 2963 quod
364 2882 518 2941 hominem
543 2881 575 2939 in
600 2881 808 2960 quaestionem
831 2896 895 2941 non
921 2882 1070 2943 dederim:
1096 2884 1150 2943 sed
1174 2883 1238 2964 ipsa

69 2969 165 3030 etiam
181 2985 215 3028 re
234 2967 430 3028 considerata.
464 2967 617 3025 Ponamus
634 2962 722 3039 sane,
745 2965 870 3049 Milyam
888 2965 919 3026 in
936 2966 1003 3028 rota
1019 2969 1173 3047 torqueri,
1196 2980 1237 3041 et,
1256 2984 1263 3004 ‘

70 3055 149 3136 quid
167 3044 204 3114 ab
224 3056 261 3114 eo
280 3051 339 3115 dici
357 3051 469 3133 optarit
485 3049 686 3132 potissimum,
703 3063 881 3129 spectemus.
905 3051 1017 3111 Nonne
1036 3053 1105 3126 boc,
1122 3075 1154 3113 se
1172 3073 1237 3113 non
1306 3068 1310 3074 '

71 3160 141 3212 esse
160 3138 332 3210 conscium,
350 3159 386 3204 an
406 3137 499 3196 ullam'
517 3134 656 3195 habuerit
672 3135 729 3194 iste
747 3135 927 3214 pecuniam?
945 3137 1031 3208 Esto,
1049 3138 1135 3198 dicat
1160 3138 1236 3197 Pro,
1283 3155 1293 3168 ‘
1341 3208 1349 3215 ..

69 3237 219 3306 ptereanc
237 3223 350 3282 nullam
369 3220 482 3281 hahet?
517 3219 647 3279 Multum
663 3224 746 3304 ¹certe
765 3219 872 3279 abest:
898 3241 950 3280 eos
970 3223 1049 3282 enim
1068 3242 1126 3304 ego
1143 3236 1237 3283 testes

71 3307 202 3381 adduxi,
229 3307 362 3387 quirem
382 3319 412 3365 et
429 3305 529 3365 sciunt
547 3317 577 3370 et
594 3304 805 3364 interfuerunt
847 3306 1070 3387 Argumentum
1088 3320 1189 3369 autem
1207 3316 1239 3367 et

70 3392 217 3476 probatio
237 3404 298 3464 est,
324 3411 386 3450 non
410 3390 436 3450 si
455 3390 521 3469 quis
540 3387 763 3468 istumflaliquid
782 3385 893 3448 habere
910 3390 1024 3452 nesciat
1049 3390 1138 3473 (tales
1157 3392 1237 3452 enim
1287 3389 1298 3459 s

73 3499 142 3539 esse
159 3477 257 3555 multi
276 3470 419 3555 queant),
443 3476 496 3535 sed
520 3474 550 3533 si
565 3473 631 3553 quis
649 3473 729 3533 sciat
764 3468 840 3533 Cum
866 3474 938 3533 vero'
962 3486 1011 3535 tot
1032 3488 1125 3536 testes
1150 3477 1183 3534 in
1201 3489 1238 3536 te

74 3562 210 3637 diacrint
235 3560 457 3620 testimonium:
493 3559 645 3638 quodnam
670 3557 877 3618 testimonium
904 3560 1068 3633 accusaris,
1103 3561 1239 3622 ostende.

77 3647 250 3708 ostendere
269 3666 332 3704 non
350 3657 445 3726 potes.
480 3643 594 3703 Annon
612 3643 706 3724 igitur
723 3643 787 3724 ipse
805 3655 835 3704 te
853 3644 1002 3724 mendacii
1020 3645 1140 3728 arguis,
1166 3646 1237 3706 dnm

38 3798 42 3805 ‚
74 3732 188 3793 iniuria
211 3744 242 3791 te
266 3729 408 3789 allectum
434 3741 465 3788 et
488 3728 595 3807 iniquo
614 3728 851 3787 circumventum
870 3749 935 3789 esse
958 3729 1071 3791 iudicio
1096 3730 1257 3803 clamitas,

54 3869 57 3873 ,
76 3820 161 3898 quod
179 3815 336 3876 hominem
355 3834 417 3873 non
435 3813 601 3894 acceperis,
620 3813 673 3891 qui
692 3833 760 3885 cos,
786 3813 839 3891 qui
856 3814 958 3874 testati
975 3827 1062 3889 sunt,
1080 3813 1239 3875 habere·te
1291 3816 1295 3863 ἶ

77 3916 115 3964 et
126 3900 278 3983 accepisse
299 3921 343 3972 ea,
360 3899 398 3958 de
418 3898 527 3978 quihus
544 3911 686 3976 tanquam
706 3918 768 3956 non
786 3897 898 3958 relictis
916 3894 1041 3983 Milyam
1057 3899 1240 3980 postulabas,-

76 3987 144 4049 falsi
162 3984 332 4063 testimonii
349 4005 417 4042 reos
437 4003 500 4042 non
517 3981 646 4042 feceris?
678 4003 760 4061 quos
778 3982 873 4064 longe
887 3983 1043 4043 honestius
1062 3983 1186 4058 fuisset,
1214 3984 1240 4044 si
1284 3992 1308 4037 ‘-

76 4073 297 4149 laesusesses,
321 4068 470 4149 persequi.
511 4067 573 4126 Sed
589 4067 687 4126 laesus
700 4072 721 4148 xa
739 4066 879 4139 nemine,
905 4068 1152 4134 calumniatorem
1169 4068 1241 4152 agis.

77 4156 123 4218 Ac
141 4156 247 4223 multis
263 4155 362 4217 modis
379 4167 430 4214 tua
449 4151 629 4234 perspicitur
645 4151 840 4232 improbitas:
874 4152 1010 4233 inprimis
1029 4167 1141 4226 autem,
1154 4154 1183 4213 si
1201 4154 1247 4214 de-

77 4222 395 4318 teitamtnsalipid
411 4238 566 4297 referatur.
585 4233 662 4296 Cum
674 4234 771 4310 enim,
788 4237 916 4311 ludices,
933 4250 1019 4318 pater
1033 4237 1144 4312 omnia,
1163 4258 1241 4318 qnae

78 4325 221 4408 reliquit,
244 4324 425 4389 testamento
443 4320 631 4402 inscripserit
648 4335 679 4382 et
696 4320 950 4409 domumleloeari
967 4321 1103 4396 iusserit,
1128 4323 1163 4397 id
1178 4343 1241 4392 non
1289 4350 1293 4357 ·

962 4406 1040 4481 oo*
1243 4456 1244 4465 a
