2722 4754
415 206 799 275 <somnone
869 189 961 285 ’,ἶ
1162 217 1222 274 ιιι
1294 242 1297 246 -

56 368 148 429 ullo
139 392 171 429 nr
188 368 340 447 numero.
356 391 420 429 non
438 381 528 442 certe,
547 390 614 429 cnm
627 370 739 451 patriae
755 387 827 449 opes
842 380 1032 449 augerentur.
1050 342 1126 426 Nam
1146 389 1223 448 quae
1303 362 1330 430 s

59 454 198 518 societas
201 468 254 514 tua
273 474 382 535 opera·
387 468 432 515 est
449 453 522 513 inita
537 476 608 516 cum
618 450 808 534 republica?
837 455 920 533 quod
939 455 1032 513 latum
1053 444 1223 513 aurrilium.P
1284 518 1286 528 ¹

63 562 136 625 qnae
152 552 255 640 parta
260 539 474 600 benevolentia
499 551 551 598 aut
568 539 691 622 gloria?-
710 559 787 618 quae
806 538 889 598 obita
906 540 1039 622 legatio?
1065 527 1148 619 quod
1165 537 1223 597 mi-

65 626 232 697 nisterium,
257 646 314 705 per
331 627 416 705 qnod
438 624 608 703 respublica
633 625 711 685 iacta
728 624 769 683 sit
786 624 997 689 honoratior?
1014 625 1085 704 quid
1105 633 1223 684 nostra
1208 631 1228 647 “
1257 641 1263 649 ·

67 735 138 803 nm,
155 710 226 790 quid
239 704 490 769 Graecanicarum
507 727 620 783 rerum,
638 722 690 769 aut
681 708 910 791 hospitalium,
929 709 1038 788 quibus
1057 707 1234 789 praefuistit¹

71 809 161 882 perte
180 789 370 859 correctum?
387 816 464 873 quac
481 795 639 855 triremes?
667 817 743 875 quae
763 795 863 854 armasP
890 815 966 874 quae
985 795 1141 853 navalia?
1138 813 1225 874 quae

74 894 214 945 murorum
238 879 440 938 instauratio?
466 901 520 958 qur,
508 858 709 959 icquitatus?
733 901 809 960 quae
835 879 968 959 denique
994 878 1091 953 ullis
1082 901 1113 936 ιιι
1130 879 1224 937 rebus
1285 908 1296 936 ⁴,

59 969 115 1031 ιιι
129 965 182 1026 luit
197 964 331 1024 utilitas?
350 965 433 1048 quod
450 965 498 1024 ιιι
516 965 719 1045 locupletibus
732 965 780 1024 vel
792 965 935 1024 tenuibus
950 963 1036 1024 civile
1051 976 1081 1022 ιι
1093 960 1224 1042 iequum

79 1074 125 1139 per
137 1065 165 1111 te
180 1049 271 1109 latum
291 1036 337 1109 est
353 1050 499 1130 pecuniae
517 1050 682 1111 auxilium?
700 1038 832 1110 Nullum
864 1050 924 1109 Sed
943 1049 1020 1108 heus
1040 1062 1128 1121 tu,s1
1119 1046 1223 1106 nihil

81 1141 188 1208 borum,
210 1146 339 1194 atcerte
366 1135 578 1215 benevolentia
597 1148 627 1195 et
653 1136 794 1196 studium.
828 1134 911 1195 Ubi.
938 1135 1081 1215 quando?
1108 1133 1222 1214 qui,o

84 1223 196 1286 omniurn
213 1218 412 1298 iniquissime,
432 1242 500 1281 cum
520 1232 642 1293 omnes,
660 1233 815 1300 quotquot
832 1242 965 1298 unquam
985 1241 1019 1279 os
1037 1241 1093 1300 pro
1112 1238 1239 1301 sugge-

86 1323 126 1371 ιιι
141 1317 314 1387 aperuerant,
332 1306 369 1364 ad
388 1305 515 1364 salutem
533 1305 648 1385 aliquid
667 1306 850 1378 conferrent,
869 1328 936 1364 οιιιιι
952 1305 1088 1384 denique
1102 1304 1223 1364 Aristo

41 1420 43 1429 ·
88 1416 159 1456 nisus
166 1408 302 1449 nummos
321 1391 356 1449 ad
377 1390 554 1472 dignitatern
571 1382 807 1471 recuperandam
825 1390 987 1464 collectos,
1014 1411 1053 1449 ne
1071 1403 1136 1461 tum
1155 1384 1253 1469 qni-¹

91 1475 196 1549 denvel
217 1475 425 1555 prodiistivcl
449 1475 575 1558 largitus
594 1497 625 1536 es
653 1477 831 1576 quicquam.
862 1498 926 1534 non
945 1496 981 1535 ex
1008 1475 1119 1556 inopia
1158 1474 1222 1567 Qui
1246 1464 1309 1533 210

42 1590 51 1597 ·
90 1562 170 1624 enin?
191 1582 240 1639 qur
231 1558 475 1621 'haereditatem
494 1562 609 1642 ceperis
627 1550 783 1635 Philonis,
801 1561 900 1620 affinis
913 1561 977 1636 tui,
996 1562 1167 1641 pecuniae
1160 1561 1223 1621 am-

77 1647 160 1734 'plius
169 1644 298 1745 quinque
324 1643 490 1718 talentirm,
516 1660 547 1706 et
565 1648 696 1706 duorum
721 1641 869 1707 talentiin
896 1669 1006 1709 munus
1036 1668 1071 1706 ex
1097 1634 1225 1706 collecta

41 1788 59 1799 s
90 1731 221 1812 acceperis
232 1730 393 1790 aducibus
421 1745 587 1807 coetuum,
607 1746 733 1813 propter
751 1733 871 1814 legem
878 1728 1032 1792 navalem
1040 1730 1272 1814 ιιιιιιιιιιιιιι.,ΙΙ

91 1820 135 1879 Sed
149 1837 181 1876 ne
197 1814 276 1877 aliud
303 1837 339 1874 ιιι
357 1817 416 1876 alio
443 1818 574 1876 dicendo
593 1840 609 1876 a
626 1818 786 1900 proposito
812 1817 974 1891 excidam,
988 1817 1225 1898 praetermittam
1273 1829 1279 1839 “

90 1906 159 1966 baec:
173 1922 237 1960 nam
246 1912 284 1958 ιι
303 1920 365 1960 ιιοιι
385 1923 420 1961 ιιι
439 1903 541 1991 inopia
560 1903 636 1962 nihil
661 1903 827 1983 contulisse
847 1925 882 1962 ex
900 1903 946 1961 his
965 1915 1135 1981 apparet,
1122 1903 1178 1960 sed·
1194 1901 1225 1959 id
1290 1913 1311 1928 ⁶

91 1986 232 2058 urentem,
255 2007 294 2046 ιιι
313 1986 374 2045 ulla
392 2008 425 2047 re
442 1984 512 2047 illos
539 1984 728 2061 offenderes,
753 1974 863 2068 quibus
890 2009 994 2047 omnes
1014 1987 1046 2046 in
1070 1973 1226 2067 republica

90 2072 143 2136 tua'e
157 2071 285 2131 serviunt
308 2072 451 2132 actiones.
487 2075 520 2132 ln
540 2074 650 2152 quibus
677 2074 771 2156 igitur
789 2073 880 2133 rebus
899 2082 945 2132 tu
951 2073 998 2132 vir
1014 2073 1100 2132 fortis
1121 2094 1168 2145 es,
1195 2083 1226 2130 et
1307 2106 1310 2113 ·

41 2194 45 2203 =
90 2157 186 2241 quando
207 2153 403 2237 splendidus?
432 2155 508 2219 Cum
527 2159 641 2241 aliquid
666 2170 768 2235 contra
787 2159 844 2218 hos
871 2159 1032 2218 dicendum
1052 2170 1113 2226 est:
1138 2155 1225 2215 iniis

55 2243 61 2249 ’
92 2266 118 2305 es
130 2254 190 2303 voce
204 2240 383 2317 clarissima
409 2245 647 2324 expromtissima
666 2241 828 2317 nremoiia,
840 2246 988 2325 optimus
1012 2242 1138 2330 histrio,
1164 2254 1226 2300 tra-

64 2338 66 2343 '
90 2330 156 2412 girus
170 2326 357 2391 Theocrines
381 2329 420 2388 Et
436 2342 571 2389 ueterum
590 2331 806 2424 praestantium
824 2330 958 2391 virorum
976 2324 1165 2393 mentionem
1183 2328 1237 2386 la-

91 2413 140 2474 cis?
154 2413 228 2471 Bene
245 2434 317 2473 sane
335 2414 416 2474 lacis.
433 2415 504 2474 Non
522 2429 623 2475 tamen
638 2438 768 2496 aequum
782 2428 837 2489 est,
855 2414 1071 2488 Athenienses,
1087 2427 1123 2472 ut
1136 2434 1226 2472 occu-

89 2510 154 2580 pata
158 2517 187 2556 ea
202 2497 422 2573 benevolentia,
430 2523 502 2584 qua
517 2523 571 2561 vos
591 2502 751 2561 desun'ctos
769 2500 1000 2582 prosequimini,
1019 2505 1086 2560 eu'm
1105 2499 1164 2558 illis
1179 2518 1228 2556 me

53 2634 56 2639 ,
91 2596 226 2665 componpt
243 2595 273 2643 et
296 2574 462 2659 conserat,
474 2608 527 2666 qur
518 2586 701 2661 vobiscum
724 2588 793 2646 vito
820 2586 1015 2646 familiariter.
1051 2586 1136 2660 Quis
1148 2582 1229 2645 enim
1292 2600 1296 2607 '

60 2672 63 2679 '
89 2669 190 2751 ignorat
212 2670 362 2768 omniurn,
386 2673 522 2732 viventes
541 2693 646 2732 omnes
672 2673 812 2750 invidiae
819 2672 867 2731 vel
884 2671 953 2752 plus
970 2671 1019 2730 vel
1044 2671 1145 2729 minus
1164 2688 1230 2728 esse
1326 2736 1328 2741 ⁴

92 2752 264 2827 obnoxios,
255 2777 287 2813 ιιι
313 2756 474 2816 defunctos
498 2770 605 2818 autem·
625 2758 715 2818 etiam
739 2757 874 2834 hpstium
900 2756 969 2815 odia
994 2753 1231 2834 conquiescere?

42 2910 45 2915 ι
91 2839 166 2912 Quae
180 2860 239 2899 enm
254 2853 360 2918 natura
379 2842 419 2901 ita
438 2856 607 2922 comparata
622 2844 701 2902 sint:
719 2866 787 2902 cum
801 2842 837 2903 iis
853 2863 919 2924 ego,
939 2841 992 2921 qui
1010 2839 1231 2900 ante'me-sue'-
1295 2862 1297 2866 ’

75 2935 244 2994 ἰιιιιιιιιιιιο
262 2947 429 3008 componor
447 2940 477 2986 et
494 2929 635 3008 specter?
665 2929 870 3009 Nequaquam.
889 2947 989 3007 neque
1009 2927 1089 2986 enim
1108 2925 1234 2997 iustum,

50 3018 54 3023 '
90 3020 175 3088 neque
187 3030 244 3089 par
252 3024 316 3085 est,
334 3011 501 3073 Aeschine:
526 3015 580 3073 sed
595 3028 700 3074 tecum
718 3028 750 3074 et
768 3034 836 3073 cum
855 3014 919 3072 alio.
934 3011 1059 3092 quovis,
1079 3032 1135 3091 qur
1148 3023 1232 3070 tuam
1323 3030 1328 3034 ·

90 3104 184 3152 sertam
196 3102 373 3175 sequuntur,
392 3098 513 3178 quique
524 3101 637 3160 vivunt.
632 3092 757 3179 Atque
775 3099 851 3159 illud
870 3099 1037 3170 considera,
1054 3110 1161 3156 utrum
1171 3095 1232 3154 ho-

91 3179 186 3238 nestius
195 3192 238 3239 et
254 3183 463 3262 praestabilius
490 3185 529 3244 sit
553 3179 898 3266 reipublicae'propter
912 3196 1049 3243 veterum
1076 3181 1242 3255 beneficia,
1297 3214 1300 3219 ·

91 3278 232 3347 quaesunt
248 3267 411 3342 immensa,
437 3291 566 3349 quornm
585 3271 692 3370 utique
710 3271 888 3352 magnitudo
907 3268 1007 3330 verbis
1027 3266 1152 3348 exprimi
1170 3287 1234 3325 non

53 3424 60 3430 ‘
90 3361 181 3428 potest,
197 3372 237 3424 ea,
256 3374 334 3432 quae
354 3353 385 3413 in
404 3354 480 3415 hanc
499 3356 606 3417 collata
624 3357 715 3416 vitam
734 3368 835 3429 sunt,
824 3355 971 3415 abiicere
991 3367 1022 3413 et
1039 3353 1234 3414 conculcare:

92 3454 126 3494 an
132 3435 273 3536 omnibus,
292 3462 346 3521 qur
337 3440 478 3520 aliquid
497 3455 591 3524 agunt
608 3441 695 3506 bono
710 3441 823 3514 studio,
845 3430 987 3501 honoris
991 3451 1021 3499 et
1039 3437 1235 3521 benignitatis

52 3605 56 3609 ·
92 3519 221 3603 quippiam
232 3545 249 3582 a
261 3525 418 3605 republica
435 3526 551 3590 tribui.P
569 3528 770 3628 Quamquam,
789 3549 814 3586 sr
806 3526 887 3588 hoc
905 3526 981 3586 mihi
998 3525 1160 3585 dicendum
1179 3532 1236 3595 est,

89 3623 145 3664 mea
159 3607 276 3686 quidem
292 3623 357 3670 aeta
377 3624 407 3672 et
426 3612 609 3685 consilia,'
585 3636 611 3672 ιι
630 3614 697 3693 quis
715 3626 798 3672 reete
810 3610 999 3684 consideret,
1017 3611 1140 3671 illorum
1153 3622 1235 3670 tem·
1307 3668 1311 3677 ,

88 3711 178 3769 porum
194 3693 376 3756 laudatos'
349 3718 429 3756 varos
447 3699 600 3773 aemulari,
620 3700 788 3779 eodemque
807 3697 915 3757 referri
933 3694 1147 3797 deprehendet
1170 3697 1236 3753 Tua
1253 3694 1264 3713 ““
1306 3692 1310 3697 ”

88 3795 149 3836 uero
164 3799 227 3854 eos,
252 3781 394 3860 quitum
421 3782 489 3843 illos
514 3784 710 3844 incessebant
746 3781 874 3845 Constat
901 3783 1000 3856 enim,
1023 3793 1089 3841 tum
1113 3798 1236 3862 qnoque
1270 3846 1276 3853 ἱ
1320 3855 1321 3858 ¹

87 3856 166 3921 luisse
181 3865 307 3946 aliquos,
326 3890 379 3946 qur
370 3867 535 3953 aequales
554 3890 625 3931 suos
644 3871 864 3944 cavillarentur,
883 3869 1055 3952 superiores
1070 3866 1237 3936 laudarent,
1256 3862 1259 3868 ’
1307 3886 1311 3896 ·

87 3946 115 4005 in
131 3969 183 4027 quo
200 3950 313 4025 invide,
331 3952 473 4050 idemque
492 3967 592 4014 tecum
612 3954 769 4016 faciebant
791 3958 874 4015 ltane
892 3977 941 4015 me
959 3975 998 4014 ne
1018 3951 1237 4013 conferendum
1283 3975 1285 3978 ⁴

86 4026 201 4111 quidem
211 4058 278 4096 curn
296 4037 356 4098 illis
376 4044 440 4099 e'sse
459 4039 553 4100 dicis.P
587 4043 635 4101 Tu
653 4063 726 4102 vero
753 4042 974 4112 conserendus,
1000 4036 1171 4109 Aeschine,
1200 4058 1238 4094 an

67 4116 166 4205 ,stater
180 4133 248 4182 tuus
266 4137 319 4183 aut
337 4124 436 4204 quivis
455 4126 531 4186 alius
548 4126 647 4187 nostri
666 4127 760 4189 seculi
778 4125 954 4187 oratorum?
972 4122 1122 4203 Equidem
1140 4122 1239 4182 ullum

87 4224 143 4263 esse
159 4226 241 4297 nego
277 4209 338 4268 Sed
358 4232 426 4270 cum
444 4210 633 4286 viventibus,
652 4235 670 4272 ο
690 4213 770 4273 bone
788 4211 935 4311 (nequid
953 4208 1035 4269 aliud
1054 4206 1175 4293 dicam),
1193 4207 1239 4266 vi·
1297 4276 1302 4287 ι

67 4294 193 4357 „rentem
206 4315 345 4379 compara
360 4308 391 4356 et
405 4316 469 4371 eos,
487 4299 624 4378 quisunt
639 4299 792 4359 eiusdem·
787 4296 932 4380 generis,
943 4307 978 4360 ut
991 4298 1115 4363 caetera
1121 4292 1240 4354 omnia:

41 4419 46 4427 »
85 4381 195 4459 potus,
204 4374 326 4515 choros,
342 4395 474 4446 actores·
501 4382 709 4499 l’hilammon,
732 4406 797 4445 non
814 4383 901 4464 quod
917 4381 1032 4509 Glauca
1038 4376 1190 4466 Carystio
1209 4388 1241 4439 et
