2722 4754
128 175 191 237 est
347 154 1122 253 nan-osrmernsnrrennarro
1205 230 1210 242 „

42 340 50 352 ⁵
129 327 239 406 lllultas
257 327 387 387 humiles
413 339 443 385 et
467 324 591 385 serviles
615 345 720 404 operas
745 321 895 405 ingenuos
914 320 1055 381 homines
1074 327 1238 399 paupertas
1256 313 1299 402 sa-

130 434 198 474 cere
217 412 314 492 cogit:
344 409 383 469 ob
403 433 475 490 quas
495 410 788 470 commiserationem
807 408 930 487 potius,
948 427 1036 486 quarn
1055 401 1297 463 internecionem

130 509 293 558 merentur.
328 498 370 555 Ut
388 496 468 575 enim
488 502 545 577 ego
563 495 672 566 audio,
689 493 813 552 multae
832 490 984 551 mulieres
1005 490 1090 550 circs:
1104 501 1136 547 et
1154 485 1299 555 nutrices,
1322 490 1345 505 ·'

43 646 51 657 ,
125 587 163 642 'et
180 579 398 654 mercenariae,
421 593 452 645 et
468 580 693 642 vindemitriees
709 578 806 638 factae
825 588 897 636 sunt
911 588 1039 656 propter
1055 571 1245 652 reipublicae
1262 569 1299 626 il-

116 664 230 724 'lorum
248 677 421 746 temporum
440 664 637 724 calamitates:
664 663 784 743 vmultae
804 661 874 720 item
895 681 930 720 er
948 659 1134 741 pauperibus
1153 676 1236 714 nunc
1254 654 1301 712 lo-

131 751 299 830 cupletatae
317 763 395 811 sunt
431 750 492 809 Sed
511 751 549 809 de
560 745 612 808 'his
632 746 740 812 statim.
775 742 865 805 Nunc
883 757 975 804 testes
992 765 1074 804 roca.
1103 814 1106 817 ,

481 955 484 960 ,
603 882 825 944 rueres
907 868 911 877 ’
997 952 1056 961 ,μ

198 1003 269 1062 -llle
291 1003 387 1086 igitur
410 1015 440 1063 et
464 1024 481 1062 a
504 1014 599 1061 matre
622 1022 688 1061 esse
706 1000 801 1060 civem
821 1011 852 1058 et
868 1018 885 1058 a
902 1006 1014 1078 patre,
1028 995 1140 1076 partim
1158 1015 1201 1078 ex·
1214 991 1301 1052 dictis

124 1087 256 1147 'testium
271 1089 367 1147 modo
386 1086 592 1169 cognovistis,
609 1086 716 1165 partim
735 1106 771 1145 ex
788 1084 843 1157 iis,
862 1102 940 1162 quae
958 1081 1041 1162 priua
1061 1081 1098 1140 de
1118 1092 1206 1160 patre
1224 1079 1301 1138 dicta

66 1216 69 1221 -
101 1193 107 1199 ’
133 1185 212 1231 runt.
247 1173 353 1243 Restat
370 1171 480 1253 igitur,
505 1185 543 1231 ut·
558 1172 595 1231 de
621 1191 668 1230 me
692 1170 760 1250 ipso
784 1169 863 1249 apud
883 1189 937 1226 vos
955 1167 1075 1237 dicam„
1094 1164 1190 1238 Quod
1204 1163 1302 1248 igitur

17 1271 44 1310 ¹.
63 1315 67 1322 ,
134 1255 388 1335 simplicissimum
407 1269 452 1316 est
470 1268 501 1315 et
519 1255 735 1330 iustissimum,
753 1277 821 1314 cum
839 1274 876 1312 ex
893 1251 1030 1331 utrisque
1048 1249 1229 1330 parentibus
1247 1248 1301 1308 sirn

135 1337 226 1413 civis,
244 1361 313 1400 eum
332 1353 363 1400 et
379 1340 578 1402 hereditatem
596 1354 627 1400 et
643 1360 739 1423 genus
758 1339 1032 1408 simeonseeutus,
1051 1347 1105 1397 me
1120 1354 1187 1393 esse
1207 1333 1301 1392 civem
1349 1392 1352 1397 ,

134 1424 261 1484 affirmo.
296 1426 356 1502 Sed
374 1437 475 1487 tamen
494 1425 611 1499 omnia,
637 1446 714 1505 quae
733 1423 934 1493 conveniunt,
962 1441 1044 1481 ame
1064 1441 1130 1480 esse
1149 1417 1302 1499 praestita,

134 1508 272 1595 probabo
289 1509 418 1570 testibus
435 1510 610 1590 productis,
643 1523 679 1570 ut
696 1511 888 1572 introductus
906 1506 963 1566 sim
981 1504 1187 1575 adeuriales,
1217 1516 1254 1562 ut
1271 1502 1302 1561 in

75 1648 85 1656 ι
135 1591 334 1673 municipium
352 1593 408 1653 sim
426 1594 610 1674 adscriptus,
634 1608 670 1654 ut
686 1595 724 1653 ab
741 1594 806 1653 istis
825 1593 897 1673 ipsis
911 1591 1051 1651 'delectus
1070 1590 1146 1661 sim,
1171 1600 1208 1647 ut
1224 1588 1301 1646 inter

56 1688 62 1698 '
98 1723 102 1731 s
135 1676 341 1738 nobilissimos
360 1679 398 1738 de
416 1679 586 1738 sacerdotio
605 1679 745 1740 Herculis
764 1678 903 1752 sortirer,
938 1673 1185 1758 utfmagistratus
1200 1692 1300 1754 gesse-

115 1762 194 1830 ,rim
211 1762 402 1846 approbatus.
424 1767 521 1824 ¹Voce
538 1764 614 1824 mibi
632 1785 693 1825 eos.

523 1965 527 1970 ,
616 1883 830 1958 ιἘἐιΕε.
881 1930 891 1952 .

223 2017 328 2090 Quam
340 2029 441 2078 autern
459 2017 623 2077 absurdum
640 2017 748 2091 fuerit,
773 2015 909 2089 Iudices,
932 2014 958 2075 si
975 2015 1017 2074 ita
1036 2013 1112 2073 milri
1129 2004 1306 2072 obvenisset

38 2110 41 2119 “
138 2100 363 2176 sacerdotium„
385 2115 421 2162 ut
438 2102 573 2162 delectus
592 2103 722 2175 sueram,
753 2100 925 2182 oportuisse
950 2117 998 2158 me
1016 2119 1074 2179 pro
1099 2099 1166 2157 istis
1192 2097 1305 2157 sacrifi-

42 2189 45 2193 ’
139 2197 218 2255 e'are,
235 2195 266 2243 et
282 2184 358 2245 istos
375 2207 435 2247 nna
452 2185 618 2246 sacrificare
637 2208 770 2246 mecum:
788 2207 869 2246 nnnc
889 2197 992 2244 autem
1008 2185 1133 2244 eosdem
1150 2183 1226 2242 istos
1244 2203 1304 2241 non

64 2317 89 2357 ‘.
139 2266 325 2349 permittere,
341 2283 376 2330 ut
395 2278 452 2352 ego
470 2292 530 2332 una
549 2260 626 2330 curu‘¹
636 2272 683 2331 eis
697 2293 779 2331 sacra
796 2270 923 2331 faciam?
941 2265 1071 2329 Constat
1087 2268 1192 2350 igitur,
1209 2266 1305 2327 Athe·

138 2351 279 2425 arienses,
307 2374 355 2413 me
373 2376 428 2435 per
445 2376 535 2414 omne
553 2357 705 2435 reliquum
722 2368 842 2436 tempus
858 2355 941 2436 'apud
958 2350 1064 2415 omries
1085 2354 1157 2428 eos,
1181 2352 1235 2433 qui
1254 2372 1318 2411 me.

77 2511 79 2514 y
139 2457 222 2495 nunc
239 2439 502 2511 accusant,·civem
521 2461 586 2499 esse
606 2439 748 2500 habitum.
768 2441 875 2519 Neque
894 2439 974 2521 enim
992 2438 1189 2520 peregrinum
1208 2449 1240 2495 et
1255 2437 1302 2494 in-

69 2589 74 2607 ,
141 2520 302 2600 quilinum,
320 2536 357 2582 ut
374 2545 455 2584 nuno
471 2525 516 2584 ait·
530 2524 707 2598 Eubulides,
725 2525 772 2584 vel
788 2525 980 2608 magistratus
998 2534 1115 2606 gerere,
1140 2522 1189 2583 vel
1208 2541 1304 2580 sacer-

141 2605 259 2665 dotium
278 2607 380 2666 sortiri
397 2629 501 2668 secum
518 2604 668 2670 delectum
687 2610 819 2669 sinisset:
844 2622 962 2669 namet
980 2609 1044 2690 ipse
1062 2607 1121 2668 luit
1138 2629 1159 2667 e
1174 2605 1304 2666 sortien-

105 2774 114 2781 ἱ
139 2688 222 2750 tibus
241 2704 272 2751 et
289 2692 422 2753 delectis.
438 2692 548 2773 Neque
564 2693 665 2768 etiam,
682 2717 750 2754 cum
767 2706 852 2755 vetus
872 2694 901 2753 ei
918 2715 1036 2754 mecum
1055 2687 1193 2757 simultas
1212 2691 1304 2749 inter-

141 2774 279 2848 cederet,
313 2776 344 2837 in
363 2777 539 2858 hocusque
556 2791 675 2860 tempus
695 2780 890 2852 distulisset,
911 2779 995 2857 quod
1013 2800 1051 2839 an
1069 2770 1209 2856 unquam
1224 2776 1303 2841 futu-

140 2880 208 2918 rum
227 2873 323 2935 esset,
340 2861 431 2921 nemo
448 2863 623 2944 praescivit,
640 2864 667 2922 si
684 2865 814 2943 quidde
832 2872 880 2923 'me
899 2863 958 2923 tale
977 2876 1168 2943 compertum
1185 2860 1304 2924 habuis-

105 2967 113 2974 ·
140 2955 194 3003 set
214 2944 281 3029 'Sed
297 2966 362 3006 non
381 2961 569 3027 compertum
587 2947 698 3008 babuit.
723 2949 919 3028 Quapropter
935 2968 992 3028 per
1007 2960 1129 3027 tempus
1143 2968 1241 3007 ‚omne
1257 2953 1301 3003 re-

142 3027 270 3108 liquum,
292 3051 360 3090 eum
379 3045 410 3092 et
428 3031 624 3111 municipium
645 3045 675 3092 et
693 3032 884 3092 sortitionem
904 3052 1023 3093 meeum
1041 3051 1235 3093 communem
1252 3029 1301 3089 ba-

58 3119 120 3188 338
142 3111 244 3187 beret,
275 3115 352 3174 nihil
370 3116 479 3178 horum
497 3117 667 3196 perspexit
691 3117 855 3198 Postquam
875 3130 975 3176 autem
994 3117 1096 3177 civitas
1115 3117 1257 3176 universa
1273 3114 1302 3171 in

143 3216 215 3270 eos,
233 3199 286 3277 qui
303 3220 336 3258 se
353 3201 526 3280 petulanter
542 3201 574 3261 in
592 3201 755 3281 municipia
772 3202 977 3283 ingesserant,
995 3203 1140 3262 iracunde
1160 3200 1303 3261 concitata

140 3280 215 3341 fuit:
244 3283 458 3345 tumiirsidias
483 3284 774 3366 mihi·com'paravit.
809 3288 932 3347 Fuisset
950 3299 1052 3350 autem
1079 3287 1158 3345 illud
1185 3285 1302 3364 quidem

38 3419 43 3430 ,
140 3368 262 3446 tempus
278 3366 412 3429 hominis
430 3370 554 3430 veritate
572 3370 657 3431 freti:
692 3372 751 3430 hoc
769 3380 896 3444 autem„
915 3371 997 3450 quod
1016 3393 1098 3431 nune
1116 3371 1222 3443 adest,
1248 3368 1304 3428 ini-

73 3496 81 3505 .
141 3450 213 3510 miei
238 3464 302 3527 est,
327 3453 379 3531 qui
403 3455 440 3514 de
465 3455 614 3515 industria
639 3456 848 3526 calumnietur.
881 3457 948 3538 Ego
974 3470 1086 3530 autem,
1101 3454 1304 3516 Athenienses

141 3533 277 3617 (neque,
299 3558 355 3619 per
378 3539 452 3599 deos
469 3549 537 3613 oro,
554 3540 713 3619 quisquam
739 3540 813 3601 rui-hi
837 3541 1000 3615 obturbet,
1025 3562 1126 3622 neque
1151 3541 1202 3611 id,
1225 3538 1305 3619 quod

141 3620 372 3697 dicturus-sum,
388 3644 479 3706 aegre
496 3624 664 3707 serat)„me
681 3624 900 3689 Atheniensem
920 3647 991 3687 esse
1004 3628 1099 3699 duco,
1122 3640 1157 3687 ut
1175 3639 1306 3685 vestrum

80 3744 89 3757 ι
142 3705 272 3784 quilibet
288 3726 373 3767 sese:
392 3710 505 3769 et'eam
524 3731 592 3770 esse
608 3710 827 3771 mibimatrern
843 3711 881 3770 ab
901 3711 990 3771 initio
1008 3725 1100 3791 puto,
1115 3733 1213 3790 quarn
1231 3709 1306 3790 apud

33 3794 38 3802 '
57 3857 59 3861 Α
105 3853 110 3864 ,
141 3809 194 3849 vos
214 3793 354 3865 ostendo,
372 3814 473 3874 neque
491 3794 708 3865 alterius‘sum,
727 3795 803 3857 hanc
821 3796 1014 3858 autemnrihi
1032 3796 1170 3858 uindico:
1194 3808 1306 3875 patrem

140 3896 244 3950 rursus
261 3878 369 3937 eodem
386 3880 487 3939 modo.
507 3880 549 3939 dt
567 3882 592 3939 si
611 3880 666 3959 qui
682 3894 809 3954 eorum,
818 3881 851 3940 in
867 3902 946 3960 quos
966 3881 1140 3959 inquiritur,
1160 3903 1230 3942 curn
1248 3901 1307 3950 eos,

141 3979 272 4058 quorum
288 3975 377 4036 sunt,
395 3964 567 4038 occultant,
591 3985 696 4024 comm
716 3986 788 4025 vero
808 3982 973 4038 esse-sese,
992 3987 1125 4045 quor-um
1139 3987 1209 4031 ‚non
1228 3977 1306 4037 sunt,

141 4047 311 4120 srroulant,¹
335 4067 372 4107 eo
392 4048 657 4132 ipsoergu'mento
676 4071 739 4109 non
757 4041 1136 4131 iniuriaperegrinia'pud
1154 4072 1210 4112 vos
1230 4049 1307 4109 iudi-

72 4142 78 4181 ῑ
108 4170 113 4186 ..
142 4143 263 4190 cantura
289 4130 936 4214 de-me‘contrarium'utiquesentiendum
952 4136 1025 4208 erit,
1051 4136 1236 4199 civem-,esse
1255 4154 1307 4195 me.

139 4210 349 4293 Nequeeuim·
365 4212 564 4302 peregrinum
586 4234 617 4285 et
637 4221 833 4302 peregrinam
856 4233 1089 4301 parentes-esse
1109 4243 1202 4284 meos
1216 4219 1307 4301 profi-

139 4296 235 4368 tendo
252 4300 454 4369 frui'ciritate
472 4303 779 4394 instittriasemrqstd,
795 4305 1244 4395 stqutdsate·uihteonscius
1255 4324 1307 4383 ,es-
