2722 4754
421 48 501 109 tl=

317 294 324 313 .
417 168 430 175 ”
443 180 839 263 ιιιιιιιιιιιιιι
1109 147 1349 280 34⁶2ss

77 379 148 420 vera
166 376 215 419 me
234 358 336 419 dicere
353 367 483 430 constet,
499 356 610 417 horum
627 343 714 414 vohis
728 366 821 414 testes
839 372 925 414 voco.
942 348 1020 436 Age,
1037 370 1155 412 arcesse
1172 348 1249 409 mihi
1271 355 1333 414 365

58 444 295 527 'Euphiletum,
312 444 445 503 Simonis
464 443 494 500 F.
495 441 754 518 ,Aexonensem,
779 448 811 501 e't
827 438 1090 513 Aristomachum,
1109 431 1254 498 Critodess
1302 518 1305 523 Ι

78 529 122 589 mi
140 531 171 590 F.
173 529 429 623 ,Alopecensem.
554 584 557 611 Ι
908 548 960 583 sn»-

564 680 768 735 'restes

167 764 359 867 Euphiletus,
376 784 510 844 Simonis
529 784 570 857 F.
588 783 797 855 Acronensis,
814 781 1062 856 Aristomachus,
1079 769 1250 845 Critodemi

80 871 113 929 F.
121 871 348 951 ,Alopecensis
374 883 541 942 testantur,
567 869 643 929 scire
668 890 715 943 se,
741 869 856 928 Simum
875 867 1053 928 Thessalum
1079 867 1251 947 profectum
1323 894 1327 901 ¹

81 976 147 1016 csse
165 956 300 1016 Athenas
319 956 356 1015 ad
370 956 580 1016 Panathenaea
598 976 715 1036 magna,
733 967 849 1013 etcum
868 974 905 1012 eo
920 953 1088 1013 Niiaretam
1108 964 1139 1011 et
1152 951 1250 1011 Neae

81 1064 163 1113 ram,
188 1064 269 1101 nunc
287 1063 385 1114 ream,
411 1048 525 1120 eosque
544 1040 701 1100 divertisse
720 1041 800 1118 apud
819 1036 1016 1120 Ctesippun'r,
1041 1034 1250 1122 Glauconidae
1326 1108 1332 1115 ⁵

80 1127 203 1199 filium,
207 1140 324 1186 etcum
342 1126 385 1186 eis
403 1139 592 1206 compotasse
611 1125 776 1197 Neaeram,
794 1137 937 1204 tanquam
956 1123 1163 1193 meretricem,
1182 1141 1251 1181 cum

83 1210 173 1270 etiam
192 1212 242 1271 alii
261 1212 349 1271 multi
367 1213 508 1272 adessent
527 1222 557 1270 et
575 1221 785 1290 computarent
802 1210 881 1290 apud
900 1205 1085 1289 Ctesippum

63 1335 75 1343 ·
168 1299 243 1357 Post
262 1296 362 1356 haec
353 1297 464 1379 igitur,
490 1318 558 1355 cum
577 1291 719 1354 Corinthi
713 1293 831 1391 palam
852 1298 1011 1373 qdaestuin
1031 1291 1201 1373 occepisset
1217 1298 1252 1348 ιιι

82 1380 242 1442 nobilitata
262 1394 360 1453 esset,
387 1394 450 1441 ιιιιιι
470 1380 603 1439 alnetus
622 1400 725 1439 amore
744 1378 822 1458 captr
840 1391 927 1450 sunt,
956 1391 1020 1436 tum
1039 1383 1127 1456 poc'ta
1146 1376 1251 1433 Xeno·
1311 1416 1322 1429 .

82 1466 175 1526 clides
195 1481 225 1526 et
243 1465 432 1550 Hipparchus
451 1464 569 1535 histrio,
587 1483 713 1542 eamque
732 1462 913 1522 conductam
931 1454 1110 1521 hahuerunt.
1134 1457 1251 1517 Acme

82 1572 153 1610 vera
179 1553 296 1624 dicere,
322 1549 508 1610 Xenoclidae
533 1549 711 1608 testimonio
736 1546 823 1607 vohis
849 1547 1012 1617 ostendere
1030 1567 1094 1605 ιιοιι
1119 1564 1252 1629 possum.

81 1637 179 1717 Leges
199 1636 278 1697 enim
305 1635 412 1694 dicere
431 1632 642 1693 testimonium
659 1653 723 1691 non
748 1631 868 1704 sinunt,
887 1631 981 1710 quod,
998 1630 1085 1690 vohis
1103 1614 1253 1688 Laccdae-
1298 1654 1302 1665 .
1338 1622 1342 1629 ’

81 1722 204 1781 monins
223 1719 457 1780 defendentihus
477 1715 648 1777 Callistrato
672 1729 813 1791 auctore,
839 1739 907 1776 cum
925 1718 1091 1798 refragatus
1109 1716 1191 1774 esset
1208 1710 1254 1772 illi

84 1805 255 1864 defensioni
274 1825 329 1884 pro
349 1803 514 1877 concione,
538 1802 683 1861 frumenti
701 1801 949 1884 quinquagesima
968 1802 999 1860 in
1018 1821 1090 1881 pace
1106 1801 1254 1871 redemta,

84 1911 215 1969 cumque
241 1911 309 1949 eum
335 1888 463 1971 singulis
488 1900 611 1947 senatus
635 1887 835 1948 conventibus
862 1886 1025 1967 pensiones
1044 1887 1075 1945 in
1094 1884 1176 1961 curia
1194 1895 1257 1954 tiu-n
1340 1926 1343 1931 -

83 1995 201 2034 merare
219 1987 386 2056 oporteret,
406 1984 436 2032 et
454 1973 573 2054 legibus
592 1972 686 2032 data
676 1972 867 2043 immunitate
884 1971 1075 2045 frueretur,
1065 1993 1098 2030 ιιι
1117 1992 1182 2032 eam
1201 1990 1253 2029 ex·
1323 1982 1326 1987 '

83 2059 273 2139 peditionem
292 2080 362 2127 non
374 2073 571 2138 progressus,
598 2069 629 2116 et
646 2079 663 2116 a
681 2057 835 2137 Stephano
854 2058 990 2116 desertae
1020 2054 1145 2129 militiae
1163 2077 1252 2115 accu-

84 2155 178 2216 satus,
197 2156 227 2204 et
238 2145 317 2223 apud
331 2142 475 2202 iudices
466 2165 497 2201 ιιι
517 2142 619 2202 odium
639 2154 730 2221 atque
747 2142 890 2201 invidiam
909 2142 1067 2235 adductus,
1085 2141 1255 2212 damnatus,

83 2227 314 2310 ignominiaque
332 2239 455 2287 notatus
474 2239 526 2286 est.
561 2225 611 2283 An
629 2247 701 2284 tero
721 2244 784 2284 non
802 2225 941 2305 iniquum
961 2245 1026 2284 esse
1043 2225 1167 2313 putatas,
1184 2244 1267 2284 cumo
1344 2247 1351 2264 ¹

50 2380 55 2389 .
84 2325 192 2372 natura
211 2315 290 2374 cives
310 2324 341 2372 et
365 2311 499 2392 legitima
523 2303 641 2368 ratione
667 2308 806 2384 ciuitatis
820 2309 982 2390 participes
1000 2333 1016 2369 a
1034 2296 1237 2389 Stephano
1210 2330 1255 2369 cr·-
1278 2324 1284 2340 “
1312 2338 1315 2346 ·

84 2398 177 2457 vitate
195 2398 256 2456 sint
266 2396 391 2477 privati,
410 2406 473 2468 eos,
491 2394 544 2474 qui
564 2393 689 2454 omnino
708 2394 799 2453 alieni
817 2406 905 2467 sunt,
931 2395 1062 2475 pervim
1081 2415 1137 2475 pro
1156 2393 1253 2454 Athe-

86 2481 241 2542 niensibus
267 2481 383 2541 intrudi
411 2492 516 2540 contra
541 2500 646 2539 omnes
671 2479 775 2561 leges?
810 2479 1017 2560 Hipparchum
1041 2491 1142 2541 autern
1166 2478 1259 2540 vohis¹
1348 2482 1351 2486 ’

86 2568 184 2670 ipsum
212 2588 306 2640 voco,
339 2579 370 2626 et
392 2587 498 2647 cogam
523 2565 628 2624 testari
650 2577 703 2625 aut
729 2563 845 2625 eiurare
869 2566 1039 2626 secundu'm
1061 2566 1198 2648 legem,
1201 2572 1257 2626 aut
1273 2562 1299 2609 '.

57 2670 62 2674 ⁴
81 2646 187 2712 citabo
216 2673 294 2712 eum
328 2651 412 2734 Age,
436 2671 511 2710 toea
529 2649 604 2709 mihi
619 2644 835 2730 Hipparchum.

464 2803 875 2861 resrrmourom

104 2905 107 2913 '
172 2906 362 2988 Hipparchus
381 2906 599 2966 Athmonensis
624 2918 771 2981 testatur,
796 2905 998 2967 Xenoclidem
1026 2920 1056 2969 et
1080 2928 1113 2968 se
1138 2908 1255 2967 condu-

86 2992 165 3053 xisse
184 2993 329 3052 Neaeram
349 2988 500 3064 Corinthi,
520 3014 605 3064 eam,
625 3013 701 3070 quae
720 3006 808 3051 nunc
818 3013 870 3052 rea
889 2992 937 3066 sit,
955 2994 1098 3072 tanquam
1117 2992 1290 3053 meretri

87 3100 152 3138 cem
159 3078 351 3159 prostitutae
368 3076 545 3157 pudicitiae:
571 3089 602 3136 et
619 3073 786 3137 Corinthi
779 3099 881 3138 secum
901 3090 1111 3169 computasse
1107 3078 1255 3139 Neaeram

88 3176 206 3222 etcum
224 3162 392 3223 Xenoclide
411 3169 509 3241 poe'ta.

174 3249 248 3307 Post
266 3247 385 3306 haec
354 3269 424 3306 etus
442 3259 589 3308 amatores
607 3249 685 3306 fiunt
704 3247 811 3320 duo,
798 3247 1009 3308 Timanorides
1027 3245 1206 3308 Corinthius
1225 3214 1299 3306 et

88 3333 234 3391 Eucrates
253 3332 429 3391 leucadius.
464 3332 545 3409 Qui,
575 3334 719 3413 quoniam
738 3346 893 3393 sumtuosa
905 3347 976 3393 erat
992 3332 1132 3393 Nicareta
1144 3344 1182 3391 et
1198 3353 1255 3391 rm
1278 3342 1340 3399 366

87 3418 218 3498 periosa,
235 3417 428 3516 petebatqpe,
446 3417 664 3496 quotidianas
654 3439 804 3498 impensas
824 3437 930 3478 ornnes
948 3417 1006 3477 sihi
1024 3417 1258 3490 subministrari,

87 3503 188 3582 pretio
207 3501 343 3582 corporis
363 3502 428 3561 eiu‘s
446 3502 570 3584 triginta
588 3503 676 3562 minis
695 3517 854 3564 numerato
873 3503 1048 3576 Nicaretae,
1067 3526 1131 3564 eam
1149 3503 1187 3562 ab
1201 3500 1256 3562 illa

39 3654 44 3660 ,
88 3608 175 3646 ιιοιι
193 3587 277 3645 urhis
297 3599 453 3660 emerunt,
479 3601 517 3646 ut
532 3587 658 3646 omnino
677 3588 784 3647 ancilla
803 3610 856 3648 sua
875 3602 970 3648 esset:
978 3610 1123 3669 eamque
1141 3588 1257 3647 hahue-

34 3744 38 3750 Ι
89 3684 163 3731 runt
182 3684 213 3730 et
227 3678 432 3751 usurparunt,
455 3672 597 3751 quamdiu
620 3668 792 3733 voluerunt
826 3673 955 3734 Ductori
980 3687 1080 3734 autem
1099 3694 1208 3749 uxores
1228 3671 1257 3733 ei
1301 3673 1331 3700 ·’

61 3820 63 3828 ,
91 3756 319 3829 denuntiant,
318 3777 350 3815 se
369 3756 451 3815 nolle
471 3778 553 3829 eam,
572 3778 649 3836 quae
668 3780 721 3818 sua
739 3757 833 3818 amica
851 3756 1135 3860 fuisset,Corinthi
1153 3759 1258 3818 videre
1343 3831 1348 3839 Ι

89 3853 248 3921 quaestum
267 3840 427 3900 facientem
446 3853 497 3901 aut
514 3799 620 3900 lehoni
638 3843 836 3903 servientem:
844 3838 949 3903 malle
967 3845 1067 3904 minus
1086 3834 1203 3926 argenti
1220 3843 1259 3903 ah

90 3946 124 3986 ea
143 3925 290 4005 recipere,
310 3947 397 4003 quam
417 3940 636 3999 numerassent,
654 3942 684 3988 et
702 3927 804 4007 ipsam
814 3929 996 3988 secundiore
1014 3929 1136 3989 fortuna
1154 3929 1260 3990 videre

88 4023 236 4071 utentem.
271 4010 471 4070 Remittere
463 4010 557 4093 igitur
574 4012 601 4070 ei
620 4016 662 4070 'sc
681 4012 822 4073 dicebant
845 4014 882 4073 ad
901 4004 1071 4074 libertatem
1090 4015 1173 4074 mille
1191 4006 1287 4083 drasf

89 4096 210 4164 chmas,
236 4094 416 4176 quingentas
441 4108 622 4176 utrumque:
644 4097 753 4179 viginti
772 4102 873 4158 antem
897 4099 992 4161 minas
1019 4099 1112 4180 ipsam
1138 4121 1259 4181 compa-

88 4201 157 4241 rare
177 4177 299 4257 sibique
313 4181 441 4240 reddere
459 4180 613 4241 iubebant.
647 4183 745 4257 Quae,
762 4183 871 4244 auditis
890 4184 936 4246 his
954 4184 1091 4245 Eucratis
1111 4197 1142 4246 et
1157 4185 1259 4244 Τί-ιιιι

91 4264 219 4325 noridae
236 4263 352 4337 verbis,
364 4262 547 4325 Corinthum
564 4267 688 4327 arcessit
705 4290 773 4327 cum
785 4269 865 4329 alios
874 4283 991 4330 veteres
1011 4290 1082 4330 suos
1085 4282 1261 4346 amatores,

91 4363 159 4417 tum
185 4348 392 4434 Phrynioncm
415 4350 648 4429 Paeaniensem,
670 4352 827 4433 Drinonis
840 4353 972 4431 hlium,
978 4354 1185 4419 nemaeum
1201 4354 1269 4413 in-
