2722 4754
107 175 202 271 ,sao
287 139 1013 307 ’ἕίιιιιόιιιιιιιιιιοιιιιιο
1100 283 1105 294 .

93 367 97 372 ’
137 364 214 413 tem
220 347 388 409 concedas?
426 292 476 404 he
493 347 543 405 lex
560 366 632 409 non
641 349 734 409 modo
752 369 815 408 non
842 302 992 430 exagitare
1010 345 1084 407 sinit
1100 345 1181 406 ultra
1198 343 1335 405 temti

138 457 229 507 num,
254 435 307 493 sed
333 453 389 491 nec
391 430 562 513 arripere.
595 452 612 491 e
635 444 689 492 tuo
715 446 815 494 autem
828 432 962 494 decreto
987 432 1158 532 cuicunque
1183 429 1318 492 libitum

128 506 273 589 'fuerits
265 540 288 576 ιι
309 537 396 588 eum,
415 516 468 595 qui
486 517 634 576 caedem
625 517 738 578 mvitus
756 517 886 592 fecerit,
894 519 1106 618 proscriptum
1125 527 1244 599 nactus
1254 526 1336 595 per.

29 597 45 656 Χ
136 605 200 664 vim
217 600 373 660 abducet'
353 622 396 660 m
414 601 539 681 patriam
557 592 716 662 interfecti
734 598 876 661 Annon
867 602 962 684 igitur
979 600 1172 681 confundis
1161 609 1231 674 iura
1247 598 1309 666 ha-

89 729 96 739 ,
135 703 224 748 mana
242 686 354 759 omnia,
370 696 409 745 et
427 706 491 745 eam
508 701 628 745 causam
646 687 745 760 tollis,
763 709 832 746 cum
851 708 909 766 qua
927 706 1065 775 quaeque
1083 687 1161 745 sacta
1180 670 1230 744 vel
1242 682 1309 764 ho,-

66 808 69 815 ·
136 783 241 844 nesta,
259 772 307 831 vel
325 771 425 851 turpia
443 771 535 830 sunt?
570 771 687 832 Videtis
708 771 839 831 enimin
858 770 1016 843 omnibus,
1040 790 1104 829 non
1122 767 1311 850 capitalibus

94 874 97 881 '
124 868 255 918 'tantum
273 855 438 938 legibus,
427 869 469 914 ata
489 874 554 914 esse
573 856 734 956 scriptum:
770 855 803 915 Si
822 855 905 935 quis,
923 856 1034 934 inquit,
1051 854 1180 935 pulsarit
1197 865 1308 934 qucri-

91 964 116 1003 ι,
136 938 234 1024 piam,
252 962 329 1002 ιιοιι
327 940 518 1007 lacessitus
509 939 797 1014 inimicissimum,
816 942 916 1020 quod,
930 939 960 998 si
978 960 1010 998 se
1028 939 1234 1012 defenderit,
1240 959 1308 1001 uon

62 1056 69 1065 s
136 1028 250 1108 p'eccet.
285 1027 322 1084 Si
339 1026 419 1124 quis
416 1024 560 1084 convicia
579 1026 697 1098 dixerit,
716 1025 834 1086 ‹daho›
848 1025 978 1084 adiecit.
998 1025 1098 1124 quod,
1116 1047 1142 1085 si
1132 1023 1309 1124 'seresii-

44 1177 53 1184 ξ
72 1107 92 1152 f
136 1111 241 1172 cuerit
259 1112 299 1171 Si
313 1110 380 1193 quis
400 1104 555 1181 occiderit,
574 1134 588 1162 ι
581 1110 776 1170 ‹consultosz
795 1110 941 1190 quod4s1
945 1108 1068 1181 invitus,
1085 1104 1192 1172 aliud
1183 1118 1245 1167 ratu
1258 1107 1309 1179 aie
1335 1117 1342 1126 '

109 1194 184 1256 '.Si·
179 1194 266 1276 ·qnis
260 1185 421 1256 damnum
435 1193 525 1255 alicui
543 1194 662 1255 dederit
679 1196 819 1269 «volens,
836 1213 891 1275 per
908 1193 1056 1252 iniuriam.
1064 1220 1094 1246 ι
1104 1192 1233 1272 Ubique
1245 1192 1308 1253 de-

136 1283 230 1381 nique
248 1302 327 1340 rem
339 1301 426 1339 causa
452 1280 659 1339 confirmari
650 1280 846 1341 inveniemus
881 1277 992 1361 Apud
991 1291 1022 1339 te
1040 1298 1112 1337 vero
1137 1277 1235 1337 aliter.
1256 1278 1309 1336 ln

134 1367 312 1427 universum
323 1365 421 1467 ¹enim,
440 1363 466 1424 si
485 1366 552 1446 quis
571 1361 792 1425 Charidemum
805 1363 960 1433 occiderit,
979 1349 1196 1442 abripiatur,
1170 1381 1242 1426 sive
1249 1359 1308 1421 in-

90 1445 107 1473 ”
136 1451 230 1525 ιῐιιιιι
244 1453 306 1526 sive
325 1451 413 1523 iure,
410 1450 481 1508 siae
500 1471 532 1509 se
551 1438 775 1523 defendens,
751 1471 813 1510 siue
833 1447 872 1507 oh
893 1469 954 1518 ea,
961 1468 1036 1525 quae
1054 1447 1173 1529 legibus
1192 1445 1309 1511 iuben-

58 1534 62 1551 ¹
135 1548 197 1610 tur,
209 1538 279 1634 siue
297 1536 699 1658 quocunquemodo.1ege
718 1540 896 1615 sequentem
910 1533 1076 1614 legem.

547 1670 554 1681 '
634 1688 777 1731 unx.

222 1785 331 1849 Caedis
349 1789 484 1849 actiones
500 1810 541 1849 ne
559 1802 650 1849 sunto
668 1762 797 1870 usquam
813 1789 845 1848 in
861 1809 924 1863 eos,
942 1811 995 1870 qm
986 1774 1131 1889 exsules
1150 1752 1311 1891 deferunt,

18 1875 35 1925 'a
133 1874 247 1955 siquis
267 1875 436 1948 candeat,
456 1895 517 1954 quo
536 1874 718 1935 nonlicet
788 1904 813 1917 ··
851 1918 863 1929 n.
1175 1880 1181 1935 ῐ

203 1960 293 2020 lea
297 1959 385 2020 haec
392 1958 540 2019 Draconis
560 1971 626 2031 est,
639 1959 859 2031 Athenienses,
878 1970 909 2018 et
925 1957 1072 2038 reliquae,
1091 1980 1164 2037 quas
1183 1977 1201 2018 e
1220 1953 1309 2039 oapi·-

104 2043 247 2143 ¹ta'lilms
266 2043 433 2124 adscripsi
455 2040 682 2104 Consideranda
701 2055 772 2104 sunt
790 2052 890 2103 autem
910 2064 963 2115 ea,
981 2063 1058 2122 quae
1063 2042 1165 2103 dicit:
1182 2044 1219 2103 In
1237 2064 1309 2114 eos,

136 2151 190 2209 qm
180 2127 374 2187 homicidas
394 2150 442 2201 eo,
461 2149 522 2208 quo
541 2142 605 2187 non
623 2129 711 2200 licet,
728 2130 892 2188 redeuntes
910 2127 1060 2200 indicant,
1078 2127 1215 2188 actiones
1234 2147 1307 2188 cae*

135 2212 191 2273 dis
201 2233 240 2272 ne
254 2226 378 2273 ·.·sunto
393 2214 452 2272 Hic
471 2212 560 2272 duo'
551 2235 615 2273 rura
634 2214 795 2296 significit,
813 2226 917 2273 contra
936 2232 1013 2291 quae
1027 2222 1160 2291 utraque
1177 2213 1236 2273 iste
1255 2232 1308 2271 se-

13 2365 16 2369 ,
79 2320 83 2327 “
110 2298 398 2371 ,natusconsnltum
415 2297 496 2357 fecit
538 2297 614 2375 Nam
633 2319 667 2358 ea
687 2311 717 2358 et
736 2298 856 2359 deferre
873 2294 1062 2356 homicidam
1079 2296 1254 2376 permittit,
1273 2308 1309 2356 et

9 2382 10 2386 ’
58 2408 86 2460 j·
134 2402 200 2440 non
214 2382 336 2441 sinitah
351 2383 416 2441 ullo
434 2381 548 2462 privata
566 2384 755 2456 auctoritate,
773 2382 1014 2466 siproscriptum
1032 2393 1136 2440 nactus
1153 2382 1204 2455 sit,
1222 2380 1309 2441 abri-
1349 2454 1354 2463 .

15 2520 25 2535 ,
53 2506 58 2512 -
133 2466 182 2547 pi:
200 2458 294 2545 idque
310 2473 385 2526 tum
395 2467 569 2540 demum,
544 2489 570 2525 ιι
585 2469 651 2548 quis
669 2466 784 2541 redeat,
801 2487 863 2546 quo
881 2487 945 2527 nou
963 2462 1043 2538 licet,
1062 2465 1212 2533 etillud
1198 2487 1305 2546 ipsum

38 2570 45 2579 ’
133 2551 301 2631 permittit,
327 2570 389 2608 non
415 2550 591 2630 ubicunque
615 2553 749 2612 voluerit
774 2551 888 2631 aliquis
933 2551 1004 2624 Quo
1030 2566 1102 2610 vero
1125 2549 1307 2612 nonlicet?
1335 2555 1338 2559 ’

134 2635 207 2709 Qua
223 2636 290 2733 quis
310 2636 453 2695 crisularit
469 2634 552 2695 urbe.
579 2637 659 2696 Ubi?
677 2637 853 2701 Etiamhoc
870 2635 955 2695 valde
974 2634 1140 2715 perspicue.
1152 2636 1305 2697 ostendite

130 2719 169 2777 'Si
185 2719 267 2799 quis
251 2719 434 2791 '.rcdierit,
425 2720 532 2800 mquit.
567 2721 635 2780 Hoc
651 2730 724 2781 vero
743 2741 806 2803 non
823 2721 883 2780 alio
901 2719 1007 2779 referri
1023 2732 1143 2818 potest,
1152 2742 1266 2800 quam
1264 2720 1304 2779 ad

43 2824 46 2829 ·
133 2812 200 2863 eam
218 2803 336 2875 urbem,
354 2825 420 2903 qua
432 2804 499 2882 quis
518 2805 673 2865 exsularis:
690 2828 759 2865 nam
778 2806 863 2864 cuius
883 2803 1068 2864 civitatisius
1085 2803 1205 2904 aliquis
1212 2825 1304 2893 pror-

92 2918 109 2938 -·
135 2909 186 2947 aus
203 2908 268 2947 non
286 2888 395 2961 amisit,
412 2888 444 2947 in
463 2904 528 2947 eam
545 2889 653 2969 utique
670 2891 791 2950 restitui
809 2910 870 2948 non
889 2900 997 2968 potest
1025 2888 1113 2948 Lex
1103 2890 1199 2971 igitur
1216 2884 1304 2951 dese-

133 2972 250 3034 rendi'
240 2994 288 3031 rus
307 2973 407 3033 dedit:
400 2972 571 3071 ·idque3
547 2976 702 3049 s1redeat,
722 2995 783 3054 quo
801 2994 865 3033 uon
882 2973 961 3032 licet.
994 2975 1055 3033 Iste
1072 2986 1203 3048 autem,
1209 2973 1304 3055 arripi

57 3106 75 3143 ,1
134 3056 266 3129 liceat,
257 3056 377 3137 inquit,
393 3056 466 3118 inde
485 3057 592 3132 etiam,
608 3059 663 3119 ubi
681 3060 816 3121 exsulare
834 3059 882 3120 lex
899 3058 983 3118 nulla
1000 3056 1150 3138 prohibet
1194 3058 1321 3142 Recita'

37 3181 41 3187 -
85 3161 88 3165 ·
132 3141 240 3223 legem.
1332 3146 1336 3155 '

49 3287 113 3348 404
368 3351 371 3354 Α
458 3320 461 3327 -
660 3301 780 3348 ιιι,Ι

79 3394 84 3401 ’
221 3400 340 3480 siquis
360 3401 533 3462 occiderit
523 3423 556 3463 m
574 3402 682 3462 ludis‘
673 3403 819 3477 invitus,
829 3401 938 3461 autin
953 3403 1066 3463 itinere
1089 3379 1302 3482 prostraverit,

133 3497 185 3544 aut
203 3485 235 3544 in
254 3484 336 3544 hello
354 3487 547 3567 imprudens,
572 3500 624 3548 aut
648 3483 870 3567 deprehensum
888 3488 967 3568 apud
984 3505 1127 3559 uxorem,
1151 3497 1203 3545 aut
1219 3483 1303 3564 apud

132 3556 269 3659 aiiatrem,
288 3583 341 3630 aut·
356 3567 436 3651 apud
454 3592 609 3646 sororem,
609 3581 680 3631 aut
696 3572 776 3652 apud
793 3572 901 3645 filiam,
920 3584 972 3632 aut
990 3572 1069 3652 apud
1088 3568 1302 3640 concubinam,

37 3726 41 3735 „
126 3666 286 3729 auream,
314 3676 403 3734 quam
421 3671 547 3739 propter
571 3658 722 3739 ingenuos
741 3656 854 3716 liberos
876 3615 1088 3737 shscipiendos
1107 3654 1231 3715 haheat.
1259 3650 1322 3722 oh,

131 3737 210 3799 haec
245 3738 278 3799 ui
297 3738 420 3802 caedem
438 3742 554 3817 fecerit,
572 3764 611 3802 ne
631 3742 774 3802 exsulato.

217 3761 312 3889 Uum
320 3826 445 3887 multae·
451 3827 534 3910 leges
560 3828 637 3901 sint,
665 3825 888 3911 Athenienses,
909 3839 1018 3886 contra
1044 3846 1118 3906 quas
1145 3823 1303 3882 decretum

130 3907 220 3969 istud
230 3907 348 3969 factum·
362 3923 422 3970 est·
442 3912 527 3971 nulli
544 3925 645 3972 tamen
671 3906 766 3994 magis
791 3912 1000 3999 adversatur,
1007 3933 1095 3990 quam
1115 3907 1193 3967 huic
1205 3895 1301 3965 ruodo

126 3994 280 4054 recitatae.
309 3995 508 4081 Quamquam
528 3999 607 4058 enim
625 3998 736 4058 lerata
757 3995 878 4081 palam
873 4016 907 4055 ea
925 3996 1067 4083 concedit
1093 4007 1136 4053 et·
1142 3991 1233 4063 dicit,
1257 3987 1303 4049 'ob

131 4097 209 4167 quae
227 4079 317 4138 liceat
335 4079 491 4139 occidere:
526 4081 600 4143 isto
597 4083 661 4143 Ι·ίΙΙι
671 4082 807 4165 neglexit
822 4081 925 4141 omnia
945 4095 975 4141 et
989 4077 1055 4141 sine
1071 4078 1135 4140 nlla
1153 4074 1303 4137 adiectio-

132 4181 171 4221 ne
191 4162 351 4226 occidendi
368 4165 453 4225 rno'di
470 4168 666 4266 supplicium·
673 4167 838 4264 adscripsit.
866 4165 970 4245 Aequi
988 4161 1198 4235 consideratas
1207 4179 1303 4239 quam

41 4254 65 4325 J
123 4252 234 4309 'sancte
253 4261 284 4309 et
302 4250 454 4335 praeclare
472 4251 592 4336 singula
611 4248 848 4323 distinxeritis,
862 4251 920 4330 qui
928 4250 1061 4350 primum
1080 4249 1155 4308 haec
1173 4263 1303 4328 percen-

131 4328 233 4393 suit?
248 4332 295 4393 Si·
300 4334 378 4415 qnis'
387 4335 432 4394 in
429 4335 531 4398 ludis
528 4337 668 4453 aliquem
687 4335 864 4442 occiderit,
869 4324 977 4395 hunc
967 4347 1121 4397 insontem
1140 4352 1217 4392 csse
1225 4329 1305 4390 deli-

1025 4468 1081 4504 14
