2722 4754
146 168 216 246 ιιι·
430 149 815 250 nanosrnsnrs
832 187 1046 250 enarro.

113 326 125 377 *⁸
144 360 224 415 rum,
241 340 273 428 in
288 339 415 422 gratiam
422 339 597 440 legatorum
613 361 677 401 esse
691 339 845 420 scriptam,
862 339 1001 416 alterum,
1018 341 1171 401 adversari
1187 298 1319 425 legibus,

145 439 177 488 et
194 422 395 508 perniciosam
414 437 445 484 et
463 424 605 486 iniustam
617 447 688 486 esse
707 426 826 509 legem.
843 426 987 502 Proinde,
1004 440 1041 487 ut
1059 428 1174 487 crimen
1191 440 1320 511 propter

72 543 81 588 ς
142 514 272 595 legatos
269 510 355 570 latae
378 508 463 596 legis
484 509 613 595 effugiat
629 512 835 586 Timocrates,
852 511 938 572 i-llud
963 527 1065 573 tamen
1092 535 1155 574 non
1173 513 1318 597 effugiet,

142 599 241 681 legem
253 610 327 655 ease
345 592 522 676 improbam.
541 598 666 658 Poterat
684 598 770 658 enim
779 614 919 658 accusem
937 599 1143 682 legislatorem
1160 599 1318 662 Diodorus

123 681 299 783 'improbae
317 681 393 764 legis
410 682 542 764 scriptae
559 697 590 743 et
608 683 727 767 legibus
754 683 939 757 contrariae,
967 686 1060 765 idque
1079 685 1150 747 satis
1170 686 1212 745 ei
1209 685 1318 747 firmass

142 767 380 828 mentifuisset:
408 770 599 829 nuncetiam
623 769 795 852 legatorum
820 760 1000 849 calumniam
1019 792 1116 831 causa
1134 770 1319 854 legislatoris

141 850 297 914 adsumsit.
332 854 584 936 Argumentum
575 854 670 937 rgitnr
688 875 811 928 causae,
830 844 956 935 propter
975 878 1064 936 quam
1082 856 1183 940 legem
1201 855 1318 933 tulerit,

142 939 240 1019 estin
258 939 433 999 coniectura
451 938 601 1020 positum:
627 941 784 1020 quaeritur
801 940 901 1014 enirn,
926 953 1029 1000 utrum
1054 956 1182 1023 propter
1200 940 1335 1025 legatos

96 1092 99 1096 ,
141 1011 200 1086 lata
220 1025 269 1099 sit,
287 1045 344 1084 nec
363 1025 424 1084 ne?
460 1023 642 1126 1111111110ὀ
659 1047 721 1106 quo
740 1026 824 1108 leges
841 1026 1080 1100 examinantur,
1084 1027 1317 1089 deliberativum

142 1119 205 1173 est:
222 1132 293 1170 uam
311 1110 344 1168 in
362 1109 540 1170 universum
560 1110 658 1171 omnis
677 1111 829 1171 accusatio
848 1111 953 1192 scripti
972 1112 1205 1174 deliberativum
1226 1113 1320 1174 efficit

141 1200 259 1276 statum.
292 1194 404 1276 Scripti
423 1206 524 1256 antem
543 1194 623 1286 dico,
640 1218 704 1257 non
712 1197 797 1298 Ocius,
813 1196 848 1255 ln
867 1217 929 1275 quo
948 1197 1103 1278 quippiam
1120 1199 1212 1269 aliud
1226 1219 1318 1278 quae-

119 1350 121 1354 .
141 1283 236 1355 ratur,
254 1295 289 1342 ut
307 1281 349 1340 in
357 1280 553 1343 coniectura:
571 1305 673 1364 neque
692 1281 777 1356 eius,
797 1282 880 1382 ιιιιιιιΙ
897 1281 1030 1341 refertur
1042 1286 1206 1344 adrasum
1228 1284 1315 1345 etia-

120 1381 121 1384 ’
141 1368 303 1440 cultatem,
320 1378 357 1426 ιιι
373 1367 435 1426 1ἰι’
427 1388 458 1425 ιιι
477 1368 701 1445 absolutione·
715 1365 780 1447 lllic
799 1367 881 1426 enim
900 1368 937 1426 de
955 1368 1046 1428 rebus
1064 1370 1150 1430 factis
1170 1379 1219 1430 est
1237 1368 1318 1430 iudi·

122 1453 240 1527 'crun1,
259 1453 291 1512 in
309 1440 510 1514 deliberativo
528 1454 571 1515 de
584 1453 712 1515 sunnis:
730 1453 939 1553 asscriptum
936 1466 1012 1513 tum
1030 1455 1062 1513 in
1079 1456 1182 1556 lege,
1182 1466 1252 1514 tum
1269 1475 1317 1515 se-

140 1534 377 1619 natuscousultis
405 1539 557 1599 contineri
576 1536 683 1600 debet
720 1538 827 1599 Sunt
819 1540 913 1621 agitur
939 1538 1032 1598 buius
1050 1541 1198 1600 orationis
1220 1540 1318 1621 capita

99 1676 102 1680 .
141 1637 285 1705 quatuor.
319 1624 426 1684 Unum
444 1624 633 1727 legitimum,
650 1625 748 1703 idque
766 1624 902 1683 bilariam
921 1613 1110 1696 dividitur,
1101 1649 1133 1684 ιιι
1151 1646 1317 1706 personam

51 1739 60 1756 ι
140 1721 172 1773 et
188 1730 269 1782 reru,
297 1708 358 1768 hoc
376 1723 455 1782 est,
462 1711 494 1768 iu
514 1711 608 1792 ipsam
627 1711 746 1792 legem,
769 1710 925 1809 quomodo
953 1711 1101 1770 contraria
1119 1711 1160 1770 sit
1176 1709 1316 1815 legibnaa

112 1859 115 1865 ,
139 1793 292 1854 alterurn
283 1792 415 1855 rustum.
432 1794 558 1855 tertium
575 1795 686 1868 utile,
681 1795 906 1854 essenoxiam:
902 1808 1054 1895 quartum
1072 1795 1315 1896 possibile,ea‘m

56 1883 60 1925 ’-
111 1953 115 1957 ,
138 1879 256 1956 iubere,
275 1901 352 1959 quae
370 1878 447 1941 fieri
443 1895 616 1983 nequeant
635 1862 877 1940 Controuersia'
856 1880 971 1972 rgitur,
986 1903 1066 1980 'quae
1078 1882 1164 1941 venit
1182 1881 1225 1941 in·
1234 1880 1317 1969 iudi-

131 1967 237 2039 cium,
264 1965 296 2024 1ιι
310 1965 376 2026 ntis
371 1966 565 2068 argumemis
585 1965 732 2028 consistit
774 1964 874 2025 Nam
875 1966 1087 2033 tractationem
1104 1967 1201 2027 illam
1198 1960 1316 2028 contris

130 2046 284 2133 legatos
275 2070 307 2109 ιιι
333 2051 554 2112 constitutione
574 2066 604 2113 et
630 2051 819 2133 digressione
838 2051 959 2131 posuit,
983 2046 1205 2112 criminationis
1224 2074 1315 2114 cauea

53 2133 117 2195 444
140 2137 292 2197 nimirum.
327 2137 408 2220 Quia
427 2137 508 2196 enirn
526 2138 575 2198 lex
591 2134 820 2223 humanissima·
824 2135 963 2208 videtur,
982 2138 1067 2215 qnod
1083 2137 1257 2198 vinculis
1230 2146 1314 2200 errc's

138 2210 259 2294 liberet,
276 2233 438 2302 propterea
457 2223 603 2304 opposuit
622 2218 689 2281 cum
707 2222 766 2282 alia
781 2221 878 2302 plura,
899 2233 964 2280 tum
983 2241 1056 2281 vero
1074 2222 1138 2282 duo
1159 2222 1254 2284 baec.
1271 2225 1316 2284 al-

40 2326 46 2340 ‘
138 2322 256 2388 terum,
274 2317 486 2389 argumentum
505 2309 543 2367 de
561 2306 682 2390 legatis,
699 2320 736 2366 ut
753 2327 787 2366 ea
805 2305 980 2386 suspicione
998 2306 1114 2389 ingesta
1132 2306 1317 2391 persuadeat

126 2381 287 2465 auditori,
305 2392 525 2469 adversarium,
540 2403 726 2479 corruptum
744 2390 974 2474 largitionibus,
993 2405 1149 2451 oratorum
1168 2393 1316 2476 ιιι-11131-

139 2482 288 2540 stratuum
306 2477 523 2558 rempublicam
542 2474 788 2559 depeculantium
805 2475 945 2537 sordibus
961 2480 999 2536 et'
1009 2477 1171 2557 rapacitati
1190 2479 1317 2537 consul-

74 2633 77 2636 ,
103 2570 108 2583 1
138 2578 203 2625 tum
221 2561 370 2622 uoluisse.
388 2564 516 2623 alterum
534 2561 757 2663 perniciosum,
776 2583 848 2644 quo
857 2561 1001 2634 ostendit,
1021 2583 1055 2622 ea
1072 2563 1142 2644 lege
1159 2562 1315 2624 civitatem

100 2649 238 2726 romnis
257 2647 333 2707 aeris
352 2647 444 2708 alieni
462 2648 618 2709 solutione
635 2645 772 2729 spoliari.
811 2648 969 2708 Praeterea
988 2647 1198 2748 impossibiles
1223 2649 1315 2709 etiarn

137 2735 165 2794 ιι
155 2726 363 2813 'vellemus
354 2733 466 2812 lnquit,
482 2735 550 2793 fieri
567 2747 669 2794 tamen
681 2733 763 2793 haud
781 2745 900 2814 posset:
916 2732 1070 2793 tolluntur
1087 2733 1170 2794 enim
1188 2733 1315 2816 regulae

32 2840 36 2845 ·
87 2890 90 2895 ,
137 2818 274 2900 civitatis
308 2816 379 2877 Nou
398 2831 499 2878 autem
518 2817 659 2901 ignorare
679 2815 847 2891 debemus,
866 2817 965 2900 legale
984 2830 1074 2898 caput
1091 2820 1313 2900 perfectissime

136 2917 313 2966 tractatum:
340 2902 454 2963 iustum
475 2916 506 2964 et
521 2903 598 2962 utile
618 2915 649 2962 et
671 2903 845 2984 possibile
834 2914 921 2962 mter
933 2923 999 2963 sese
1016 2903 1147 3003 implexa
1166 2926 1249 2979 esse,
1266 2918 1311 2967 at·

137 3010 197 3071 que
216 2989 344 3048 interea
349 2988 519 3069 principem
537 3002 643 3048 tenere
661 2989 763 3049 locum
781 2989 877 3090 utile,
894 2989 977 3088 quod
996 3001 1027 3048 et
1044 2989 1126 3049 iusto
1146 3001 1178 3049 et
1196 2991 1309 3051 iniusto
1333 3015 1337 3023 ·

137 3086 168 3135 et
185 3064 367 3154 impossibili
386 3074 600 3134 confirmetur:
619 3094 689 3134 narn
703 3073 877 3155 quicquid'
867 3074 1025 3147 iniustum,
1033 3074 1124 3134 idem
1145 3074 1236 3136 etiam
1254 3095 1309 3137 no-
1347 3110 1354 3119 ·

136 3160 219 3245 rium
238 3172 308 3220 est
334 3160 471 3220 Eandem
497 3149 647 3223 rationem
666 3159 755 3219 etiam
774 3158 817 3219 ad
829 3158 932 3219 locuni
949 3160 986 3219 ab
1006 3158 1188 3240 impossibili
1208 3162 1313 3221 detor

136 3239 232 3326 quere
257 3233 385 3305 studet·
403 3245 550 3326 quicquid
575 3245 656 3305 enim
681 3242 886 3326 impossibile
883 3245 952 3317 sit,
978 3245 1058 3306 idem
1082 3244 1180 3305 etiam
1193 3243 1309 3307 inutile

61 3381 64 3385 .
136 3350 202 3390 ease
221 3330 303 3390 dicit
319 3331 360 3390 ts
378 3331 523 3412 quoniam
536 3332 725 3400 Timocrates
743 3329 819 3412 legis
830 3330 1046 3390 humanitatem
1061 3328 1192 3392 subinde
1210 3331 1307 3392 incul

135 3429 193 3489 cat,
212 3436 349 3476 cavero
356 3416 421 3476 ad'
411 3430 526 3477 rustum
545 3417 665 3477 merito
674 3416 822 3477 refertur·
838 3428 999 3498 propterea
1017 3416 1269 3477 Demosthenes
1260 3439 1308 3476 ιιι-

134 3501 213 3562 utili
223 3501 334 3582 passim
343 3502 466 3577 utitur,
486 3505 670 3575 ostendens,
689 3500 754 3561 eam
772 3502 884 3584 l·egem
890 3501 1140 3561 detrimentosam
1159 3514 1192 3562 et
1206 3502 1308 3617 perni-

134 3587 249 3649 cissam
268 3598 334 3680 es‘se
351 3587 545 3674 reipublicae:
601 3611 606 3622 ·
650 3611 653 3628 =
712 3615 715 3623 ·

543 3769 902 3782 ——ae--a—-p—-m-..a-

531 3782 536 3791 “
558 3786 560 3791 “
693 3790 699 3801 ιι

134 3851 270 3987 Causam
288 3927 379 3988 buius
396 3929 529 4014 iudicii,
555 3929 782 4001 Athenienses,
804 3950 861 3988 nec
886 3926 987 4009 ipsum
1005 3929 1210 3988 Timocratem
1228 3924 1311 3987 arbi-

132 4026 198 4073 tror
217 4011 249 4070 in
276 4035 458 4092 quemquam
478 4015 570 4075 alium
595 4013 776 4086 transferre,
812 4035 901 4093 quam
920 4013 952 4072 iu
979 4015 1183 4094 semetipsum
1226 4013 1310 4071 Dum

94 4100 98 4107 “
123 4090 214 4157 ‘enim
232 4099 450 4178 rempublicam
468 4099 608 4161 fraudare
621 4099 749 4182 pecunia
763 4119 826 4177 non
839 4121 929 4179 parva
943 4099 1059 4159 studet.
1079 4111 1196 4158 contra
1202 4117 1310 4156 omnes

81 4180 91 4212 ²
133 4183 216 4265 leges
244 4181 404 4265 obrogavit
429 4185 529 4268 legem
548 4208 605 4246 nec
631 4187 791 4256 idoneam,
819 4204 877 4243 nec
895 4183 1021 4256 iustam,
1048 4184 1176 4243 ludices.
1203 4183 1327 4256 Quae.

133 4279 279 4346 quantum
297 4267 363 4329 aliis
389 4270 650 4331 incommodatura
669 4282 700 4348 et
717 4268 902 4348 reipublicae
927 4281 1037 4328 statum
1056 4266 1240 4328 labefactura
1260 4265 1332 4338 sit„

132 4375 163 4412 ιι
149 4351 361 4433 'perferamrt
387 4353 539 4448 lonassis,
563 4355 617 4417 ubi
636 4377 672 4416 ex
689 4375 743 4415 me
762 4354 879 4437 singula
906 4352 1081 4427 audieritis,
1096 4350 1336 4460 cognoscetis.
