2722 4754
37 76 165 111 ·vl
253 111 380 153 gs.

79 247 80 251 a
128 204 237 284 1114·
341 224 397 262 -v
438 190 805 271 ntrrctsvunurs
842 194 1037 269 ona'rro‘
1083 218 1102 237 ··
1260 227 1268 234 -

14 302 19 314 ι
194 308 197 316 .
295 287 330 323 's
762 311 766 319 ,
954 312 957 319 ,
1159 293 1162 303 ·
1197 291 1203 307 ¹

72 364 210 438 154'v0s
236 358 371 443 semper,
391 374 461 434 turn
487 379 673 440 quocunque
699 350 846 418 mittebar.
871 358 925 417 sed
950 350 1085 416 civitates
1096 353 1328 438 aegrotabant:

64 497 93 507 ,.
154 437 223 512 cum
243 461 274 508 et
291 446 481 526 magistratus
503 445 657 525 rebusque
683 444 824 526 gerendis
849 443 992 523 praelecti
1019 463 1144 502 munera
1169 452 1330 521 captarent

154 545 187 600 at
213 531 426 615 largitionibus
453 543 736 611 corrumperentur,
761 542 802 613 ‘et
825 529 964 588 homines
990 527 1098 607 privati
1123 526 1326 609 partim‘non

40 616 54 635 '¹
103 660 112 671 ι
140 601 379 706 ‘prospicpr'epn
400 615 519 696 ‘partim
539 606 715 696 quotidiana
733 613 922 696 indulgentia
941 626 971 671 et
989 613 1053 672 otio*
1074 627 1175 673 essent
1194 610 1328 684 deliniti,
1353 632 1357 639 ⁴

152 720 245 785 atque
263 703 321 762 hoc
340 701 448 765 morbo
468 701 600 782 correpti
617 699 759 760 universi,
785 720 886 778 neque
904 698 1138 778 vera‘putahant
1155 696 1280 779 singuli,
1288 697 1326 756 ad
1348 691 1353 709 '

152 812 186 853 se
205 801 346 849 venturas
367 807 432 848 esse
452 787 649 847 calamitates:
672 785 725 844 sed
746 784 875 843 aliorum
894 783 1229 865 periculis'opesosuas
1249 803 1325 842 eon-

56 911 60 915 ·
105 927 108 935 ,
153 879 305 937 firmatum
323 874 371 948 iri,
385 874 513 953 quando
530 872 651 932 vellent.
671 870 720 928 Sic
739 868 882 931 nimbum
891 864 1017 944 vaccidit,
1035 883 1070 929 ut
1088 883 1118 930 et
1136 869 1247 952 vulgus
1267 867 1324 926 ho-

40 1013 42 1017 ,
65 950 71 955 ’
153 962 271 1022 minum
294 980 350 1040 per
374 958 498 1018 nimiam
523 957 604 1017 illam
630 969 661 1015 et
684 954 926 1036 intempestivam
952 955 1122 1015 socordiam
1150 955 1322 1035 libertatem

63 1040 76 1107 ſs
128 1034 132 1040 ¹
151 1045 301 1112 amiserit:
322 1057 353 1105 et
365 1043 556 1125 magistratus
574 1055 664 1121 atque
680 1040 781 1119 ii,'qui
796 1062 828 1101 se
844 1054 970 1115 caetera,
989 1041 1158 1120 semetipsis
1178 1039 1323 1120 exceptis,
1343 1084 1346 1089 -

46 1152 52 1175 ‘
133 1134 284 1196 ‘vendere
302 1129 467 1210 putabant,
486 1149 518 1188 se
531 1126 660 1203 venisse
674 1124 788 1206 primos
815 1126 1028 1190 intellexerint
1063 1126 1135 1185 Non
1162 1126 1264 1199 enim,
1287 1137 1350 1187 ut«.

121 1215 123 1222 ’
133 1207 337 1291 ,tumlreba'q
356 1236 425 1274 cum
443 1234 569 1273 munera
587 1224 788 1292 acceptarent,
805 1211 894 1272 amici
912 1225 943 1272 et
955 1211 1090 1292 hospites
1109 1211 1335 1273 nominantura

150 1293 215 1366 'se'd'
224 1313 425 1364 assentatores
446 1298 551 1359 etdiis
570 1296 660 1356 invisi
678 1309 709 1356 et
726 1310 858 1372 caetera,
877 1308 956 1378 quae‘
968 1321 1022 1378 par
1037 1311 1100 1372 est,
1119 1298 1221 1357 omnia
1240 1317 1322 1356 nune

92 1394 98 1406 ⁸
152 1388 287 1450 audiunt
321 1387 421 1446 Nemo
447 1384 542 1456 eninr,
562 1381 790 1464 Athenienses,
816 1397 942 1472 propter
965 1383 1130 1464 proditoris
1157 1382 1328 1458 utilitatem-

151 1487 268 1536 sumtus
287 1471 375 1546 facit,
393 1490 497 1548 neque
510 1456 627 1549 potitus
645 1468 699 1542 iis,
719 1490 796 1550 quae.
814 1468 1046 1549 concupiverat,
1060 1469 1226 1549 proditoris
1247 1488 1319 1528 eon·
1337 1478 1340 1483 '

150 1542 224 1620 siliis
245 1559 282 1617 de
301 1576 348 1630 eo,
367 1545 616 1635 quodsuperest,
634 1576 727 1635 porro
746 1554 995 1642 utiturquioqui
1008 1554 1083 1613 nihil
1101 1554 1220 1614 lelicius
1241 1565 1320 1613 esset

143 1636 327 1724 proditore·
346 1645 472 1700 ,Verum
490 1639 613 1701 nonita
631 1653 703 1701 sunt
721 1640 808 1714 haee,
827 1661 891 1700 non
908 1653 987 1739 suuft.
1034 1639 1096 1714 Qui
1115 1640 1196 1699 enim
1216 1645 1320 1720 po'sset

150 1722 236 1788 lieri?
254 1726 386 1786 Multum
401 1737 483 1785 certe
499 1725 591 1787 abest.
610 1725 670 1784 Sed
684 1739 848 1805 postquam
862 1726 897 1797 is,
917 1737 969 1804 qur
988 1725 1135 1805 imperare
1155 1726 1269 1798 studet,
1287 1725 1320 1805 in

129 1810 131 1819 ⁴
149 1828 233 1874 suam
251 1799 435 1893 potestatem
462 1807 563 1871 omnia
579 1812 745 1892 redegerit,
768 1812 861 1870 etiam
882 1831 1006 1885 eorum,
1033 1810 1086 1889 qui
1103 1811 1154 1871 illa
1171 1811 1321 1870 vendide-

33 1896 35 1905 ’
71 1928 75 1935 ’
118 1904 120 1908 ’
149 1911 238 1971 runt,
263 1898 299 1957 fit
322 1896 478 1967 dominus:
502 1906 617 1978 'gnarus
641 1905 741 1956 autem
766 1892 967 1977 improbitatis
991 1917 1115 1969 eorum,
1141 1909 1210 1967 tum
1235 1914 1319 1971 vero,
1347 1944 1357 1951 .

148 1997 215 2046 tum
233 1995 264 2042 et
282 1980 348 2041 odit
357 1994 392 2044 et
407 1980 519 2043 diffidit
531 1994 562 2040 et
577 1981 748 2041 insectatur.
764 1981 815 2040 Sic
834 1994 935 2041 autern
952 1989 1017 2042 rem
1036 1980 1236 2065 considerate
1253 1981 1320 2042 Etsi
1349 2040 1355 2047 ,

63 2080 97 2138 j
150 2069 232 2130 enim
248 2088 351 2128 rerum
376 2066 508 2147 ipsarum
525 2079 652 2147 'tempus
679 2067 768 2139 abiit,
793 2080 823 2126 at
841 2088 889 2126 eas
908 2067 1030 2127 sciendi
1049 2081 1169 2149 tempus
1197 2089 1319 2148 semper

88 2149 108 2167 ''
149 2155 235 2214 adest
253 2151 396 2217 ,cordatis
430 2151 591 2233 Tantisper
613 2141 777 2212 Lasthenes
794 2146 923 2212 ‘amicus'
936 2152 1068 2233 Philippi
1091 2141 1318 2227 nominabatur,

56 2227 78 2278 s
148 2240 221 2307 dum
241 2236 630 2321 Olynthum‚,perdidisset:
651 2239 803 2318 tantisper
818 2238 991 2312 Timolaus,
1017 2239 1089 2298 dum
1107 2238 1229 2300 Thebas
1248 2260 1317 2322 per-

134 2323 288 2393 didisset:
305 2322 453 2402 tantisper
469 2318 602 2382 Eudicus
622 2336 653 2383 et
670 2323 780 2402 Simus,
797 2324 952 2397 Larissaei,
972 2325 1044 2383 dum
1061 2324 1205 2406 Philippo
1220 2325 1317 2384 Thes-

147 2408 250 2487 saliam
269 2406 477 2471 subieeissent.
494 2407 535 2467 Et
551 2421 662 2482 tamen,
681 2431 749 2468 cum
769 2409 992 2490 exagitarentur
1008 2422 1039 2469 et
1056 2411 1253 2493 coutumeliis
1272 2410 1316 2481 af-

137 2494 321 2566 dicerentur,
341 2507 372 2552 et
390 2492 462 2572 quid
481 2493 552 2553 mali
570 2514 634 2553 non
651 2494 787 2555 ferrent?
807 2506 891 2554 totus
911 2495 993 2554 orbis
1012 2508 1160 2555 terrarum
1171 2497 1315 2578 ‘repletus
1337 2502 1339 2511 ’

144 2591 194 2639 est
211 2578 427 2658 proditoribus.
446 2578 529 2653 Quid
540 2573 713 2648 'Aristratus
733 2580 887 2663 Sicyone?
906 2575 989 2656 Quid
1007 2581 1142 2641 Perilaus
1161 2581 1316 2664 Megaris?

126 2663 256 2725 [Nonne
276 2662 407 2722 abiecti?
427 2663 473 2723 Ex
490 2662 536 2723 his
555 2663 647 2725 etiam
665 2665 1097 2746 evidentissime·perspicitur,
1117 2667 1173 2746 qui
1184 2669 1313 2748 patriam

71 2753 84 2778 '¹
142 2748 273 2809 maxime
290 2760 414 2808 tueatur
430 2760 520 2827 atque
538 2747 603 2829 istis
617 2742 761 2813 acerrime
771 2751 965 2825 adversetur,
986 2774 1056 2812 eum
1069 2752 1167 2826 vobis,
1183 2752 1312 2813 Aeschi-

143 2849 201 2907 ne,
226 2831 440 2913 proditoribus·
454 2845 492 2892 et·
502 2836 713 2909 mercenariis,
738 2835 1150 2918 materiamrcorruptelarum
1168 2836 1310 2920 suppedi-
1351 2841 1357 2848 ’

51 2963 53 2966 <
144 2931 227 2978 tare:
246 2916 305 2998 qui
317 2917 449 2997 simulti
466 2932 538 2995 sunt
555 2920 724 3003 vestrisque
738 2921 907 2983 conatibus
926 2923 1089 2997 resistunt,
1116 2945 1170 2984 vos
1191 2924 1262 2985 estis
1281 2937 1312 2984 et

144 3002 313 3080 incolumes
332 3015 363 3062 et
387 3005 527 3063 mercede
545 3005 632 3066 aucti.
666 3005 744 3067 Nam
769 3005 966 3086 quantumin
983 3009 1070 3070 vobis
1097 3010 1222 3089 quidem
1239 3010 1311 3091 ipsis

142 3087 218 3160 tuit,
245 3087 320 3146 olim
337 3108 408 3148 sane
431 3089 626 3175 periissetis3
638 3091 704 3156 Etsi
723 3104 823 3152 autem
842 3095 879 3153 de
898 3096 971 3154 actis
997 3095 1119 3154 illorum
1138 3095 1312 3178 temporum

123 3178 128 3195 ¹
143 3166 229 3252 plu'ra
247 3173 348 3236 dicere
365 3194 502 3254 possem:
518 3188 622 3236 tamen
639 3177 687 3237 vel
705 3175 779 3236 haee
796 3177 864 3257 plus
882 3180 953 3239 satis
972 3201 1038 3243 esse
1057 3181 1208 3241 arbitror.‘
1225 3180 1311 3257 Quid

141 3258 193 3316 isti
212 3269 260 3317 est
275 3259 502 3343 imputandum,
528 3260 582 3341 qui
598 3274 742 3343 tanquam
760 3264 910 3344 crapulam
936 3266 1085 3345 quandam
1104 3288 1176 3326 suae
1195 3266 1326 3348 impros

59 3344 119 3402 155
143 3341 246 3403 bitatis
266 3356 297 3403 et
320 3344 468 3406 scelerum
486 3345 518 3404 in
537 3368 586 3406 me
612 3348 769 3408 effuderit:
796 3371 886 3429 quam
912 3372 1036 3413 necesse
1062 3352 1224 3434 suit‘apud
1242 3372 1311 3426 vos,

102 3488 109 3495 ,
142 3427 196 3508 qui
208 3449 269 3510 ¹per
285 3441 414 3500 aetatem
430 3450 478 3489 res
497 3429 562 3508 illas
582 3433 718 3514 cognitas
736 3433 847 3494 habere
866 3456 929 3495 non
947 3437 1092 3518 potestis,
1113 3439 1221 3500 eluere.
1256 3440 1311 3497 ln·
1332 3507 1342 3521 f

110 3513 231 3596 ,terim
249 3527 349 3574 autem
368 3535 421 3575 vos
441 3537 565 3597 quoque
590 3516 725 3579 fortassis
745 3520 846 3581 allecti
873 3523 943 3581 estis
963 3524 1118 3598 molestia,
1146 3524 1199 3604 qui
1224 3523 1339 3605 prius*

141 3598 241 3672 etiam,
260 3621 350 3679 quam
366 3599 463 3671 ullum
482 3623 541 3684 ego
559 3603 685 3665 verbum
702 3605 845 3679 lacerem,
864 3605 945 3667 illam
963 3607 1049 3669 istius
1069 3631 1192 3690 operam
1211 3609 1311 3670 nostis

120 3685 372 3745 mercenariam:
391 3709 573 3767 quamquam
588 3709 653 3749 eam
670 3689 734 3771 ipse
752 3692 913 3754 'amicitiam
933 3707 964 3754 et
981 3694 1148 3776 hospitium
1162 3696 1323 3755 nominat·
1347 3766 1349 3771 Ι

111 3837 118 3846 ι
139 3767 243 3850 Atque
256 3793 343 3840 ,nunc
361 3771 473 3831 alicubi
487 3773 589 3841 'dixitr
601 3776 645 3849 ls,
665 3776 721 3856 qui
736 3776 810 3836 mihi
827 3777 993 3839 Alexandri
1011 3781 1179 3862 hospitium
1199 3802 1310 3862 expro-
1328 3823 1336 3851 „-

86 3860 102 3937 ¹.
139 3853 213 3915 brat.
236 3856 303 3938 Ego
322 3854 379 3915 tibi
397 3856 564 3938 hospitium
574 3858 759 3923 Alexandri?
778 3864 915 3924 Unde-id
933 3865 989 3932 tibi
1008 3866 1158 3949 contigit?
1175 3880 1230 3927 aut
1248 3889 1310 3948 qua

137 3938 285 4022 dignitate
304 3962 335 4000 es
354 3945 515 4022 receptus?
546 3945 655 4026 Neque
673 3947 807 4028 Philippi
825 3949 993 4030 hospitem,
1020 3973 1121 4031 neque
1140 3951 1312 4014 Alexandri
1340 3973 1357 4024 ,t

72 4076 77 4084 .
135 4026 266 4087 amicum
285 4023 342 4110 ego
356 4040 386 4087 te
403 4029 529 4090 dixerim
547 4028 679 4115 (nonita
691 4032 840 4116 insanio):
858 4035 916 4094 nisi
936 4036 1026 4097 etiam
1045 4059 1195 4114 messores
1211 4039 1312 4100 etalii

136 4113 315 4173 mercenarii
340 4113 428 4174 amici
450 4130 481 4176 et
498 4116 633 4197 hospites
657 4113 910 4200 appellandisint
935 4123 1138 4183 dominorum.
1172 4124 1246 4184 Non
1264 4124 1310 4207 ita
1348 4158 1352 4165 ·

133 4209 208 4268 sunt
225 4196 306 4260 haec.
342 4199 451 4261 Unde?
479 4202 610 4263 Multum
627 4217 716 4265 certe
735 4204 838 4293 abest:
862 4207 916 4265 sed
942 4208 1163 4270 mercenarium
1190 4231 1248 4294 ego
1274 4223 1308 4274 te

133 4280 266 4370 Philippi
285 4284 358 4344 olim
376 4298 408 4368 et
425 4308 508 4351 nunc
518 4284 683 4351 Alexandri
700 4310 789 4364 voco,
808 4291 884 4351 ethi
898 4298 1012 4356 om'nes.
1050 4295 1171 4370 Quodsi
1189 4296 1221 4356 id
1240 4317 1310 4359 non

107 4404 111 4409 -
133 4361 248 4435 credisr
265 4369 420 4455 interroga
435 4366 498 4448 eos,
514 4385 604 4453 atque
617 4374 694 4441 adeo
709 4396 768 4459 ego
781 4373 920 4459 ipsevuo
930 4375 999 4440 loch
1012 4381 1044 4441 id
1058 4379 1173 4447 seciam.
1191 4384 1309 4457 Utrum
1354 4423 1357 4433 ·

985 4653 993 4679 l
