2722 4754
413 146 680 279 inv-susos
715 189 905 255 niumm
952 274 962 281 ν
1006 278 1009 284 ‚
1074 176 1078 273 j
1173 162 1328 252 asaf

63 357 116 405 est
142 345 261 406 servire
285 330 486 424 reipublicae,
512 341 625 416 fateor,
650 342 799 404 exstitisse
816 341 942 402 Midiam
956 338 1106 402 ‘omnium
1129 339 1240 421 civium
1314 301 1329 339 x

63 425 370 512 splendidissimum:
395 426 506 487 occidit
524 426 605 487 enim
622 428 744 488 fastidio
762 428 795 488 in
813 428 1013 489 concionibus
1032 420 1193 500 omnibus,
1209 437 1243 486 et
1282 475 1288 481 ,
1311 486 1316 491 .

63 536 162 576 aures
178 514 323 575 obtundit
340 512 421 572 bisce
436 511 620 595 ingerendis.
637 512 691 573 Sin
705 513 1028 587 considerandumest,
1045 530 1243 593 quaererem

65 600 127 663 illa
140 619 269 680 monera
282 599 357 670 sint,
374 609 456 677 quae'
468 597 526 658 iste
545 597 624 660 obit:
643 619 701 681 ego
718 597 805 658 vobis
824 618 979 681 exponam.
1007 599 1121 660 Videte
1137 597 1243 681 igitur,
1264 601 1326 659 359

67 699 187 767 quanta
205 684 356 765 aequitate
373 683 430 742 sim
448 704 517 743 eum
536 704 574 743 eo
591 695 723 757 acturus,
740 683 777 743 ad
795 703 844 743 me
860 681 938 744 facta
956 683 1128 744 collatione.
1149 722 1151 727 -
1171 684 1243 757 lste,
1264 678 1266 685 ’

66 771 290 843 Athenienses,
308 779 396 828 natus
414 786 510 828 annos
528 768 747 851 quinquaginta
758 767 879 840 circiter
890 780 942 828 ant
956 768 1047 849 paulo
1066 769 1177 843 minus,
1193 767 1242 827 ni·

26 918 31 927 ,
65 855 139 916 bilo
152 856 222 938 plus
232 854 319 915 vobis
332 854 483 935 praestitit
495 853 584 933 quam
597 874 667 936 ego,
678 853 732 934 qui
742 856 855 914 annum
867 870 926 937 ago
938 853 1066 923 alterum
1078 867 1111 914 et
1121 852 1241 936 trigeri·
1340 868 1341 875 ¹

67 962 166 1001 mum
183 940 231 1000 Ac
244 937 374 1022 ego-illis
386 939 431 998 sui
442 939 632 1019 temporibus
645 939 841 1013 trierarchus,
854 939 955 1000 statim
965 937 1126 1019 pueritiam
1139 958 1242 1020 egres-

69 1047 137 1101 sus,
151 1024 266 1106 quibus
286 1023 351 1084 bini
368 1024 521 1084 triremem
540 1023 775 1103 instruebamus,
798 1037 829 1085 et
847 1037 965 1084 sumtus
983 1043 1125 1085 omnes-e
1142 1023 1243 1104 priva-

68 1109 258 1173 tisaedibus
283 1109 514 1190 premebamus,
541 1122 573 1170 et
589 1130 679 1172 naves
697 1110 756 1193 ipsi
781 1109 1015 1193 complebamus.
1056 1110 1115 1168 lste
1140 1120 1241 1167 autem

70 1216 145 1258 enm
161 1196 194 1257 id
210 1194 318 1254 aetatis
337 1207 432 1266 esset,
452 1216 511 1274 qua
529 1216 587 1277 ego
605 1217 703 1269 nunc,
721 1196 859 1256 nondum
877 1195 1039 1276 quicquam
1056 1191 1241 1274 reipublicae
1303 1254 1307 1259 ,

70 1291 226 1364 praestare
244 1290 403 1360 coeperat:
427 1281 564 1340 sedtum
583 1281 705 1340 demum
724 1301 788 1340 rem
807 1280 932 1364 attigit,
949 1301 1018 1340 cum
1036 1279 1168 1363 primum
1185 1296 1241 1337 vos

75 1368 223 1445 ducentos
242 1376 275 1424 et
291 1365 378 1424 mille·
398 1364 560 1424 attributos
582 1364 714 1438 lecistis,
738 1364 885 1445 aquibus
912 1364 1060 1426 talentum
1084 1363 1250 1446 exigentes!

55 1486 60 1501 ·
76 1450 199 1513 talento
205 1447 399 1510 trierarebias
416 1449 519 1511 locant
535 1449 594 1512 isti.
624 1449 743 1510 Deinde
761 1462 793 1511 et
810 1462 966 1511 nautaset
983 1442 1241 1531 epibatas'respu-

72 1533 155 1599 blica
171 1533 345 1616 suppeditat
364 1546 395 1593 et
411 1547 593 1596 armamenta
610 1534 743 1618 praebet
775 1535 878 1610 Quare
897 1534 1021 1595 illomm
1039 1535 1161 1616 quidam
1178 1542 1248 1594 tam‘

70 1619 157 1681 bona
174 1619 358 1681 conditione·
370 1632 460 1694 sunt,
485 1633 535 1698 ut,
562 1641 631 1682 cum
647 1641 751 1680 revera
768 1619 848 1679 nibil
864 1619 1087 1701 impenderint,
1110 1617 1242 1679 multum

41 1754 44 1758 .
69 1704 261 1787 praestitisse
284 1705 447 1766 videantur
472 1718 504 1766 et
527 1727 544 1766 a
567 1704 695 1785 reliquis
719 1704 864 1776 oneribus
893 1705 966 1765 lacti
989 1705 1052 1767 sint
1082 1698 1242 1765 immunes.
1325 1694 1331 1709 ⁸

42 1790 147 1874 ‘Age
162 1810 238 1876 vero
252 1789 448 1870 quid-aliud?
482 1790 648 1873 Tragoedis
674 1790 732 1851 iste
758 1791 921 1871 aliquando
940 1803 1057 1852 sumtus
1082 1787 1243 1871 praebuit?

73 1875 148 1958 Ego
164 1894 233 1937 vero
250 1874 437 1936 tibicinibus.
455 1875 495 1943 Et
512 1874 589 1936 banc
608 1875 776 1956 impensam
788 1874 844 1935 illo
856 1888 959 1938 sumtu
974 1876 1074 1936 multo
1094 1869 1241 1935 esserun-
1330 1934 1335 1941 ,

71 1959 188 2035 iorem,
203 1978 293 2021 nemo
309 1960 449 2040 proiecto
467 1961 594 2042 ignorat
611 1959 657 2020 Ac
671 1969 730 2043 ego
747 1960 870 2040 quidem
889 1982 971 2020 nuuc
988 1959 1080 2033 ultro,
1098 1957 1150 2018 ille
1168 1977 1241 2018 vero
1326 2006 1331 2015 .

67 2057 153 2115 tunc
168 2044 320 2106 aedilitate
339 2044 379 2104 ob
397 2045 544 2106 iudicium
563 2045 795 2127 permutationis
809 2056 967 2126 suscepta:
994 2065 1050 2124 pro
1069 2056 1137 2123 quo·
1148 2060 1241 2103 nemo

70 2128 310 2209 illi-quiequam·
324 2130 433 2209 utique
459 2129 556 2190 debet.
592 2131 676 2206 Quid
698 2129 872 2211 praeterea?
906 2128 1015 2189 Tribni
1040 2127 1164 2209 epulum
1182 2146 1241 2209 ego
1307 2148 1316 2156 ·

71 2194 203 2296 praebui
219 2227 252 2274 et
263 2214 473 2298 Ppnatbenaea
490 2214 635 2275 instruxi:
653 2205 711 2274 is‘te
729 2226 872 2274 neutrum
889 2214 970 2274 lecit
988 2209 1100 2274 Classis
1116 2232 1174 2294 ego
1186 2231 1266 2273 vo-.

72 2299 121 2360 bis
136 2296 309 2379 instributo
327 2300 514 2359 conferendo
532 2300 672 2381 princeps
690 2299 874 2361 decennium
891 2298 952 2373 ini,
977 2319 1073 2378 aeque
1090 2310 1126 2358 ut
1142 2292 1261 2358 Phor-f

49 2383 149 2457 ἰώ,
164 2396 202 2444 ut
217 2383 406 2468 Lysithides,
430 2398 465 2445 ut
483 2381 690 2446 Callaescbrus
717 2398 748 2447 et
765 2384 907 2445 ditissimi
926 2384 1054 2465 quique:
1078 2382 1242 2442 munificus

71 2469 197 2529 non-de
215 2468 341 2550 opibus,
367 2491 440 2550 quas
458 2468 557 2530 habeo
574 2469 830 2554 (namtutoribus
848 2469 895 2528 bis
913 2468 1068 2528 fraudatus
1085 2466 1164 2550 lui),
1188 2466 1241 2526 sed

72 2555 113 2615 de
134 2553 281 2634 opinione
298 2555 397 2615 relicti
414 2550 492 2614 milri
505 2555 698 2636 patrimonii,
716 2556 817 2635 quod,
835 2566 934 2621 sumta
951 2552 1032 2614 virili
1049 2566 1137 2635 toga,
1152 2550 1243 2613 resti-

71 2639 124 2699 tui
141 2638 217 2699 miti
234 2640 394 2699 decuisset.
428 2639 474 2699 Ac
492 2661 550 2723 ego
568 2640 692 2721 quidem
709 2640 753 2701 sic
771 2640 821 2723 egi
844 2638 1010 2699 vobiscum.
1044 2636 1152 2698 Midias
1170 2655 1243 2698 vero

76 2723 256 2809 quomodo?
272 2725 417 2784 Nondum
432 2724 480 2785 vel
499 2725 591 2785 bodie
609 2724 716 2786 classis
728 2725 868 2806 princeps
878 2724 975 2783 lactus
989 2736 1049 2782 est:
1063 2720 1245 2802 patrimonii

75 2809 163 2869 nulla
181 2821 263 2889 parte
282 2830 299 2868 a
317 2830 471 2889 quoquam
489 2809 661 2883 fraudatus,
687 2811 741 2870 sed
759 2833 776 2883 a
792 2821 878 2891 patre
903 2802 1006 2868 multis
1032 2805 1141 2886 opibus
1159 2825 1245 2873 accc-

25 2923 28 2927 ·
73 2892 147 2974 ptis
177 2893 254 2968 Quis
273 2894 368 2976 igitur
385 2906 431 2954 est
448 2894 611 2975 splendor,
629 2907 681 2954 aut
699 2915 846 2975 quaenam
865 2892 949 2954 obita
965 2913 1092 2952 munera
1111 2904 1142 2952 et
1158 2910 1266 2971 prae-·

72 2978 158 3038 clara
175 2977 262 3038 istius
278 2979 486 3053 munificentia
493 2980 508 3040 i
529 2979 681 3060 Equidem
698 2999 763 3040 non
780 2979 888 3053 video,
905 2977 966 3038 nisi
983 2977 1052 3057 quis
1071 2997 1106 3036 ea
1122 2987 1246 3057 spectet
1295 3051 1298 3055 Ι

72 3063 181 3123 Aedes
198 3061 343 3138 Eleusine
360 3077 457 3125 tantas
476 3064 696 3136 exaedificavit,
713 3077 749 3124 ut
767 3064 909 3125 omnibus
925 3062 1008 3123 illius
1026 3061 1087 3122 loci
1105 3060 1246 3121 domibus

75 3146 222 3215 tenebras
240 3148 388 3209 obducat:
405 3171 551 3229 suamque
568 3149 727 3209 mulierem
738 3151 783 3233 xad
796 3149 885 3209 initia
901 3148 996 3222 vehit,
1014 3159 1046 3208 et
1062 3147 1088 3206 si
1105 3167 1168 3226 quo
1186 3144 1245 3205 alio
1316 3175 1323 3181 -

77 3231 181 3306 libuit,
196 3232 282 3304 albis
293 3230 371 3316 bigis
388 3234 557 3318 Sicyoniis:
576 3235 684 3315 etipse
701 3255 771 3295 cum
787 3234 886 3296 tribus
904 3232 1094 3314 pedissequis
1107 3244 1161 3292 aut
1172 3252 1250 3312 quaq
1323 3307 1327 3314 ⁵

75 3326 154 3376 uror
169 3317 343 3398 per-iorum
361 3319 531 3381 insolenter
546 3319 670 3392 incedit,
688 3318 817 3402 cymbia,
834 3319 968 3380 rorantia
985 3317 1096 3399 pocula
1113 3330 1145 3378 et
1161 3316 1247 3398 phia-

77 3400 126 3461 las
142 3400 190 3463 ita
197 3403 373 3476 nominans,
389 3416 426 3464 ut
437 3417 669 3485 ¹praetereuntes
687 3404 818 3464 audiant
851 3404 919 3486 Ego
936 3424 1026 3477 vero,
1044 3423 1122 3483 quae
1140 3399 1249 3483 privati

34 3492 38 3498 “
55 3558 62 3570 ἱ
81 3485 284 3570 luxus-gratia
302 3500 334 3549 et
351 3489 505 3569 copiarum
529 3502 614 3571 parat
629 3489 754 3565 Midias,
783 3489 864 3548 haud
881 3488 961 3562 scio,
977 3486 1061 3569 quid
1080 3508 1119 3563 ea,
1131 3484 1251 3567 populo

78 3570 218 3656 prosints
234 3572 430 3649 insolentiam
443 3595 515 3637 vero
534 3574 626 3648 illins,
644 3573 729 3635 cuius
742 3574 798 3635 bae
811 3596 860 3636 res
877 3574 906 3633 ei
919 3586 1106 3647 causamur,
1124 3574 1157 3632 in
1170 3566 1247 3631 mul-
1271 3579 1332 3634 360

77 3667 130 3716 tos
148 3667 181 3716 et
197 3658 353 3737 proximos
372 3680 511 3739 quosque
528 3671 669 3725 vestrum¹
679 3659 851 3721 redundare
864 3659 963 3720 viden
980 3659 1084 3734 Quare
1097 3657 1166 3718 talia
1185 3677 1249 3718 non

79 3759 203 3821 semper
221 3742 400 3803 honoranda
418 3756 504 3818 sunt,
528 3765 628 3825 neque
646 3743 839 3822 admirationi
857 3740 945 3805 vobis
964 3763 1029 3805 esse
1048 3743 1176 3815 debent,
1193 3762 1248 3802 ne-

13 3846 24 3859 *
78 3844 140 3904 que
155 3826 354 3908 splendorem
367 3828 439 3889 binc
453 3829 609 3890 aestimare
628 3829 781 3904 convenit,
799 3829 825 3890 si
840 3826 908 3910 quis
926 3828 1085 3912 magnifice
1103 3826 1249 3907 aedificat,

77 3922 133 3970 aut
150 3911 276 3972 ancillas
294 3913 402 3983 multas
427 3914 581 3994 possidet,
605 3926 658 3975 aut
674 3914 785 3975 lautam
810 3914 1046 3995 supellectilems
1071 3914 1123 3973 sed
1143 3911 1167 3970 is
1186 3932 1249 3973 ma-

79 3993 294 4076 gnisaciendus
314 4000 374 4070 est,
397 3999 450 4078 qui
467 3998 577 4059 talibus
595 3999 628 4059 in
644 3998 736 4058 rebus
755 3999 932 4081 splendidus
951 4011 997 4059 est
1015 4011 1046 4058 et
1062 3996 1250 4080 magnificus,
1321 4014 1324 4019 ’

80 4100 211 4167 quarum
229 4080 344 4142 utilitas
360 4082 409 4143 ad‘
418 4083 576 4144 universos
594 4083 691 4145 redita
717 4084 805 4164 quale
817 4085 899 4145 nibil
924 4086 956 4144 in
974 4081 1067 4141 Midia
1083 4081 1249 4166 reperietis.
1327 4086 1334 4095 '

75 4163 249 4226 Enimvero
266 4166 421 4227 triremem
439 4165 552 4230 civitati
569 4169 700 4231 donavit
723 4169 809 4229 Hane
827 4170 920 4243 enim,
937 4167 1008 4229 satis
1026 4166 1100 4240 scio,
1118 4168 1250 4241 iactabit,

80 4259 111 4308 et
127 4248 316 4332 gloriabitur
322 4273 330 4311 s
354 4253 422 4336 Ego
440 4252 527 4314 vobis
544 4254 699 4315 triremem
718 4255 836 4315 donavi.
869 4254 920 4315 sie
938 4251 1033 4336 igitur
1048 4253 1180 4314 facitote.
1207 4250 1250 4322 Si,

80 4330 310 4412 Athenienses,
325 4337 507 4419 reipubliose
525 4340 627 4403 studio
645 4339 727 4404 illam
745 4338 888 4411 donavit,
904 4358 986 4433 puae
1004 4358 1066 4420 pro·
1078 4335 1249 4399 uti-munt
1312 4335 1318 4341 ’
