2722 4754
864 42 1036 104 ·'·l
1140 67 1158 90 s

431 142 830 280 russanenauuu
864 175 950 244 rga
1180 182 1262 278 ersi

436 352 867 442 ‘quaestuosiores

156 515 330 585 Testantur,
348 532 379 571 se
398 508 510 569 amicos
529 518 560 567 et
577 503 738 565 familiares
756 518 822 562 esse
840 500 1047 579 Phormionis,
1063 516 1095 565 et
1111 501 1243 566 adfuisse

74 600 154 682 apud
173 600 319 660 arbitrum
337 587 466 668 Tisiam,
495 614 564 652 eum
590 589 910 679 arbitrium‘in‘causa
927 589 1244 669 Apollodori-contra
1289 624 1291 629 .
1318 634 1327 648 .

74 685 292 753 Phormionem
310 683 411 741 fieret:
429 679 567 758 scireque
586 697 629 749 se,
647 673 1036 764 Stephanumfsuriipuisse
1055 677 1086 737 id
1098 678 1243 739 testimo-

54 772 170 845 ·uium,
187 770 270 849 quod
290 788 363 833 eum,
377 759 716 846 surripuissequeritur
731 758 948 840 Apollodorus.
1042 760 1046 781 ²
1134 814 1142 827 ,

158 855 224 916 Aut
240 852 413 926 testamini,
431 862 483 912 aut
501 849 624 909 eiurate.
722 852 725 865 '
938 873 943 880 ⁸

521 983 801 1050 srunalrto.
870 1062 873 1066 ἱ

157 1110 230 1171 Non
248 1109 413 1186 obscurum
430 1105 500 1178 fuit,
518 1103 657 1181 ludices,
676 1123 729 1163 eos
747 1075 809 1162 hoc
825 1101 969 1176 facturos,
986 1102 1158 1184 cupideque
1176 1104 1245 1166 eiu-

71 1208 199 1257 raturos.
234 1197 276 1255 Ut
293 1194 388 1276 igitur
406 1202 424 1251 e
439 1189 571 1271 uestigio
588 1189 717 1271 periurii
734 1187 971 1265 convincamus,
989 1209 1062 1270 cape
1079 1189 1143 1253 hoc
1156 1190 1244 1252 testi.

73 1281 221 1354 monium,
242 1293 273 1341 et
290 1277 539 1366 provocationem
557 1275 634 1357 lege.
818 1312 820 1319 ·
992 1321 1017 1329 ,.
1050 1294 1055 1303 ’

298 1391 652 1508 τεετιΜοΝἰυΜῇ
690 1422 979 1493 Ῥιιιονοοωο.
1136 1410 1176 1464 '2
1233 1405 1328 1487 [207

157 1536 330 1607 Testantur,
348 1552 380 1594 se
400 1529 551 1602 adfuisse,
570 1538 643 1588 cum*
657 1525 869 1609 Apollodorus
887 1527 1077 1609 Stephanum
1094 1549 1243 1608 provoca-

46 1614 50 1624 *
72 1619 132 1694 vit,
150 1634 185 1681 ut
203 1641 331 1701 puerum
349 1618 566 1699 pedissequum
583 1613 616 1691 in
643 1612 854 1694 quaestionem
866 1613 958 1675 daret
976 1615 1014 1674 de
1032 1613 1152 1675 tabulae
1171 1615 1244 1675 suh·
1295 1670 1297 1677 Α

73 1706 240 1766 tractione:
268 1702 299 1764 'et
316 1716 451 1784 paratum
476 1698 570 1759 fuisse
587 1697 814 1778 Apollodorum
833 1698 871 1758 ad
897 1698 1131 1763 conscribendas
1150 1710 1244 1780 quae-

73 1790 184 1851 stionis
211 1787 418 1850 conditiones:
447 1786 521 1846 haec
547 1796 647 1845 autem
672 1784 847 1865 postulante
871 1783 1082 1866 Apollodoro,
1097 1779 1245 1847 ”noluisse

75 1874 263 1955 Stephanum
287 1895 415 1955 puerum
441 1872 575 1942 tradere,
599 1869 654 1933 sed
670 1869 883 1951 respondisse,
907 1870 934 1931 ai
951 1871 1119 1951 quam‘aibi
1135 1873 1245 1958 facum

73 1960 217 2020 iniuriam
236 1973 430 2040 quereretur,
449 1955 578 2039 experiri
596 1954 688 2015 licere
706 1955 829 2016 iudicio.
915 1992 918 1997 ·
1091 1989 1093 1993 ·

112 2070 115 2075 2
150 2046 238 2118 ›Quis
257 2024 400 2128 igitur¹in
418 2041 471 2103 tali
489 2041 630 2113 crimine,
650 2040 784 2113 ludices,
802 2061 890 2101 causa
908 2040 1017 2116 fretus,
1032 2043 1244 2122 quaestionem

73 2146 138 2187 non
157 2129 347 2190 admisisset?
358 2170 361 2176 -
372 2128 507 2188 Proinde
524 2124 670 2207 fugiendo
690 2125 900 2205 quaestionem
917 2127 991 2186 furti
1010 2127 1099 2188 huius
1117 2130 1245 2190 convin-

73 2213 161 2273 citur.
196 2214 275 2274 Eum
293 2213 388 2296 igitur
405 2213 472 2272 falsi
490 2209 659 2271 testimonii
678 2209 751 2270 dicti
763 2209 885 2276 moveri
901 2211 1015 2290 putatis
1034 2211 1172 2288 infamia,
1191 2207 1246 2294 qui

31 2360 37 2367 ,
73 2295 138 2358 non
154 2297 315 2370 recusavit,
333 2317 395 2377 quo
414 2297 513 2357 minus
532 2293 582 2354 fur
600 2293 840 2355 existimaretur?
858 2295 995 2377 Rogatus
1010 2297 1047 2358 ah
1066 2298 1170 2379 aliquo
1188 2300 1244 2359 fal-

75 2390 141 2444 sum
160 2382 371 2445 testimonium
389 2403 455 2443 non
468 2381 558 2454 dicet,
570 2379 640 2460 qui,
658 2379 784 2441 iubente
802 2381 934 2455 nemine,
951 2382 1034 2444 ultro
1052 2385 1112 2445 fuit
1128 2385 1244 2467 impro-¹
1322 2400 1329 2407 “

74 2468 152 2529 bus?
171 2469 362 2548 Quamquam
378 2467 484 2550 igitur,
501 2465 718 2545 Athenienses,
736 2465 844 2527 horum
859 2466 1008 2528 scelerum
1025 2470 1162 2544 omnium
1177 2472 1244 2530 iure
1280 2483 1291 2500 ‘

75 2574 188 2635 poenas
208 2555 307 2614 daret:
334 2553 432 2613 multo
448 2550 690 2619 tamen‘iustiusv
703 2564 831 2633 propter
846 2567 967 2614 caetera
984 2554 1135 2637 supplicio
1153 2578 1170 2616 a
1188 2555 1243 2616 vo·
1328 2556 1330 2561 ’

74 2639 121 2700 his
140 2638 318 2702 afficeretur.
353 2639 448 2717 ldque
472 2637 533 2698 vita
551 2637 642 2709 eius,
660 2657 751 2715 quam
768 2637 860 2710 vixit,
883 2634 1019 2719 inspecta
1045 2642 1244 2719 considerate

76 2725 151 2798 lste,
180 2746 249 2784 cum
267 2723 481 2784 Aristolochus
499 2723 667 2784 mensarios
684 2723 817 2782 secunda
834 2723 955 2784 fortuna
973 2725 1153 2802 veheretur,
1179 2726 1245 2808 pari

76 2831 181 2893 gressu
200 2832 270 2870 cum
288 2809 342 2869 illo
360 2808 538 2882 incedebat,
555 2808 601 2868 illi
618 2827 744 2888 prorsus
762 2807 932 2870 obnoxius:
959 2821 991 2870 et
1007 2809 1067 2872 hoc
1084 2813 1174 2872 multi
1191 2833 1244 2872 ve·
1259 2804 1271 2819 ’

75 2908 188 2968 strum,
207 2895 260 2975 qni
277 2894 327 2954 hic
345 2894 475 2966 adestis,
493 2907 616 2954 norunt.
650 2893 816 2972 Postquam
834 2894 1005 2955 autem-ille
1023 2896 1115 2977 periit
1133 2911 1164 2958 et
1180 2897 1245 2958 for-

75 2980 157 3040 tunis
186 3000 307 3040 eversus
327 2991 391 3052 est,
415 2977 565 3059 dissipatis
593 2976 658 3049 eius
684 2977 794 3057 opibus
812 2979 1025 3040 non-minima
1044 3003 1080 3042 ex
1102 2995 1187 3063 parte
1206 2982 1244 3044 ah
1293 3004 1295 3009 ’

74 3065 135 3125 isto
154 3077 184 3124 et
203 3065 290 3125 istius
306 3054 429 3147 generii
446 3062 640 3137 hominihus,
665 3061 730 3123 eius
748 3063 831 3137 lilio,
849 3064 899 3126 cui
916 3065 1046 3127 multum
1064 3069 1184 3150 negotii
1200 3069 1257 3128 far

74 3149 265 3222 cessehatur,
289 3169 445 3228 nunquam
471 3149 569 3208 adfuit
586 3161 639 3208 aut
656 3169 746 3228 opem
764 3148 850 3219 tulit:
875 3151 929 3211 sed
946 3149 1112 3231 Apol'exis,
1123 3153 1245 3226 Solon,
1271 3200 1276 3221 ,-

75 3247 108 3312 ct
120 3234 217 3315 quivis
236 3235 287 3295 alii
300 3232 445 3315 potius-ei
459 3247 579 3314 praesto
597 3246 676 3293 sunt
693 3233 912 3295 Phormionem
928 3258 1033 3297 rursus
1051 3239 1196 3319 adspexit,
1214 3251 1246 3299 et

76 3318 120 3393 ei,
140 3339 177 3379 ex
193 3318 432 3380 Atheniensibus
452 3318 593 3379 omnihus
612 3318 749 3392 delecto,
765 3318 866 3384 factus,
880 3333 927 3381 est
943 3322 1113 3383 familiaris:
1130 3344 1187 3404 pro
1205 3343 1244 3389 ee

75 3404 193 3487 legatus
211 3404 391 3487 Byzantium
417 3404 571 3484 profectus
598 3417 659 3477 est,
685 3420 752 3465 cum
771 3403 817 3464 illi
842 3427 932 3467 naves
960 3407 1025 3468 eius
1054 3410 1244 3470 detinerent:

76 3510 195 3549 causam
215 3490 278 3572 egit
303 3491 445 3549 adversus
464 3484 701 3568 Chalcedonios:
728 3490 776 3550 ine
793 3490 891 3571 palam
909 3492 986 3553 adeo
1004 3493 1081 3554 falso
1103 3495 1245 3555 testimo-

66 3571 128 3634 ‘nio
148 3575 354 3635 circumvenit
389 3573 451 3649 Qui
469 3574 563 3656 igitur
585 3574 721 3634 felicium
745 3588 915 3637 assentator
931 3589 995 3652 est,
1019 3581 1105 3661 atqui
1122 3602 1245 3642 eorum·

77 3660 162 3734 dem,
180 3673 295 3723 mutata
312 3660 450 3733 fortuna,
467 3660 609 3741 proditor
624 3658 708 3743 (cum
726 3646 916 3740 reliquorum
934 3655 1050 3724 ciuium*
1062 3666 1152 3726 multi
1170 3666 1245 3726 honi

75 3745 132 3805 viri
151 3746 223 3819 sint,
241 3768 310 3806 cum
328 3744 450 3805 nemine
468 3745 517 3806 vel
531 3764 677 3824 exaequo
696 3746 768 3828 agit,
786 3747 897 3816 talibus
914 3762 1016 3810 autem
1031 3750 1112 3812 ultro
1127 3773 1159 3811 se
1171 3751 1244 3811 suh·

75 3829 171 3914 iicit),
196 3831 264 3911 qui,
290 3851 390 3911 neque
408 3852 446 3890 an
465 3843 628 3928 cognatum
646 3830 778 3909 aliquem
796 3831 906 3909 iniuria
923 3833 964 3896 sit
980 3833 1162 3910 allecturus,
1189 3857 1248 3913 ne·¹

77 3936 136 3997 que
156 3938 194 3977 an
213 3917 292 3997 apud
311 3912 385 3977 alios
404 3914 556 3976 infamiam
575 3914 731 3980 subiturus
750 3917 866 3981 sitillis
885 3914 971 3980 factis
989 3921 1114 4003 cogitet,
1132 3942 1244 4002 neque,

75 4003 137 4061 nisi
151 4015 186 4062 ut
199 4000 351 4063 avaritiam
363 4022 448 4062 suam
466 4001 593 4082 expleat,
611 4001 773 4081 quicquam
788 4004 876 4083 pensi
886 3995 1000 4066 hahet:¹
1010 4027 1114 4066 nonne
1131 4008 1157 4067 is
1170 4008 1243 4069 odio

76 4088 308 4168 prosequendus
328 4100 391 4159 est,
408 4099 444 4146 ut
460 4086 555 4148 totius
572 4085 721 4147 hnmanae
739 4100 863 4148 naturae
883 4089 1000 4150 hostis?
1030 4091 1101 4174 ‘Ego
1119 4093 1243 4172 quidem

76 4194 209 4252 aequum
228 4172 259 4231 id
277 4193 342 4232 esse
361 4192 480 4233 censeo.
497 4172 541 4232 Ea
557 4171 652 4254 igitur
669 4172 710 4231 ita
728 4173 885 4253 probrosa,
903 4173 1124 4250 Athenienses,
1143 4198 1191 4254 eo,
1208 4191 1245 4240 ut

77 4280 203 4319 munera
221 4257 342 4338 publica
360 4258 509 4319 detrectet
524 4270 555 4318 et
566 4279 634 4319 suas
651 4257 808 4319 facultates
828 4260 971 4335 occultet,
987 4260 1087 4323 facere
1100 4264 1244 4339 instituit,

78 4365 140 4424 quo
159 4342 362 4405 clandestinos
380 4363 435 4424 per
451 4351 594 4407 mensam
610 4355 752 4423 quaestus
770 4343 963 4426 faciat,·quo
982 4368 1083 4429 neque
1101 4350 1244 4424 aedilitio,
1264 4349 1327 4419 20⁸

586 4568 736 4610 κ”
