2722 4754
274 124 278 133 Ι
347 68 367 109 ἱ

185 202 210 277 s
270 256 286 289 u
366 231 772 295 -·1n1›u1u1rrou1
807 232 886 295 tu<
1060 253 1082 276 -·
1179 209 1243 298 u

17 446 19 453 .
69 390 130 452 etin
146 385 311 460 cruciatum
336 385 514 467 abripiendi.
556 387 627 447 Non
655 389 735 448 enim
761 396 999 470 possuntpnon
1016 404 1147 472 possunt
1165 411 1215 452 ex-

68 473 132 538 terni
157 472 267 531 hostes·
291 472 447 552 superari,
482 484 642 551 antequam
675 475 858 535 domesticos
877 475 991 543 ,hostes
1020 474 1215 558 puniveretis

23 557 30 567 ’
70 557 171 638 Alioqui
196 554 307 636 nequit
332 556 418 629 fieri,
460 557 673 622 domin-hos
698 570 840 639 tanquam
866 560 1018 641 scopulos·
1035 562 1216 645 impingitis,

71 645 127 727 quin
146 640 208 701 sitis
234 640 295 701 illis
318 640 512 721 posteriores.
547 643 706 702 Undenam
722 645 806 704 'enim
823 645 953 725 putatis,
967 667 1049 706 *eum
1073 668 1156 707 nune
1179 647 1211 706 in
1224 650 1271 706 -95

74 752 116 792 uos
128 747 183 788 esse
201 725 483 786 contumeliosum?
509 727 584 784 Nam
603 729 678 807 quid
694 729 798 802 saciat,
816 729 842 788 si
860 728 919 788 hoc
935 751 1000 789 nou
1017 731 1108 804 facit,
1125 730 1212 813 equi-

37 856 43 867 .
80 819 127 878 den
143 831 199 872 non
223 811 331 870 video:
357 811 410 889 qui
435 832 504 870 cum
528 811 602 877 alios
626 812 862 886 benefaciendo,
888 813 914 872 si
938 814 1015 872 nihil
1038 815 1139 890 aliud,
1165 838 1213 877 se-

80 905 155 969 lucat,
177 895 265 955 vobis
284 895 343 954 iam
362 895 511 957 minatur?
536 897 647 969 veluti,
673 898 837 966 Thessalos,
851 898 955 958 multis
972 898 1130 959 beneficiis
1147 902 1213 981 pel·
1308 904 1311 909 ’

75 985 128 1047 lexit
146 983 175 1041 in
198 981 276 1040 bane
299 980 492 1054 servitutem,
520 1001 621 1060 neque
640 983 949 1064 dicendo-quisquam
970 984 1212 1064 consequi-pos—

72 1073 115 1141 ait,
135 1088 214 1148 quam
239 1065 343 1125 multis
367 1062 622 1126 rebus'lnfelices
649 1066 829 1152 Olynthios,
856 1069 923 1128 data
947 1069 1032 1149 prius
1057 1067 1213 1142 Potidaea,

71 1153 208 1232 multisque
233 1149 318 1223 aliis,
352 1148 512 1232 deceperit.
555 1151 825 1212 Thebanos-nunc
850 1153 991 1232 pellicit,
1012 1152 1141 1213 Boeotia
1163 1154 1214 1218 ,eis'

70 1241 173 1310 tradita,
191 1240 388 1316 posteaquam
407 1255 459 1296 eos
478 1235 559 1295 bello
577 1257 688 1318 magno
708 1251 739 1296 et
757 1237 874 1296 difficili
891 1237 1036 1298 liberavit
1077 1238 1212 1298 Proinde

72 1327 224 1393 biennes,
250 1320 459 1381 emolumento
484 1321 587 1399 aliquo
612 1335 775 1403 percepto,
801 1321 909 1402 partim
933 1323 992 1381 iam
1016 1343 1051 1381 ea
1074 1324 1211 1404 perpessi

74 1424 140 1482 sunt,
153 1410 219 1487 quie
232 1424 340 1464 omnes
359 1405 472 1466 sciunt:
491 1406 609 1486 partim,
628 1406 773 1486 quicquid
790 1407 913 1467 tandem
930 1429 1016 1485 casus
1033 1407 1149 1480 tulerit,
1163 1409 1210 1467 le·
1281 1422 1283 1427 ’

71 1507 133 1554 rent
168 1489 259 1553 ‚vobis
283 1503 384 1549 autem
403 1504 504 1572 erepta
523 1511 600 1570 quae
619 1492 696 1565 sint,
723 1505 824 1552 taceo:
851 1493 905 1552 sod
929 1492 961 1550 in
984 1492 1048 1572 ipsa
1071 1492 1221 1575 pacifica--

70 1580 140 1641 tione
154 1574 268 1655 quantis
284 1573 414 1634 fraudati
433 1575 525 1636 estis?
551 1577 671 1655 quantis
689 1577 961 1657 spoliati?¹'n0nne
979 1576 1228 1649 Phocensibusl
1323 1615 1326 1621 ·

48 1656 51 1665 '
71 1660 190 1739 nonneP
222 1659 269 1719 is?
286 1680 392 1718 nonne
409 1660 596 1733 infThracia,
613 1662 754 1734 Dorisco,
771 1661 885 1737 Serrio,
904 1658 1102 1742 Cersoblepte
1120 1655 1210 1740 ipso?
1300 1674 1303 1684 ¹

70 1767 153 1808 nonne
232 1743 312 1804 diam
335 1767 417 1804 nunc
441 1744 550 1818 habet,
576 1758 607 1806 et
630 1747 812 1807 confitetur?
846 1743 910 1806 Cur
933 1747 1028 1829 igitur
1052 1766 1089 1805 eo
1115 1747 1209 1805 modo

70 1830 210 1902 cumillis,
227 1828 332 1889 et·alia
349 1830 467 1889 ratione
486 1830 643 1891 vobiscum
663 1831 847 1914 agit¹?‘·quod
864 1832 897 1890 in
911 1833 979 1903 sola
997 1843 1100 1890 nostra
1117 1850 1208 1910 repu-

70 1918 133 1977 blica
151 1915 225 1975 intcr
246 1934 352 1973 omnes
371 1913 685 1998 impunitasag‘endae
693 1917 837 1982 hostium
855 1930 961 1981 causae
980 1914 1084 1986 datur,
1111 1927 1164 1985 et,
1183 1913 1208 1972 si

70 2002 123 2083 quis
138 1998 287 2081 pecuniam
305 2000 472 2080 acceperit,
507 2014 576 2062 tuto
600 2002 679 2082 apud
696 2022 751 2061 vos
769 2001 891 2060 dicendi
908 2012 1089 2081 potestatem
1108 1998 1210 2069 habet,

70 2087 115 2148 eui
133 2083 230 2145 vestris
256 2084 365 2167 opibus
384 2085 505 2166 spoliati
523 2085 596 2144 sitis.
639 2086 710 2144 Non
734 2099 834 2144 tutum
853 2085 982 2168 Olynthi
1006 2083 1113 2143 suisset
1138 2103 1208 2142 cau-

69 2193 119 2232 sam
132 2168 255 2250 Philippi
272 2178 378 2252 agere,
410 2170 472 2229 nisi
488 2170 627 2229 beneficii
645 2184 759 2252 partem
778 2171 908 2249 aliquam
926 2168 1090 2228 multitudo
1111 2166 1208 2250 Olyn-

69 2257 181 2318 thiorum
204 2255 400 2316 ePotidaeae
417 2255 565 2315 fructibus
584 2250 775 2337 percepisset.
817 2255 894 2313 Non
905 2255 1040 2313 licuisset
1061 2253 1092 2324 in
1111 2253 1208 2310 Thes·
1245 2298 1248 2306 .

69 2341 127 2400 salia
149 2360 258 2399 causam
283 2338 417 2419 Philippi
440 2360 548 2420 agere,
583 2341 642 2398 nisi
673 2342 710 2399 ad
734 2338 961 2399 multitudinem
983 2336 1209 2409 Thessalorum,
1308 2370 1311 2378 .

69 2424 155 2500 eiectis
175 2445 190 2484 a
207 2423 502 2507 Philippotyranuis
528 2437 559 2484 et
575 2422 691 2508 Py‘laea
701 2424 860 2495 restituta,
884 2421 1025 2483 beneficii
1047 2443 1114 2502 pars
1137 2440 1207 2501 per-

68 2511 186 2571 venisset
200 2509 270 2569 Non
287 2509 395 2569 suisset
407 2509 520 2568 Thebis
537 2522 637 2569 tutum
656 2522 725 2568 ante
742 2508 890 2579 redditam
903 2506 1062 2566 Boeotiam
1081 2519 1111 2565 ct
1124 2506 1207 2564 Pho·
1258 2545 1261 2550 -

70 2617 158 2656 censes
173 2595 290 2676 deletos
311 2626 314 2631 ·
334 2593 394 2652 Sed
413 2593 561 2666 Athenis,
580 2615 647 2652 cum
666 2615 729 2652 non
747 2592 840 2650 modo
858 2591 1066 2672 Amphipolim
1086 2604 1116 2651 et
1134 2586 1206 2648 Car·
1261 2637 1264 2649 „

68 2681 205 2739 dianetum
228 2680 384 2761 regionem
411 2679 568 2761 Philippus
595 2677 754 2758 eripuerit,
785 2677 839 2734 sed
866 2690 904 2735 et‘
921 2675 1077 2735 Euboeam
1103 2687 1207 2734 contra

69 2785 120 2824 nos
140 2777 266 2844 tauquam
288 2785 389 2824 arcem
413 2763 574 2834 munierit,
601 2775 632 2821 et
649 2783 731 2820 nnnc
747 2759 926 2843 Byzantium
944 2761 1083 2831 accedat,
1107 2771 1207 2816 tutum

69 2862 108 2909 est
124 2849 268 2910 defendere
285 2849 468 2929 Philippum
493 2850 603 2926 ltaque
622 2847 749 2905 istorum
768 2843 864 2924 aliqui
883 2864 898 2903 e
916 2844 1062 2903 mendicis
1081 2853 1208 2927 repente
1306 2840 1310 2851 ¹

67 2933 128 2993 facti
143 2948 206 2994 sunt
221 2935 345 2996 divites:
374 2926 410 2994 ex
427 2931 665 3015 ignobilibus'et
683 2929 839 3002 obscuris,
861 2929 933 2988 clari
951 2941 1040 3010 atque
1059 2928 1207 2987 illustres:

69 3040 112 3078 vos
133 3033 240 3093 contra,
266 3041 283 3080 e
307 3016 550 3089 elaris-obscuri,
577 3037 592 3075 e
618 3014 821 3097 locupletibus
841 3025 973 3096 egentes,
1015 3010 1106 3072 Urbis
1126 3010 1206 3075 euim

69 3125 129 3183 opes
144 3125 194 3186 ego
213 3125 277 3164 esse
297 3105 435 3164 existimo
454 3102 572 3174 socios,
590 3101 699 3172 fidem,
716 3098 976 3159 benevolentiam:
1005 3117 1134 3176 quorum
1152 3114 1207 3165 vos

68 3188 181 3247 omnium
204 3191 274 3250 estis
300 3191 415 3270 inopes.
436 3232 440 3239 »
459 3186 545 3260 Quae
565 3185 633 3264 quia
652 3177 825 3267 negligitis,
853 3196 884 3243 et
907 3183 944 3241 ad
967 3183 1058 3242 istum
1082 3183 1206 3241 modum

66 3294 106 3332 res
121 3273 182 3332 ferri
198 3274 310 3334 sinitis:
329 3287 364 3332 ut
381 3274 431 3332 illc
448 3271 554 3330 beatus
574 3283 604 3329 et
620 3291 745 3351 magnus
763 3282 794 3328 et
809 3267 1025 3328 formidolosus
1045 3281 1090 3326 est
1108 3264 1206 3327 omni-

67 3357 112 3416 bus
129 3358 241 3418 Graecis
269 3372 299 3419 et
321 3356 477 3429 Barbaris,
503 3356 543 3414 ita
567 3375 621 3415 vos
646 3355 758 3414 deserti
773 3358 812 3412 ‘et
835 3352 981 3433 humiles:
1006 3347 1206 3433 prosperitate

67 3441 116 3500 sori
130 3455 154 3502 ct
168 3461 304 3502 annonae
322 3441 491 3522 splendidi,
507 3460 609 3499 rerum
628 3460 749 3512 earum,
768 3456 843 3518 quae
861 3435 1075 3516 requiruntur,
1093 3435 1205 3494 instru-

67 3527 150 3586 ctione
164 3528 290 3586 ridiculi.
312 3528 403 3607 ⁴Nou
429 3539 529 3585 autem
555 3545 591 3583 eo
616 3525 708 3583 modo
732 3523 878 3603 quosdam
898 3533 1053 3580 oratorum
1072 3533 1102 3580 et
1119 3518 1219 3579 vobis

64 3624 90 3670 et
103 3611 283 3693 sibimetipsis
302 3613 461 3671 consulere
479 3611 577 3670 video.
594 3613 658 3668 Vos
677 3608 757 3667 enim
777 3608 933 3687 quiescere
951 3605 1069 3678 iubent,
1086 3602 1224 3677 tametsi·
1255 3602 1257 3606 ’

64 3697 220 3777 vosaliquis
240 3697 374 3756 violarit:
394 3717 486 3776 quum
504 3694 563 3776 ipsi
580 3694 660 3774 apud
670 3714 731 3752 *vos
751 3693 905 3772 quiescere
924 3711 987 3749 non
1005 3690 1133 3771 possint,
1151 3708 1204 3747 ne·
1224 3698 1263 3756 96

55 3780 130 3839 ‘mine
150 3803 204 3845 eos⁴
225 3781 364 3841 violante.
409 3781 501 3856 Quod
525 3781 551 3838 si
574 3779 641 3857 quis
665 3779 730 3838 sine
754 3775 892 3836 convicio
916 3787 1020 3856 roget:
1046 3775 1104 3834 Die
1122 3773 1207 3847 mihi,
1266 3812 1292 3842 a

34 3926 41 3939 ,
62 3867 255 3944 quamobrem,
275 3887 343 3926 cum
362 3865 548 3945 exploratum
566 3863 687 3936 habeas,
703 3862 896 3921 Aristodeme
914 3857 1018 3942 (nemo
1038 3859 1119 3918 enim
1137 3857 1207 3916 talia

60 3950 191 4035 ignorat),
215 3964 251 4013 ut
273 3951 459 4032 privatorum
483 3949 642 4008 hominum
659 3947 750 4007 vitam
769 3967 834 4007 esse
851 3958 947 4004 tutam
967 3957 1002 4003 et
1025 3943 1152 4003 otiosam
1178 3954 1208 4001 et

59 4019 131 4095 extrui
140 4037 306 4118 periculum
323 4038 463 4117 positam,
480 4034 524 4094 sic
542 4034 658 4105 chrum,
676 4032 728 4110 qui
745 4042 904 4091 versantur
920 4029 952 4087 in
969 4025 1133 4107 republica,
1149 4025 1208 4086 cri-

58 4119 190 4182 minosam
218 4136 249 4182 et
274 4121 420 4181 lubricam
450 4133 481 4179 et
508 4118 755 4199 quotidianorum
782 4112 977 4176 certaminum
1005 4125 1036 4172 et
1059 4111 1208 4186 malorum

57 4205 178 4286 plenam:
214 4228 279 4266 non
304 4207 436 4286 quietam
465 4217 496 4265 et
518 4204 665 4276 otiosam,
696 4201 753 4261 sed
775 4196 974 4283 periculosam
998 4192 1208 4279 amplecteris?

58 4291 130 4364 Quid
146 4293 352 4373 respondeas?
369 4292 445 4350 Nam
463 4290 488 4350 si
506 4288 603 4371 (quod
623 4287 771 4368 optimum
791 4285 891 4345 dicere
908 4290 1026 4363 posses,
1041 4283 1072 4342 id
1090 4295 1120 4342 te
1139 4292 1208 4338 'vere
1309 4318 1313 4325 -

56 4374 146 4436 dicere
163 4374 415 4458 concederemus)
431 4389 461 4435 te
475 4373 601 4436 honoris
620 4387 650 4433 et
665 4371 779 4454 gloriae
794 4367 895 4429 studio
911 4368 966 4428 ista
981 4368 1078 4428 lacere
1095 4354 1209 4426 bmnia:
