2722 4754
506 101 723 135 .1,,

453 174 806 286 uncorum.
861 286 867 302 s
919 166 949 289 ⁵,
1004 223 1007 231 ·
1134 210 1230 303 '1³1
1307 174 1328 267 ’,

57 383 241 445 cernerent,
259 372 438 449 obeundum
457 391 523 431 esse
541 357 665 455 agnam,
684 392 775 452 quem
794 389 827 434 se
845 370 1078 457 Amphissenses
1097 344 1154 462 pro
1173 402 1230 442 suo
1266 416 1269 427 ‹

58 457 152 518 lundo
173 457 279 518 colere
299 456 456 531 dicebant,
482 457 540 517 iste
559 470 660 517 autern
679 460 716 517 ad
736 474 941 533 consecratam
959 464 1117 546 regionem
1135 467 1229 548 perti-

61 562 130 605 nere
157 541 396 617 criminabatur,
419 521 755 619 Locrensibus‘nullam
775 545 918 606 mulctam
937 549 1025 609 nohis
1045 551 1227 632 imponenti-

65 631 132 703 bus,
150 648 255 706 neque
275 648 329 701 ea,
347 648 423 707 quae
441 644 523 686 nunc
541 627 598 686 lste
616 649 671 708 per
689 629 878 689 mendacium
898 646 1053 710 causatur,
1072 637 1230 717 postulan-

45 762 48 767 -
69 716 148 778 tibus.
159 713 263 788 Quod
280 713 351 773 inde
369 711 569 795 cognoscetis.
587 712 678 772 Haud
691 713 801 773 licebat
813 716 920 796 utique
935 714 1149 797 Locrensibus,
1167 745 1230 782 non
1256 719 1261 725 ’
1281 741 1287 747 ·

57 802 149 875 Ιεἰιειε
165 810 272 857 nostra
289 798 384 871 urbe,
408 797 555 857 iudicium
574 811 679 857 contra
704 811 840 859 nostram
857 800 966 873 urbem
985 807 1117 884 exsequi.
1153 808 1229 882 eris
1248 812 1252 816 ’

72 888 153 972 igitur
168 904 229 943 vos·
244 883 365 943 citarit?
384 904 446 961 quo
464 883 616 964 praeditus
636 884 831 964 magistratu?
849 886 916 961 Dic,
935 886 1004 966 quis
1022 889 1062 949 sit
1080 892 1230 966 conscius,

69 970 195 1034 'ostende
213 970 330 1026 Verum
348 966 579 1049 haudquaquam
595 970 728 1048 poteris:
746 971 800 1029 sed
815 969 898 1030 inani
910 972 969 1032 isto
982 985 1140 1052 praetextu
1155 966 1238 1037 abu'-'

76 1056 172 1121 tebaris
191 1065 222 1113 et
239 1053 324 1113 falso.
357 1051 550 1112 Obeuntihus
569 1053 664 1135 igitur
680 1075 785 1136 agrum
804 1055 1083 1140 Amphictyonibus
1103 1061 1140 1119 de
1158 1082 1229 1121 sen·
1303 1116 1312 1122 .

78 1142 159 1206 tenua
174 1139 287 1198 istius:
301 1137 382 1197 sacto
402 1138 517 1218 impetu
534 1140 708 1206 Locrenses,
721 1161 827 1219 parum
845 1140 959 1215 abluit,
978 1143 1053 1222 quin
1070 1136 1227 1205 universos
1255 1158 1272 1215 ,·

78 1226 166 1290 iaculis
183 1223 384 1284 conficerent:
404 1225 551 1303 quosdam
570 1223 976 1304 etiamcomprehenderunt
993 1229 1170 1311 legatorum.
1188 1231 1230 1290 Ut

79 1333 143 1395 uero
159 1307 243 1370 semel
263 1328 308 1387 ,ex
331 1308 377 1366 his
407 1308 615 1388 querimoniae
644 1322 674 1368 et
698 1308 817 1368 bellum
835 1311 978 1372 adversus
996 1311 1229 1394 Amphissenscs
1300 1362 1310 1369 .

84 1396 223 1462 coullatum
250 1405 313 1459 est:
346 1393 476 1474 primum
496 1391 668 1478 Cottyphus
694 1393 831 1473 ipsorum
856 1395 1118 1481 Amphictyonum
1145 1399 1230 1459 duxit

84 1482 232 1545 exercitum.
250 1480 293 1537 Ut
304 1490 409 1538 autem
428 1478 478 1538 alii
492 1501 557 1540 non
571 1491 730 1551 venerunt,
750 1479 813 1560 alii,
830 1479 883 1559 qui
894 1495 1049 1557 venerant,
1067 1483 1143 1543 nihil
1158 1504 1229 1567 ege·
1292 1499 1297 1504 '

81 1566 154 1630 runt':
176 1564 207 1624 in
225 1577 374 1644 sequente
392 1564 629 1625 conventuram
648 1565 683 1624 ad
703 1563 878 1644 Philippum
904 1568 1004 1626 statim
1024 1568 1132 1628 ducem
1148 1569 1229 1630 refe·
1255 1631 1257 1636 ,
1321 1564 1324 1570 ’

80 1653 172 1716 rebant
187 1649 394 1709 subornati-et
405 1649 485 1708 olim
503 1649 642 1710 scelerati
660 1649 784 1728 quidam
804 1669 820 1708 e
837 1649 989 1712 Thessalis
1009 1665 1040 1712 et
1057 1652 1123 1712 aliis
1142 1653 1229 1734 oppi-
1279 1645 1284 1653 ’

82 1739 123 1800 dis.
153 1737 191 1795 Et
207 1734 330 1815 quidem
350 1755 452 1794 causas
477 1735 651 1815 probabiles
669 1733 828 1793 habebant.
847 1748 902 1794 aut'
917 1737 998 1796 euim
1025 1737 1097 1817 ipsis
1116 1738 1230 1798 tributa
1324 1748 1330 1762 ¹

79 1822 245 1886 conserenda
263 1832 294 1879 et
307 1819 448 1883 alendum
466 1820 661 1903 peregrinum
679 1818 808 1878 militem
827 1820 967 1880 diceh'ant
984 1833 1014 1881 et
1030 1822 1231 1895 mulctandos,

78 1909 126 2054 qui
140 1908 232 1966 lacere
249 1904 281 1964 id
299 1918 489 1964 recusarent:
508 1919 560 1965 aut
575 1905 661 1964 illum
677 1905 784 1963 ducem
804 1905 984 1985 eligendum.
1004 1905 1087 1978 Quid
1105 1906 1230 1966 multis?
1266 1950 1280 1971 e

97 1995 121 2054 ic
138 2006 245 2052 creatus
266 2001 312 2050 est
338 1990 518 2070 imperator:
547 2003 578 2049 et
595 1989 772 2070 posthaec,
800 1989 930 2049 collecto
956 1988 1057 2049 statim
1085 1970 1229 2065 enercitui
1266 1994 1294 2009 “’

77 2098 257 2163 progressus,
289 2087 445 2161 tanquam!¹
461 2072 638 2135 Cirrhaeum
665 2095 770 2156 agrum
794 2074 961 2134 invasurus
976 2086 1073 2148 essct,
1099 2075 1230 2135 multum

78 2166 166 2227 valere
181 2161 266 2221 iussis
277 2202 280 2209 -
292 2173 324 2221 et
342 2157 492 2220 Cirrhaeis
519 2173 549 2220 et
566 2158 785 2232 Locrensibus,
811 2159 946 2219 Elateam
965 2172 1100 2239 occupat
1135 2160 1244 2235 Quod-

82 2249 134 2311 nisi
147 2247 238 2308 statim
254 2245 411 2320 Thebani,
435 2257 548 2306 mutata
566 2244 716 2304 sententia
725 2261 739 2316 ,·
760 2263 792 2303 sc
810 2243 975 2303 vobiscum¹
987 2244 1231 2304 coniunxissent:
1284 2294 1287 2298 .

81 2350 207 2416 tanquam
224 2336 343 2392 torrens
370 2330 511 2390 universa
529 2331 603 2390 belli
621 2329 716 2389 moles
735 2328 767 2387 in
792 2327 899 2387 urbem
924 2341 1060 2388 nostram
1084 2329 1229 2390 irruisset.
1325 2396 1332 2405 ,

80 2423 161 2481 Nunc
175 2416 250 2501 (tum
269 2414 407 2498 quidem)
427 2437 496 2476 eum
514 2416 559 2476 illi
578 2415 681 2475 subito
701 2419 917 2474 coercuerunt:
942 2413 1035 2494 idque
1052 2414 1165 2474 factum
1184 2427 1230 2476 est

81 2503 248 2586 cumprimis,
264 2501 480 2574 Athenienses,
498 2501 630 2562 numinis
649 2498 774 2560 alicuius
793 2497 981 2579 benignitate
995 2520 1065 2582 erga
1078 2519 1143 2572 vos,
1160 2511 1233 2581 post

80 2604 182 2663 autem,
197 2601 225 2649 et
242 2599 388 2667 quantum
406 2586 438 2646 in
452 2609 516 2648 uno
534 2587 600 2647 viro
614 2597 670 2658 est,
688 2605 754 2643 mea
773 2604 897 2662 quoque
915 2576 1101 2644 auctoritate.
1118 2585 1164 2644 Da
1177 2604 1231 2645 ve-

82 2697 116 2736 ro
129 2673 197 2734 mihi
212 2675 326 2733 decreta
342 2672 400 2733 ista
416 2685 447 2732 ct
458 2683 607 2753 tempora,
626 2668 736 2750 quibus
755 2667 866 2729 horum
884 2668 1020 2748 quidque
1038 2669 1150 2729 sactum
1169 2680 1230 2728 est:

84 2774 119 2821 ut
136 2759 237 2832 sciatis,
258 2757 377 2837 quantis
395 2757 487 2835 rebus
505 2756 633 2818 turbatis
658 2751 809 2814 nefarium
826 2752 909 2812 istud
927 2765 1018 2833 caput
1034 2772 1148 2832 poenas
1166 2770 1235 2819 non

82 2844 198 2906 dederit
213 2842 316 2903 Recita
328 2844 457 2903 decreta.
484 2891 486 2895 ,
1028 2864 1032 2871 ·
1117 2840 1125 2847 “

290 3026 295 3045 ,
336 2959 566 3039 oscannum
601 2956 959 3048 nueulcrronnm‚

157 3096 312 3159 Sacerdote
330 3093 509 3181 Clinagora,
533 3115 629 3155 verno
647 3105 818 3166 conventu,
845 3092 943 3151 visum
962 3101 1008 3151 est
1024 3087 1182 3173 Pylagoris
1200 3101 1232 3149 et

83 3183 263 3259 assessoribus
282 3183 560 3266 Amphictyonum:
573 3179 722 3260 quoniam
737 3171 971 3258 Amphissenses
988 3184 1105 3234 sacrum
1125 3194 1229 3256 agruim
1256 3170 1315 3241 178

82 3269 218 3342 invadant,
235 3280 266 3328 et
283 3281 456 3341 conserant,
475 3279 506 3326 et
523 3265 665 3325 armentis
685 3265 862 3344 depascant:
880 3261 1037 3344 Pylagoris
1054 3271 1084 3319 et
1099 3276 1231 3318 assesso·
1297 3258 1308 3265 ’”

82 3353 156 3413 ribus
171 3353 201 3414 in
217 3373 283 3414 rem
300 3365 491 3434 praesentem
514 3349 714 3423 veniendum,
741 3361 772 3407 et
790 3347 938 3407 columnis
956 3344 1066 3405 limites
1087 3341 1231 3403 dirimen-

78 3440 143 3514 dos,
157 3451 184 3500 et
199 3438 443 3501 interdicendum
461 3434 741 3517 Amphissensihus,
759 3454 798 3492 ne
816 3433 849 3491 in
867 3442 1024 3513 posterum
1042 3427 1190 3488 invadant

383 3566 553 3635 aurun
598 3585 908 3650 occsurum

153 3694 316 3757 Sacerdote
334 3690 516 3777 Clinagora,
535 3710 630 3751 verno
653 3701 822 3761 conuentu,
848 3686 944 3746 risum
964 3697 1010 3745 est
1026 3681 1183 3768 Pylagoris
1202 3691 1233 3739 et

77 3781 267 3842 assessoribus
293 3779 555 3862 Amphictyonum
581 3789 612 3836 et
635 3773 790 3835 communi
807 3771 1083 3854 Amphictyonum:
1110 3764 1232 3847 quando

75 3867 301 3949 Amphissenses
315 3887 436 3926 sacrum
459 3884 565 3946 agrum
583 3861 664 3920 inter
681 3881 713 3919 se
738 3857 841 3940 partiti
860 3857 976 3930 colant,
1001 3866 1033 3913 et
1049 3862 1183 3931 armenta
1200 3848 1233 3908 iu

75 3974 107 4014 eo
124 3966 255 4037 pascant,
275 3963 316 4026 et,
334 3972 403 4010 cum
418 3950 450 4009 id
463 3949 561 4009 facere
580 3945 830 4028 prohiberentur,
843 3953 955 4001 armata
972 3960 1062 3999 manu
1080 3933 1234 4018 progressi

71 4060 226 4100 commune
247 4038 437 4101 Graecorum
455 4032 618 4094 concilium
636 4031 670 4090 ri
681 4027 867 4111 repulerint,
894 4026 1040 4108 quosdam
1059 4020 1149 4082 etiam
1166 4018 1234 4079 rul-

70 4125 187 4187 neribus
201 4123 372 4196 affecerint,
386 4132 417 4180 et
429 4121 538 4180 docem
554 4129 687 4178 creatum
703 4115 740 4177 ab
754 4109 1029 4196 Amphictyonibus
1047 4102 1236 4193 Cottyphum
1251 4116 1256 4121 “

68 4211 233 4273 Arcadem:
252 4207 439 4292 legationem
457 4207 491 4265 ad
511 4203 685 4283 Philippum
704 4199 902 4260 Macedonem
921 4193 1115 4265 mittendam,
1133 4203 1164 4250 et
1179 4197 1235 4271 ‘pe-

67 4299 209 4371 tendum,
235 4307 272 4356 ut
289 4291 469 4375 ’opituletur
487 4301 517 4350 et
533 4286 672 4370 Apollini
690 4298 721 4346 et
738 4278 1034 4367 Amphictyonibu‘s,
1059 4294 1159 4356 neque
1183 4294 1237 4354 pa-

65 4383 172 4460 tiatur,
183 4383 223 4444 ab
242 4379 346 4462 impiis
365 4368 634 4458 Amphissensibus
651 4375 728 4435 Deo,
739 4369 874 4429 fraudem
892 4365 976 4440 fieri,
993 4375 1084 4442 atque
1103 4379 1173 4421 eum
1191 4357 1237 4418 di-

985 4448 1100 4526 9*’
