2722 4754
148 170 196 203 '³'
278 236 281 241 ·
362 203 425 303 un
460 200 618 266 rausa
652 182 952 272 nnoartoun
1112 162 1246 280 2195

100 360 150 423 feti
165 354 248 417 auhn
264 354 340 420 vitio
360 354 550 435 vertendum,
567 353 651 419 fratri
670 359 844 441 opitulari.»
862 365 925 423 Vos
945 373 1045 422 autem
1060 365 1156 427 nolite
1174 388 1244 427 suc-

99 445 229 518 cumbere,
246 441 323 501 illud
342 444 520 526 cogitantes,
539 444 700 515 convenire
715 445 784 520 illis,
802 459 837 508 ut
851 448 941 508 istum
959 434 1076 525 curent,
1093 452 1191 529 vobis,
1208 464 1245 512 ut
1278 438 1285 445 „
1320 470 1324 484 ¹

100 537 167 619 leges
184 539 319 589 ettotam
337 527 554 611 rempublicam
574 544 604 594 et
621 524 743 611 praeter
759 533 859 592 omnia
875 533 1100 610 iusiurandunn·
1112 530 1174 617 quo
1190 539 1243 598 da-

61 672 65 678 .
100 636 128 685 to
142 613 377 696 adiudicandum
395 615 515 674 sedetis.
551 615 671 688 Quodsi
688 630 836 699 rogarunt
856 630 986 678 vestrum
1006 621 1135 703 aliquos,
1156 636 1192 684 ut
1209 623 1328 684 il-.264

102 709 151 770 lun
166 698 329 775 servaretis,
348 698 424 758 illud
443 700 646 761 considerate:
673 715 776 761 utrum
795 702 835 762 ita
853 703 1007 784 rogarint,
1027 707 1051 765 si
1070 707 1174 768 insons
1192 729 1249 768 re-¹

102 788 236 877 peliretur,
253 804 300 857 an,
319 782 344 842 si
359 783 391 842 in
404 785 622 865 rempublicam
640 786 790 853 iniurius?
809 787 841 846 Si
860 787 981 847 insons:
1001 802 1031 849 et
1046 813 1103 874 ego
1123 815 1243 854 censeo.

103 879 145 940 Sin
160 870 289 941 omnino,
316 868 461 948 quicquid
487 870 680 950 deliquisset:
707 871 738 930 id
755 864 929 954 rogarunt,
946 886 981 932 ut
998 875 1116 937 nullum
1140 878 1243 959 periu-
1268 926 1271 947 .

104 965 165 1025 rium
178 954 361 1023 recusaretis..
374 957 445 1015 Non
465 955 545 1015 enim
564 957 589 1016 si
605 957 723 1017 occulta
741 957 884 1040 suffragia
899 971 981 1030 sunt,
999 958 1137 1022 latebunt
1147 965 1243 1037 deos:

104 1050 146 1112 sed
160 1057 186 1107 et
199 1042 255 1117 hoc
272 1039 349 1098 vidit
374 1053 404 1100 et
422 1040 558 1099 omnium
583 1042 749 1102 rectissime
774 1043 908 1123 providit
924 1040 1095 1126 legislator,
1113 1040 1150 1106 ut¹
1166 1049 1258 1124 clam,

104 1127 218 1212 suffragia
242 1126 403 1185 ferrentur.
446 1123 530 1192 Cur?
558 1128 599 1186 Ut
616 1149 707 1188 nemo
733 1134 856 1187 reorum
882 1127 991 1202 sciret,
1011 1130 1084 1210 quis
1110 1131 1138 1191 ei
1163 1118 1244 1195 esset
1268 1192 1273 1198 .

105 1217 275 1305 gratificatus,
301 1211 355 1269 sed
374 1210 416 1270 dii
433 1212 548 1271 scirent
565 1225 595 1273 et
612 1235 726 1273 numen
746 1233 831 1286 eum,
856 1213 909 1292 qui
927 1213 1030 1294 iniqua
1048 1218 1242 1296 pronuntias-

86 1317 154 1375 ,setz
177 1295 319 1377 aquibusv
331 1297 541 1376 praestabilius
562 1311 621 1369 est,
646 1297 784 1381 singulos
803 1296 862 1357 sibi
882 1312 912 1358 et
930 1298 1049 1374 liberis,
1068 1300 1146 1362 iusta
1165 1324 1242 1384 quae
1298 1294 1302 1307 ¹

108 1389 163 1456 siut
175 1380 407 1468 pronuntiando,
433 1404 516 1463 spem
537 1383 648 1441 bonam
665 1403 835 1456 reservare,
846 1424 849 1432 -
862 1406 952 1464 quam
970 1383 1129 1446 obscuram
1148 1380 1179 1448 et
1195 1388 1242 1447 in-

37 1512 63 1543 ·,
108 1490 192 1541 cenam
206 1464 330 1551 gratiam
348 1466 475 1553 istorum
495 1480 629 1548 captare,
657 1483 687 1529 et
704 1469 861 1530 absolvere
880 1468 988 1543 istum,
1008 1470 1061 1549 qui
1078 1471 1109 1531 in
1128 1462 1249 1554 se'ipse‘

89 1561 164 1637 =dixit
176 1551 384 1617 testimonium.
419 1550 491 1630 Quo
511 1553 592 1613 enim
610 1552 669 1614 alio
688 1555 802 1615 maiore
820 1567 898 1614 teste
915 1554 1060 1636 probem,
1079 1555 1243 1632 Aeschine,

71 1700 74 1705 ,
103 1660 128 1713 ta
142 1642 220 1709 multa
234 1651 265 1697 et
278 1659 343 1696 non
361 1638 485 1699 ferenda
499 1639 534 1701 in
545 1639 697 1721 legatione
717 1641 902 1722 designasse,
921 1663 1010 1721 quarn
1023 1653 1054 1703 te
1071 1654 1152 1713 teste
1168 1665 1242 1713 con·
1300 1634 1304 1642 ¹

102 1746 139 1795 ara
152 1723 301 1806 teipsum?
321 1724 414 1799 Quod
433 1724 512 1784 enim
533 1747 612 1799 eum,
631 1726 817 1807 quialiquid
835 1746 1047 1806 eorumquae
1065 1727 1096 1787 in
1115 1729 1244 1812 legatio-

25 1862 28 1868 .
102 1839 136 1878 na
151 1811 232 1897 egisti,
248 1809 348 1890 palam
366 1810 472 1870 facere
483 1811 590 1886 voluit,
608 1811 640 1871 in
659 1824 773 1877 tantam
792 1824 823 1872 et
840 1809 931 1897 talem
943 1811 1148 1892 calamitatem
1168 1835 1244 1879 con·

103 1899 238 1963 iicieudum
257 1915 324 1954 esse
336 1930 341 1943 ‚,
351 1895 513 1965 censuisti?
538 1917 629 1957 exeo
649 1910 784 1970 constat,
796 1896 940 1976 ,pessime
967 1909 1068 1957 tecum
1087 1913 1187 1959 actum
1205 1898 1243 1960 iri

101 2001 128 2049 te
141 1997 261 2066 putasse,
288 1980 314 2041 si
332 1992 384 2041 tua
398 1981 535 2042 ⁴facinora
560 1982 674 2043 iudices
700 1981 928 2062 comperissent
970 1981 1048 2041 lllud
1063 1982 1161 2065 igitur
1178 1981 1255 2047 eius.

101 2073 191 2132 laetun
204 2067 235 2127 in
254 2065 319 2126 eius
339 2067 492 2141 fraudem,
511 2067 758 2149 sisapitis,esse
776 2067 889 2127 factum
906 2061 1099 2150 intelligetis:
1123 2090 1187 2129 non
1205 2090 1243 2130 eo

102 2157 234 2227 duntaxat,
252 2153 336 2233 quod
354 2153 461 2236 ingens
480 2153 600 2237 signum
620 2167 682 2227 est,
706 2175 764 2233 qua
782 2150 902 2212 ratione
919 2152 1104 2234 legationem
1123 2153 1245 2228 obierit,
1293 2155 1298 2168 ’

102 2243 140 2302 sed
155 2239 230 2320 quod
247 2238 281 2298 in
299 2240 468 2298 accusando
488 2260 522 2299 ea
544 2239 636 2299 verba
661 2237 806 2321 protulit,
831 2258 908 2317 quae
933 2260 1014 2299 nunc
1033 2237 1065 2298 in
1084 2260 1154 2299 eum
1171 2261 1243 2320 pos-

99 2325 146 2387 sint
164 2322 342 2405 retorqueri,
385 2325 479 2399 Quod
498 2325 578 2399 enim
597 2324 643 2385 ius
669 2323 838 2398 accusando
857 2322 1018 2383 Timarcho
1048 2315 1245 2398 constituisti,

98 2412 161 2472 idem
177 2411 277 2486 etiam,
296 2410 332 2469 ab
346 2410 410 2468 aliis
429 2423 618 2491 usurpatum,
636 2409 824 2470 inte-valere
841 2407 972 2469 debebit
990 2409 1068 2469 Tum
1082 2423 1183 2470 autem
1197 2411 1249 2469 di:

98 2497 166 2559 cehas
182 2498 219 2556 ad
235 2496 369 2556 iudices:
385 2495 539 2556 Defendet
557 2517 626 2556 eum
644 2493 877 2575 Demosthenes,
896 2506 927 2553 et
939 2515 1041 2554 ¹meam
1059 2494 1244 2577 legationem
1301 2503 1311 2511 ’“

97 2582 243 2644 accusabit:
264 2595 304 2655 et,
323 2580 349 2639 si
366 2602 419 2640 vos
434 2603 449 2640 a
466 2602 553 2642 causa
573 2581 740 2657 abdunerit',
757 2593 882 2639 strenue
902 2578 1114 2655 declamitabit,
1134 2591 1244 2662 etpas-
1267 2574 1270 2579 ¹

95 2669 140 2729 sim
155 2667 288 2729 iactabit=
307 2666 495 2740 Quomodo?
515 2667 611 2747 quid?
628 2665 752 2727 Abduxi
769 2687 786 2725 a
805 2682 892 2724 causa
911 2663 1036 2738 iudices,
1056 2678 1087 2725 et
1103 2679 1244 2746 surrepto

96 2755 131 2816 eis
153 2751 273 2838 negotio
293 2751 360 2811 abii.
395 2752 596 2832 Nequaquam
621 2773 709 2812 vero:
740 2750 794 2811 sed
820 2749 931 2829 quibus
956 2749 1099 2810 derebus
1120 2764 1244 2810 contro-

92 2839 175 2901 uersia
192 2850 246 2911 est,
265 2837 302 2896 ad
322 2857 370 2897 eas
389 2837 583 2918 respondeto.
601 2838 681 2897 Tum
698 2836 793 2919 igitur
811 2857 880 2894 cum
898 2834 983 2895 illurn
1003 2855 1169 2910 accusares,
1188 2834 1245 2894 rri-
1277 2830 1280 2835 ¹

90 2924 184 2984 minari
201 2923 259 2984 tibi
277 2934 308 2982 et
327 2923 427 2982 dicere
446 2922 574 2998 licebat,
599 2921 746 3003 quicquid
764 2919 885 2981 libebat.
921 2917 1005 2994 Quin
1025 2921 1111 2980 etad
1129 2919 1245 2981 iudices
1285 2966 1289 2973 .

89 3009 213 3082 dicebas,
229 3021 279 3082 te,
298 3008 350 3090 qui
368 3007 488 3089 nullqru
499 3008 632 3081 actionis
651 3021 721 3068 tuae
739 3019 848 3066 testem
867 3004 1011 3080 haberes,
1029 3005 1128 3087 ipsum
1146 3005 1246 3067 homi·
1321 3068 1324 3072 Δ

87 3117 147 3157 nem
162 3094 304 3157 habere.‘
447 3098 492 3134 ‘v'
1160 3115 1163 3123 ¹

163 3197 262 3278 Quam
277 3193 384 3280 pupuli
401 3219 498 3258 sermo
518 3196 651 3256 celebrat
670 3195 785 3271 creber,
804 3200 899 3256 irrita
916 3178 1066 3277 nunquam

160 3283 259 3344 Fama
278 3286 370 3347 cadit·
378 3278 515 3366 penitus:
526 3282 591 3362 dea
609 3283 757 3363 quaedam
775 3303 843 3342 eum
860 3286 902 3342 sit
919 3292 950 3343 et
966 3285 1044 3364 ipso

87 3391 173 3474 htqui
191 3401 289 3467 ct‘te,
308 3392 479 3466 Aeschine,
498 3392 530 3452 hi
549 3403 654 3465 omnes
674 3392 782 3452 dicunt
799 3411 835 3451 ex
853 3391 1006 3474 legatione
1024 3389 1174 3471 accepisse
1191 3409 1246 3470 pe-

88 3478 203 3540 cuniam.
222 3480 328 3559 ltaque
346 3479 428 3569 inte
447 3500 570 3560 quoque
589 3478 665 3538 illud
682 3478 822 3558 prolecto
840 3477 936 3561 valet:
1281 3494 1283 3499 ’

164 3581 264 3663 Quam
280 3583 386 3665 populi
402 3604 500 3643 sermo
520 3583 653 3642 celebrat
672 3580 786 3654 creber,
806 3584 902 3640 irrito
919 3583 1070 3662 nrtnquam

87 3708 90 3719 ι
160 3669 261 3728 Fama
280 3670 366 3728 cadit
380 3673 518 3750 penitus:
536 3669 595 3729 deo
613 3667 761 3751 quaedam
784 3688 851 3726 eum
869 3669 910 3724 sit
928 3675 958 3724 et
976 3669 1052 3748 ipsa.

81 3778 152 3839 Nam
171 3779 256 3858 quod
275 3789 306 3862 te
324 3774 416 3861 longe
440 3779 543 3859 plures
563 3797 653 3855 quam
677 3775 764 3837 illurn
790 3776 1008 3856 criminantur,
1025 3775 1062 3849 id⁴
1075 3772 1247 3833 cuiusmodi
1269 3773 1328 3844 eet

80 3862 125 3938 sit,
143 3864 312 3924 considera.
334 3863 549 3925 Timarchum
576 3875 615 3920 ne
633 3861 755 3922 finitimi
774 3862 897 3942 quidem
916 3870 1021 3923 omnes
1041 3871 1166 3919 norant:
1191 3877 1246 3917 vos

80 3962 177 4010 autem
196 3950 328 4032 legatos,
342 3971 433 4011 nemo
452 3949 499 4009 vel
519 3947 707 4009 Graecorum
725 3947 774 4008 vel
791 3946 993 4010 Barbarorum
1002 3958 1068 4019 est,
1087 3943 1249 4025 qui-petu-

63 4036 158 4097 ‘niam
184 4036 339 4117 accepisse
367 4057 403 4096 ex
428 4033 582 4119 legatione
606 4026 670 4092 non
691 4033 777 4094 dicat
820 4034 923 4108 Quare
942 4031 1063 4092 eisarna
1086 4050 1176 4090 verax
1195 4028 1250 4100 est,

81 4134 183 4183 contra
202 4143 257 4193 vos
278 4122 368 4183 etiam
394 4123 475 4182 valet
499 4118 631 4202 vulgaris
649 4117 701 4181 ille
720 4138 839 4181 rumor:
865 4116 914 4179 cui
932 4117 1024 4177 fidem
1050 4136 1115 4176 esse
1135 4114 1249 4176 haben·
1326 4130 1328 4138 ’

78 4208 155 4283 dam,
173 4208 326 4289 quaedam
345 4209 400 4268 dea
419 4230 488 4269 cum
502 4205 543 4266 sit
556 4217 586 4264 et
603 4204 674 4284 ipsa.
692 4197 917 4285 Et‘sapientem
935 4201 1028 4273 luisse
1044 4197 1164 4284 pob'tam
1182 4198 1249 4260 ver·
1301 4215 1309 4227 ⁸

78 4307 355 4367 tuumauctorem,
371 4306 406 4354 tu
423 4293 487 4374 ipse
506 4289 659 4352 definiisti.
677 4290 836 4354 Praeterea
854 4287 980 4375 collegit
996 4287 1129 4360 iambos,
1146 4285 1172 4345 si
1190 4280 1249 4371 diis
1327 4357 1328 4363 ἵ

77 4379 188 4461 placet,
200 4391 240 4453 ¹et
257 4376 373 4461 prolixe
390 4377 539 4455 recitauit,
556 4376 666 4439 veluti:
773 4380 777 4391 “
972 4400 975 4411 ·
1029 4396 1063 4500 ὲ.-
1163 4422 1168 4431 ,
1227 4435 1230 4439 ,
