2722 4754
56 262 57 266 p
127 132 208 241 ἰιι
242 180 272 192 ·*
375 96 791 293 ιιιιοιιιιιιιιι
826 92 1082 250 onnrvo

37 387 48 401 ,,
111 308 233 414 χ-ιιιιιιιι
254 338 384 389 restaret
406 317 563 425 amplius:
576 277 708 407 priinurn
725 345 774 385 me
792 336 949 405 precatur,
974 335 1010 385 ut
1027 321 1188 393 arbitrium
1207 272 1314 383 difler-

29 467 35 474 .
138 433 220 473 rem:
250 406 378 484 deinde,
404 410 489 493 utin
506 423 663 511 posterum
681 411 762 471 diem
779 409 954 470 reiicerem:
985 409 1124 487 tandem,
1152 404 1238 488 quod
1256 430 1314 470 nec

140 519 199 582 ego
215 496 447 569 consentirem,
472 516 574 576 neque
598 496 631 556 'se
654 496 711 555 iste
738 494 874 568 sisteret,
901 508 933 556 et
954 495 1014 554 iam
1038 496 1314 574 advesperasceret,

140 582 265 646 Midiam
281 579 439 642 damnavit.
459 577 660 686 Crepusculo
678 593 779 640 autem
794 593 825 641 et
840 573 975 641 tenebris
993 574 1210 663 ingruentibus
1230 578 1315 641 venit

138 667 248 729 Midias
273 667 311 727 ad
334 666 558 767 praetorium,
563 666 594 726 e‘t
618 677 772 765 praetores
799 671 945 727 exeuntes
972 665 1175 746 deprehendit
1192 663 1313 727 Strato-

139 772 272 832 nemqne
285 752 459 853 abeuntem,
478 752 532 832 qui
547 751 608 811 iam
625 750 657 835 ιιι
674 770 762 817 reum
779 750 936 814 absentem
952 750 1178 832 pronuntiarat·
1202 764 1240 811 ut
1254 771 1322 837 ego

67 836 70 845 ’
132 861 157 905 ,ι
177 838 327 939 qpodam,
345 860 399 918 qur
390 836 575 909 'interfuit,
593 826 735 915 comperi
760 835 923 896 Primum'
913 837 1009 919 igitur
1025 836 1209 918 persuadere
1229 835 1313 917 Stra-

28 962 32 971 =
138 923 208 988 toni
225 936 364 997 conatur,
379 920 416 982 ui
432 921 615 982 sententiam
633 921 876 985 damnatoriam
867 945 899 984 ιιι
918 922 1132 1001 absolutariam
1149 935 1313 983 converte-

37 1010 40 1021 *
138 1025 220 1084 ret,
233 1021 329 1089 utque
347 1019 512 1089 praetores
520 997 699 1107 scripturam
717 1019 888 1083 mutarent,
917 993 949 1068 ιι
966 1005 1187 1090 quinquaginta
1207 1007 1313 1069 drach-

139 1118 203 1159 mas
216 1111 254 1156 se
270 1093 338 1154 ιιιιι
350 1093 491 1154 daturum
508 1091 677 1172 paciscitur.
705 1092 856 1167 Quicum
874 1115 939 1154 eam
956 1115 1020 1153 rem
1039 1094 1168 1163 moleste
1186 1093 1314 1195 ferrent,

56 1185 117 1246 345
140 1205 175 1245 ac
191 1179 294 1242 neutri
311 1199 349 1239 eo
368 1198 401 1239 se
419 1177 530 1237 adduci
545 1187 737 1258 paterentur.
756 1178 966 1253 comminatus,
984 1179 1150 1278 multisque
1166 1177 1313 1245 conviciis

141 1288 195 1331 eos
212 1266 396 1337 insectatus,
420 1259 590 1346 digressus
599 1263 671 1325 inde
690 1263 764 1343 quid
780 1263 853 1326 iacit
883 1262 1009 1347 (operae
1027 1264 1162 1351 pretium
1180 1278 1228 1326 est
1244 1284 1314 1346 spe-

87 1361 88 1365 ’
139 1368 222 1416 ctare
240 1351 306 1411 eius
326 1346 510 1432 malitiam)?
540 1345 618 1411 Cum
641 1349 746 1410 arbitri
763 1349 946 1410 sententiam
972 1350 1051 1411 dicta
1069 1332 1118 1409 die
1136 1351 1315 1426 rescindere

70 1465 74 1481 ι
139 1439 246 1502 vellet:
271 1433 482 1495 iusiurandum
498 1455 563 1496 non
581 1434 682 1510 dedit,
707 1436 761 1496 sed
779 1448 884 1495 contra
903 1456 935 1496 se
952 1436 1053 1500 ‘ratam
1064 1435 1132 1496 heri
1149 1437 1229 1497 sivit
1264 1434 1315 1495 Sic

69 1548 94 1560 ..
140 1527 180 1586 ad
196 1519 397 1584 Novemviros
421 1503 536 1601 absque
559 1519 755 1581 iureiurando
779 1533 825 1584 est
844 1520 946 1581 relata.
988 1521 1029 1580 Et
1047 1520 1118 1600 quia
1136 1522 1215 1582 clam
1232 1520 1315 1581 frau-

141 1612 211 1672 dem
225 1621 342 1669 struere
357 1600 544 1680 instituerat,
560 1607 722 1683 observato
736 1596 920 1666 arbitrorum
935 1605 984 1667 dic
998 1605 1119 1680 ultimo,
1138 1608 1193 1701 qui
1209 1625 1316 1703 mense

12 1744 22 1754 t
140 1693 240 1776 Aprili
257 1705 310 1756 aut
326 1691 408 1752 Maio
426 1705 491 1792 est,
505 1692 556 1752 ad
561 1712 652 1772 quem
669 1691 854 1752 arbitrorum
871 1692 948 1752 alius
965 1691 1064 1778 venit,
1082 1683 1243 1771 aliusnon
1261 1711 1315 1752 ve-

72 1855 74 1859 ·
100 1808 105 1822 ι
140 1780 198 1854 nit,
216 1776 335 1839 consuli
352 1777 513 1858 persuasit,
531 1789 567 1837 ut
584 1776 766 1837 sententiam
784 1776 888 1853 ferret,
906 1790 1073 1857 contraque
1092 1799 1202 1840 omnes
1219 1779 1315 1861 leges,

32 1939 37 1953 Ι
103 1919 109 1924 .
141 1864 233 1927 nullo
245 1864 362 1926 viatore
378 1863 576 1943 adscripto,
560 1861 652 1922 nullis
669 1862 897 1937 accusantibus,
912 1875 1073 1945 praesente
1090 1864 1226 1937 nemine,
1244 1864 1316 1929 loco

66 2021 71 2027 .
141 1961 255 2029 movet
268 1961 360 2049 atque
384 1947 554 2030 ignominia
577 1960 664 2008 notat
687 1946 843 2008 arbitrum
884 1948 925 2015 Et
942 1970 1025 2009 nunc
1040 1970 1134 2009 unns
1140 1948 1320 2015 Athenien·

141 2037 239 2110 sium,
257 2034 337 2115 quia
329 2033 455 2095 Midias
473 2024 587 2094 desdrti
604 2026 770 2094 vadimonii
788 2034 945 2111 damnatus
964 2047 1027 2109 est,
1048 2035 1157 2096 totius
1150 2033 1323 2117 reipubli-

113 2134 115 2141 '
143 2136 204 2183 cae
221 2118 390 2181 commodis
414 2116 577 2200 spoliatus,
602 2140 642 2179 ac
657 2140 741 2178 cmm
732 2106 907 2202 dignitate
925 2120 1064 2201 privatus
1085 2128 1151 2181 est
1167 2119 1232 2181 Sic
1254 2139 1325 2180 nec

16 2263 21 2271 ,
141 2217 263 2287 accepta
276 2190 391 2265 iniuria
410 2205 491 2264 diem
510 2204 620 2278 dicere,
638 2224 696 2266 nec
713 2203 860 2266 arbitrum
879 2225 945 2266 esse
962 2205 1092 2290 Midiae,
1104 2205 1240 2307 denique
1258 2224 1323 2265 nee

13 2354 20 2361 ,
75 2331 78 2335 -
142 2289 275 2355 eadem
265 2309 310 2349 ιιι
321 2289 391 2367 ιιι,
401 2296 443 2349 ut
460 2302 623 2370 apparet,
614 2301 716 2370 tutum
735 2301 789 2350 est
814 2290 865 2351 Sic
883 2303 984 2352 autem
1001 2291 1062 2352 hoc
1078 2292 1249 2392 negotium,
1262 2310 1322 2357 vo-

11 2389 17 2403 ⁸
120 2378 189 2457 ,ιιιι
207 2365 462 2438 considerandum
480 2387 527 2435 est
530 2374 706 2475 'animoque
724 2378 937 2456 reputandum,
955 2377 1030 2457 quid
1044 2378 1169 2439 tandem
1187 2377 1249 2451 sit,
1258 2396 1320 2457 qna

141 2477 202 2525 tam
227 2461 323 2523 atroci
344 2461 504 2522 affectus
495 2460 605 2521 iniuria
623 2459 731 2520 Midias
754 2461 792 2521 ab
810 2462 986 2522 homine
960 2483 1025 2523 cive
1047 2475 1168 2524 tantum
1179 2461 1319 2544 exigere

77 2600 81 2612 .
139 2570 197 2631 pro
222 2547 308 2608 factis
327 2545 514 2628 supplicium
538 2545 713 2606 studuerit
742 2546 863 2622 Quodsi
882 2568 915 2608 ιι
938 2569 1008 2608 ιιιι
1014 2550 1101 2628 quid
1118 2544 1317 2617 intolerabile

35 2633 48 2675 J
72 2676 87 2703 ,Δ
139 2648 232 2722 atque
250 2633 380 2694 immane
398 2631 506 2705 fuerit,
524 2632 643 2713 veniam
661 2643 811 2703 meretur.
837 2633 884 2692 sin
902 2634 962 2693 tale
980 2632 1074 2693 nihil
1067 2647 1229 2719 ,spectate
1248 2653 1314 2693 sce·

139 2721 187 2780 lus
208 2732 240 2778 et
257 2717 486 2792 crudelitatem,
513 2718 621 2797 quain
641 2737 746 2785 omnes
766 2717 880 2779 obvios
875 2731 1051 2801 grassatur.
1087 2715 1187 2795 Quid
1193 2731 1241 2780 est
1257 2708 1314 2802 igi-

58 2857 64 2868 ,
90 2854 93 2865 ,
139 2819 206 2878 tur,
226 2805 316 2884 quod
334 2803 383 2863 sit
376 2802 572 2902 perpessus?
607 2803 854 2895 Magnoscilicet
865 2804 986 2875 'iudicio
1005 2799 1164 2865 damnatus
1182 2804 1261 2877 fuit,
1286 2816 1315 2864 ct

139 2895 238 2965 tanto,
249 2902 286 2948 ut
300 2901 411 2951 tutare
424 2887 572 2948 familiari
578 2887 768 2968 privaretur?
785 2886 828 2948 ‘As
844 2889 927 2949 mille
943 2890 1159 2951 drachmarum
1170 2890 1314 2951 duntaxat

140 2976 178 3036 lis
198 2987 268 3035 erat
311 2973 468 3034 Omnino.
485 2974 544 3034 sed
558 2974 679 3034 mordet
697 2974 787 3036 etiam
806 2974 902 3057 hoc,
892 2965 1014 3076 inquiet
1032 2975 1153 3057 aliquis,
1172 2987 1243 3035 curn
1261 2992 1315 3055 per

54 3126 59 3135 .
139 3060 283 3139 iniuriam
300 3057 467 3139 iudicatum
484 3059 664 3120 solvendum
683 3072 736 3120 est
778 3058 829 3120 An
847 3083 905 3121 usu
924 3061 1069 3135 eivenit,
1091 3074 1143 3135 ut,
1165 3082 1236 3122 cum
1253 3072 1313 3121 sta-

139 3160 206 3208 tum
230 3145 310 3205 diem
333 3145 514 3245 praeterisse
537 3143 708 3226 ignoraret,
734 3145 907 3214 afficeretur
923 3146 1054 3207 iniuria?
1088 3150 1152 3207 lmo
1172 3145 1256 3206 illo
1246 3165 1313 3225 ιιιιο

20 3264 26 3272 ι
128 3232 190 3306 die
210 3231 369 3331 cognovit:
403 3231 496 3311 idque
514 3231 644 3291 maximo
663 3244 842 3313 argumento
862 3245 924 3306 est,
954 3232 1111 3306 hominem
1129 3232 1217 3292 illum
1235 3229 1314 3295 nihil

76 3339 81 3377 ,·
135 3310 253 3377 iniuste
271 3314 387 3376 fecisse.
421 3318 481 3377 lstc
499 3337 572 3376 vero
592 3315 763 3396 drachmam
786 3319 924 3378 nondum
945 3313 1042 3379 ullam
1061 3317 1159 3378 solvit
1180 3315 1254 3375 Sed
1273 3315 1311 3374 de

110 3428 118 3445 ι
140 3402 200 3463 hoc
211 3401 378 3483 posterius.
411 3401 509 3482 Atqui
526 3386 682 3462 licebat
655 3423 683 3460 ιι
700 3402 840 3483 proiecto
858 3404 973 3464 referre
992 3426 1112 3465 causam
1129 3403 1166 3462 ad
1173 3388 1316 3473 iudices,

143 3500 175 3549 et
185 3487 369 3560 defendere,
381 3486 541 3547 indicium
560 3508 626 3547 esse
644 3487 802 3562 nullum,
799 3506 837 3548 ac
854 3493 973 3549 mecum
994 3487 1139 3573 experiri,
1161 3508 1232 3550 cum
1250 3506 1314 3564 quo

27 3589 31 3597 ’
127 3571 205 3633 ⁴ab
195 3572 286 3632 initio
303 3593 351 3632 res
371 3593 400 3632 ιι
391 3572 524 3633 fuerat
558 3572 619 3632 Sed
637 3572 697 3632 hoc
714 3573 833 3657 noluit,
854 3587 886 3635 et
902 3596 941 3634 nc
960 3575 1068 3635 Midias
1088 3572 1216 3634 definito
1236 3570 1314 3653 legi-

140 3658 197 3728 bus
216 3659 320 3718 decem
340 3657 490 3718 minarum
507 3657 622 3720 iudicio
640 3632 879 3739 periclitaretur,
916 3661 965 3720 eui
983 3681 1016 3720 se
1033 3680 1098 3719 non
1116 3658 1195 3719 stitit
1201 3655 1315 3740 (quod

138 3743 253 3805 factum
271 3743 422 3846 oportuit,
441 3764 521 3824 quo,
538 3765 564 3803 ιι
555 3743 777 3823 deliquisset,
794 3765 908 3824 poenas
928 3746 1031 3806 daret:
1057 3744 1104 3804 sin
1123 3744 1241 3816 minus,
1260 3741 1315 3801 ab·

86 3870 88 3874 .
140 3825 345 3934 solveretur).:
369 3827 469 3891 civem
487 3828 718 3888 Atheniensem
711 3828 875 3912 dignitate
894 3831 1018 3911 spoliari
1037 3842 1176 3911 oportet,
1202 3838 1325 3911 negata

87 3954 91 3959 -
127 3910 226 3975 ‘omiti
242 3910 348 3987 venia,
377 3914 461 3974 omni
479 3913 674 3991 defensione,
703 3915 787 3993 omni
805 3917 973 3996 aequitate.
1007 3936 1085 3996 quae
1104 3914 1196 3976 etiam
1213 3913 1323 3994 palam

141 3999 290 4061 convictis
311 3998 489 4061 iniuriarum
516 4000 729 4060 conceduntur
752 4000 860 4061 omnia.
887 4002 1054 4081 Postquam
1078 4014 1181 4061 antem
1203 3998 1237 4059 in
1254 4018 1315 4060 or·

6 4082 12 4099 “
141 4084 245 4145 dinem
263 4085 380 4167 coiigit,
406 4105 498 4186 quem
514 4084 628 4166 voluit,
656 4099 687 4146 et
708 4107 778 4146 vos
787 4086 847 4146 hoc
871 4087 900 4146 ei
918 4088 1132 4160 condonastis,
1158 4103 1315 4164 suumque

95 4167 96 4170 ’
118 4168 351 4250 impudentem
368 4171 517 4253 animum,
535 4190 597 4250 quo
615 4170 686 4231 talia
705 4171 830 4232 consilia
847 4169 959 4249 nectit,
978 4172 1126 4253 explevit:
1143 4193 1217 4231 num
1234 4168 1316 4230 illud

141 4253 243 4329 feeit,
256 4267 292 4316 ut
308 4255 474 4317 iudicatum
492 4256 641 4331 solveret,
663 4259 891 4336 propterquod
909 4258 1064 4318 hominem
1082 4255 1236 4338 perdidit?
1270 4253 1320 4315 At

43 4342 56 4407 Υ
94 4379 106 4396 -,
131 4358 183 4400 ἰιι
200 4341 371 4403 teruncium
383 4342 539 4421 quidem
530 4363 563 4445 ιιι
579 4339 660 4402 hunc
675 4361 773 4422 usque
791 4342 889 4403 diem:
906 4341 1071 4424 potiusque
1088 4342 1212 4405 actione
1221 4341 1314 4402 unde
