2722 4754
261 96 275 125 θ

109 145 198 222 ἰιι
285 227 303 239 ,,
424 98 1081 269 ueitos‘roemseaosroz

52 353 55 356 -
137 336 209 409 gum
228 285 382 405 quippiam
368 270 761 396 ιιιιζιιιιιειίιιιειιιιιιι,
791 315 908 374 dedisse
926 335 1060 395 poenas,
1082 329 1188 389 neque
1207 330 1235 368 er
1225 309 1293 370 vel

137 402 353 490 cognatorum,
381 400 428 458 vel
455 400 619 459 amicorum
645 399 889 500 deprecationem
916 397 1086 489 proluisse,
1110 415 1213 482 neque
1235 407 1291 455 tum

34 485 36 493 ’
95 546 100 559 ,
137 474 455 559 ειιιιζιιιιιιιιιιιιοιιιιιι
475 507 596 544 suorum
618 484 770 544 meritain
790 483 1025 566 rempublicam,
1042 501 1145 559 neque
1164 481 1292 538 sacerdo

53 639 55 643 ι
139 569 174 628 tii
189 560 400 641 ιειιιιιιιιῑιιιιιι,
419 591 489 650 quo
500 570 610 641 minus,
628 592 695 628 cum
709 568 915 646 deliquisse
888 590 967 627 vasus
968 579 1072 644 esset,
1091 565 1293 623 mulctaretur.
1321 558 1329 577 ‘

138 652 284 720 Neaeram
303 663 413 727 autem,
431 676 507 733 quac
527 669 557 714 et
575 655 703 715 eundem
724 655 813 713 deum
832 653 951 711 violarit
969 666 998 711 et
1013 651 1107 732 leges,
1126 670 1184 707 nec
1199 645 1293 728 ipsam,

24 766 35 792 r
80 742 82 746 '
131 737 665 819 'neceiusfiliampuniriavobis?
699 738 848 818 Equidem
867 738 952 796 valde
971 734 1177 813 mrror,qurd
1196 735 1240 792 ad
1247 755 1294 793 tos

38 899 41 905 Δ
71 838 74 842 ·
109 874 112 880 .
140 807 253 887 dicturi
275 823 383 882 sintin
410 824 603 901 defensione
613 824 718 904 apud
717 845 778 882 vos
813 825 933 882 Utrum
949 822 1042 880 civem
1071 827 1138 879 ess'e
1157 819 1292 879 Neaeram
1319 882 1321 891 ,

26 983 31 987 ἡ
119 907 237 1006 istam,
256 920 286 967 et
303 891 447 989 legibus'
439 909 525 978 istius
544 922 668 972 matrem
687 889 836 967 familias?
868 907 928 966 Sed
946 916 1087 966 testatum
1109 915 1175 975 est,
1192 915 1223 961 et
1239 925 1293 962 rne-

80 987 98 1018 ”
127 991 279 1050 ¹retricem
303 1013 370 1060 esse
396 1005 426 1051 et
452 994 589 1052 ancillam
618 993 710 1051 luisse
728 993 892 1051 Nicaretac.
935 992 977 1050 At
1000 1011 1063 1048 ιιοιι
1089 1009 1156 1048 esse
1179 1008 1293 1047 uxorem

68 1120 69 1125 ι
141 1080 235 1149 suam,
251 1077 306 1135 sed
324 1098 379 1157 pro
399 1067 568 1136 concubina
587 1077 689 1136 haberi
707 1077 810 1136 domi?
828 1076 916 1136 seo·
907 1075 993 1135 istius
1012 1073 1149 1133 mulieris
1169 1073 1295 1132 liberiet

141 1161 178 1220 ad
202 1161 328 1220 curiales
351 1161 518 1222 introducti
542 1162 730 1241 aStephano
757 1174 786 1221 ct
809 1162 870 1220 filia
893 1162 958 1219 viro
977 1157 1164 1219 Atheniensi
1191 1157 1294 1217 elacata

49 1306 51 1323 ,
140 1242 298 1321 manifeste
317 1245 497 1320 ostendunt,
518 1268 581 1306 eam
601 1268 657 1326 pro
682 1267 776 1305 uxore
795 1246 907 1305 haberi.
927 1245 1010 1304 Non
1029 1257 1133 1303 autem
1153 1261 1294 1300 vecaesse

34 1357 45 1378 ι
74 1364 77 1373 ν
142 1327 266 1389 crimina
286 1331 327 1390 eis
352 1324 469 1390 obiecta
493 1344 522 1389 et
547 1331 789 1430 testificationes,
816 1353 872 1390 nec
894 1330 1019 1412 ipsum
1011 1327 1202 1408 Stephanum
1226 1315 1295 1384 arbi-

56 1463 57 1466 ι
99 1464 102 1477 ι
140 1426 215 1486 tror,
231 1421 290 1474 nec
308 1415 444 1473 alium
417 1437 481 1474 erus
500 1416 626 1475 nornine
643 1437 824 1496 quemquam
844 1415 1010 1514 dicturpm,
1028 1425 1081 1472 aut
1099 1425 1296 1483 ostensurum,

120 1564 123 1572 Ι
141 1498 289 1558 Neaeram
306 1510 375 1559 esse
387 1500 492 1560 civem.
521 1501 624 1560 Αιιιιιο
642 1513 753 1574 autem,
770 1500 829 1559 tale
849 1498 1000 1591 quippiam
1020 1514 1103 1567 e'um
1109 1492 1181 1555 loco
1201 1495 1296 1555 delen

114 1597 117 1604 “
141 1568 235 1641 sioriis
254 1567 429 1657 allaturum,
448 1584 558 1646 habere
575 1606 607 1644 se
628 1606 692 1643 eam
714 1606 778 1646 ιιοιι
797 1584 916 1655 risoris,
941 1575 992 1643 sed
1012 1552 1203 1642 concubinae
1220 1580 1296 1639 loco:

56 1678 81 1731 ,’
107 1720 109 1723 .
141 1688 203 1726 nec
211 1658 324 1727 liberos
341 1689 406 1728 esse
423 1669 529 1741 istius,
525 1667 591 1728 sed
610 1690 646 1728 ex
663 1669 720 1729 alia
734 1669 905 1745 mpliere'
879 1690 954 1743 cive,
973 1689 1061 1746 quam
1074 1667 1161 1747 prius
1180 1665 1296 1738 duxerit,

113 1812 117 1816 ,
141 1765 267 1833 cognata
286 1774 357 1826 sna,
374 1767 539 1835 susceptos.
575 1755 726 1813 Adversus
750 1753 845 1835 igitur
868 1753 1014 1812 orationis
1037 1753 1126 1811 istius
1145 1751 1299 1830 impuden-

140 1836 228 1936 tiam,
254 1851 284 1897 et
301 1852 505 1898 commentum
525 1839 742 1911 defensionis,
755 1851 784 1897 et
803 1860 871 1910 eos„
885 1839 949 1918 'qui
969 1839 1144 1916 dicere·pro
1165 1857 1202 1894 co
1220 1835 1300 1894 testi-

136 1921 276 1993 ,monium
294 1923 388 2002 parati
407 1935 492 1996 sunt,
517 1924 732 2004 provocatione
756 1945 849 2002 aequa
869 1937 900 1981 ct
925 1935 1062 1994 accurata
1086 1940 1157 1980 cum
1177 1941 1214 1979 eo
1233 1940 1300 1979 con-

142 2004 237 2078 tendi,
254 2027 309 2086 per
326 2029 414 2086 quam
432 2028 494 2066 vos
504 2008 669 2088 simplicem
687 2009 841 2069 veritatem
861 2007 1096 2089 cognosceretis,
1120 2017 1156 2064 ut
1174 2006 1303 2065 traderet

57 2097 119 2154 387
143 2090 274 2165 ancillas,
289 2112 368 2171 quae
386 2087 457 2151 tuin
468 2089 545 2172 apud
565 2095 708 2153 Neaeram
728 2093 870 2153 assiduae
881 2093 1014 2162 suerunt,
1032 2113 1099 2150 cum
1120 2089 1251 2172 Megaris
1268 2089 1301 2148 ad

142 2175 328 2255 Stephanum
346 2178 446 2249 venit,
475 2176 629 2236 Thrattam
652 2168 683 2237 ιιι
699 2175 905 2247 Coccalinarn,
924 2190 955 2236 et
974 2198 1047 2256 quas
1065 2187 1171 2256 postea
1190 2175 1221 2233 in
1242 2173 1302 2244 eius

144 2260 338 2330 matrimonio
363 2256 558 2339 comparavit,
576 2263 724 2321 Xenidem
744 2275 778 2325 et
791 2261 979 2341 Drosidem,
994 2282 1071 2340 quae
1096 2261 1166 2319 satis
1195 2258 1303 2330 sciunt,

56 2374 67 2385 -
83 2366 99 2423 s
143 2355 185 2403 et
192 2344 364 2428 Proxenum
384 2345 569 2419 defunctum,
588 2359 619 2406 et
636 2346 810 2406 Aristonem
830 2347 1022 2426 superstitem
1042 2357 1085 2411 et
1090 2345 1300 2402 Antidoridcm

143 2447 296 2488 cursorem
316 2441 348 2487 et
363 2429 553 2511 Phanouem,
580 2451 628 2489 cur
620 2430 803 2515 Strybelae
822 2452 934 2490 nomen
953 2443 1012 2502 est,
1040 2449 1116 2508 quae
1133 2427 1303 2507 Theogeni,

79 2513 221 2594 megi
238 2513 417 2587 sacrificulo,
434 2527 586 2594 tempserat,
604 2514 736 2576 Neaerae
756 2537 821 2592 esse
839 2517 967 2593 liberos:
986 2514 1096 2594 quodsi
1116 2534 1132 2570 e
1152 2512 1301 2591 quaestio-

64 2678 67 2683 Ι
134 2595 230 2656 nibus
250 2597 485 2678 comperiretur,
510 2599 708 2701 Stephanum
723 2600 817 2661 civem
836 2585 955 2660 desiisse
974 2620 1116 2669 uxorem,
1146 2612 1174 2656 et
1187 2595 1302 2656 liberos

142 2682 216 2742 istos
236 2703 271 2743 ex
288 2684 345 2742 alia
364 2684 534 2743 muliere‘
509 2706 572 2744 crve
574 2687 784 2767 suscepisse,
800 2706 861 2744 non
882 2707 914 2744 e
907 2686 1048 2756 Neaera
1066 2683 1176 2742 vellem
1197 2682 1234 2741 ah
1252 2681 1302 2739 hac

128 2766 276 2827 actione
280 2769 423 2829 desistere
443 2780 473 2828 et
490 2791 552 2841 non
568 2770 670 2830 venire
680 2772 720 2846 in
739 2770 891 2831 iudicium.
917 2770 1002 2828 Nam
1022 2768 1185 2827 haberem
1205 2765 1303 2824 matri-

43 2857 44 2861 ’
124 2852 259 2930 monio,
277 2853 335 2912 hoc
347 2866 409 2931 est,
427 2841 461 2914 si
471 2855 538 2933 quis
557 2855 670 2915 liberos
689 2857 823 2936 suscipit,
842 2856 867 2914 si
887 2855 1009 2924 eumad
1025 2850 1172 2924 curiales,
1186 2864 1251 2910 tum
1269 2850 1303 2908 ad

143 2936 317 3016 municipes
326 2932 497 3007 introducit
513 2931 650 3011 filios,'
625 2963 651 2999 st
668 2942 744 3000 filias
762 2963 823 3021 pro
833 2941 898 2999 suis
917 2934 1045 3019 nuptum
1065 2937 1172 3002 elocat
1208 2937 1300 2994 lllere-

50 3052 52 3055 ·
121 3101 122 3104 ¹
142 3022 232 3080 trices
249 3023 331 3081 enim
351 3040 443 3083 causa
455 3025 617 3109 voluptatis
632 3025 756 3088 alimus:
784 3024 966 3103 concubinas
985 3036 1111 3103 propter
1131 3021 1299 3100 quotidiana

74 3170 77 3179 ,
142 3106 308 3185 ministeria
326 3121 357 3167 et
374 3110 559 3168 curationem
578 3111 727 3190 corporis.
777 3133 864 3170 nores
882 3122 1007 3207 propter
1019 3108 1177 3206 ingenuos
1195 3105 1302 3164 liberos

87 3214 90 3221 ·
143 3190 352 3270 suscipiendos
381 3206 411 3252 et
434 3193 554 3253 fidelem
584 3194 629 3252 rei
652 3134 803 3254 samilShis
829 3192 1122 3256 administrationem
1150 3205 1181 3250 et
1207 3202 1302 3249 custo-

56 3268 80 3349 ζ
142 3275 228 3334 diam.
246 3276 421 3336 Proin-de
397 3300 421 3336 sr
439 3278 521 3357 priu's
541 3279 741 3339 mulierem'
717 3303 810 3341 civem
829 3281 963 3356 duxerat,
982 3291 1011 3336 et
1026 3299 1061 3335 ex
1075 3277 1156 3335 illa
1147 3275 1199 3334 usti
1218 3261 1301 3332 liheri

141 3371 222 3432 sunt,
240 3376 303 3421 non
317 3361 463 3422 Neaerae:
479 3362 553 3422 ιιι
526 3385 554 3423 ea
570 3364 736 3424 certissimo
756 3365 841 3424 licuit
859 3363 1019 3423 ostendere
1038 3361 1229 3440 testimonio,
1247 3372 1303 3417 tra-

141 3444 211 3503 ditis
229 3446 352 3506 ancillis.
377 3449 418 3508 Ut
436 3460 535 3509 autem
555 3429 630 3508 hanc
644 3449 693 3508 illi
712 3435 918 3508 conditionem
936 3468 984 3506 me
1003 3447 1107 3505 tulisse
1128 3456 1262 3515 constet,
1277 3455 1305 3501 et

51 3589 53 3591 ,
126 3529 348 3627 testimonium
369 3544 399 3590 et
416 3533 499 3612 ipsa
496 3534 582 3593 vohis
601 3535 790 3594 denuntiatio
808 3534 933 3616 legetur
962 3532 1067 3590 Recita
1086 3530 1306 3600 testimonium,

23 3629 26 3636 ’
142 3612 252 3672 deiude
270 3614 589 3736 denuntiationem

522 3746 924 3825 rEso'lmotttom.

143 3907 145 3910 <
204 3839 435 3950 Hippocrates,
452 3872 644 3953 Hippocratis
663 3874 704 3944 F.,
722 3872 923 3944 Probalisius,
935 3854 1172 3941 Demosthenes,
1191 3872 1304 3930 Demo-

127 3954 256 4014 sthenis
275 3956 304 4014 F.
307 3957 536 4029 ,Paeaniensis,
554 3956 737 4038 Diophanes,
755 3956 921 4037 Diophanis
941 3956 984 4016 F.
973 3956 1212 4036 ,Alopecensis,
1230 3955 1306 4015 Dio-

119 4073 122 4077 *
141 4058 254 4111 menes,
272 4001 414 4102 Aichelai
432 4044 473 4116 F,
479 4039 543 4128 C)
539 4042 778 4115 dathenaeensts,
795 4042 911 4113 Diniae,
927 4042 1108 4100 Phormrdae
1123 4041 1164 4110 F
1184 4036 1305 4136 Cydan-

110 4122 249 4195 uthides,
265 4086 473 4208 Lysimachus,
488 4129 534 4186 l
500 4127 612 4210 tsippr
604 4127 659 4188 'R
660 4127 884 4209 ,Αεςιιιιιιιιειι,
901 4139 1060 4200 testantur,
1077 4147 1110 4184 se
1124 4082 1282 4184 adfuisse
1273 4146 1305 4182 ιιι

140 4205 218 4289 soro,
237 4229 309 4267 cum
323 4197 530 4292 Apollodorus
549 4171 704 4292 Stephaho
724 4212 931 4271 conditionem
948 4212 1052 4282 ferret,
1069 4233 1105 4269 ac
1123 4223 1253 4291 peteret,
1270 4220 1306 4266 ut

64 4294 70 4305 ‘
139 4290 176 4348 ad
190 4295 400 4408 qoaestionem
419 4297 504 4356 daret
520 4297 642 4362 ancillas
657 4318 770 4357 earum
776 4317 878 4394 rernm
897 4319 993 4370 causa,
1012 4318 1141 4382 quarum
1155 4296 1192 4355 de
1206 4296 1304 4407 Neae-
