2722 4754
39 255 41 268 Ι
71 207 76 213 -
105 167 178 230 ιιι
272 147 307 245 ss
400 121 763 262 o'snosrnnrtts
799 115 1011 264 οιιιίιιι
1156 112 1161 130 ’

75 368 86 403 ,
116 318 210 396 scitis,
226 321 397 401 exemplum
411 341 481 381 esse
497 302 669 382 testamenti
682 320 819 398 Parionis
834 345 877 396 ea,
896 309 1020 402 quaein
1038 318 1148 380 tabulis
1168 314 1278 419 scripti

41 437 44 472 ι
115 400 260 468 luerunt?
295 406 359 491 Oro
377 419 481 469 autent
494 427 548 466 vos
567 426 683 482 omnes,
701 394 829 480 ludices,
847 421 878 469 et
896 407 1044 477 obtestor,
1060 418 1098 464 ut
1115 416 1146 463 et
1165 424 1212 478 rue
1231 405 1277 463 iu-

117 490 203 564 vetis,
223 502 253 549 et
270 509 333 563 eos,
350 485 404 568 qui
422 491 461 550 ita
482 490 589 571 cupide
608 491 679 572 salsa
696 492 912 567 testificantur,
929 490 1079 572 puniatis,
1097 502 1163 548 tum
1182 501 1277 552 vestra
1346 495 1349 498 ’

25 604 35 658 Α,
118 574 263 656 ipsorum,
280 585 349 635 tum
363 592 444 650 mea,
456 587 522 636 tum
540 561 682 651 iustitiae,
700 590 764 637 tum
783 576 885 659 legum
904 597 998 652 causa.
1080 618 1083 621 -

14 969 73 1036 „3
120 923 344 1054 ORATIO
376 927 435 1005 IN
468 926 782 1123 EUEthGUM
787 926 858 1001 ΕΤ
887 913 1286 1042 MNESIBULUM

357 1077 359 1080 ⁴
624 1046 810 1124 ESTES.
1237 1070 1242 1083 “

382 1296 969 1438 ARGMMENTUM.

117 1477 365 1573 Atheniensibus
385 1504 509 1568 classem
525 1509 563 1568 ad
578 1508 691 1569 belluni
705 1529 836 1590 propere
850 1467 1081 1581 instruentibus,
1099 1516 1277 1566 armamenta

37 1640 40 1645 ,
117 1591 290 1684 triremium
304 1590 461 1672 praelectis
480 1591 612 1654 deerant
648 1595 753 1695 Itaque
770 1594 926 1653 decretum
944 1592 1097 1663 scribitur,
1114 1600 1152 1650 ut
1169 1590 1276 1649 instru-

95 1669 224 1741 xinenta
235 1676 351 1737 navalia
374 1698 463 1755 quam
480 1678 610 1767 primum
628 1677 705 1740 ab‘'
683 1699 739 1752 ns,
763 1699 818 1758 qm
808 1676 980 1738 deberent
995 1672 1200 1757 reipublicae,
1217 1674 1274 1733 exi-

81 1816 82 1823 ,
119 1769 270 1860 gerentur.
304 1761 330 1819 li
347 1781 419 1821 vero
438 1749 578 1845 quidam
578 1777 682 1824 eorum
701 1776 801 1837 erant,
819 1786 873 1842 qur
864 1761 1062 1822 'triremibus
1081 1758 1277 1841 praefuerant

14 1865 29 1912 ,'
50 1854 70 1918 ᾖ
118 1844 233 1905 Alius
223 1844 318 1926 igitur
334 1844 372 1904 ab
389 1846 454 1906 aliis
474 1866 507 1906 ea
524 1869 593 1908 vasa
609 1861 747 1928 repetere
765 1848 864 1908 iussus
884 1859 944 1907 est:
969 1846 994 1906 is
1012 1867 1104 1920 vero,
1129 1843 1184 1923 qui
1201 1864 1278 1902 nunc

69 1953 71 1958 ·
119 1922 221 1990 babet
219 1930 412 2021 orationem,
441 1931 673 2032 aTheophemo
698 1945 728 1992 et
745 1933 941 1999 Demochare.
977 1931 1039 2005 Qui
1057 1945 1127 1990 cum
1145 1927 1278 1987 insolen-

73 2043 75 2049 ¹
118 2013 180 2075 tius
198 2032 231 2072 se
248 2023 404 2096 gement,
424 2036 493 2090 eos,
510 2016 543 2076 in
561 2018 608 2079 ius
626 2031 766 2092 vocatos,
775 2037 852 2078 reos
869 2014 995 2098 peregit.
1012 2015 1058 2074 Ac
1074 2011 1294 2074 Demochares

120 2098 243 2178 quidem
260 2098 371 2174 reddit,
388 2101 442 2159 sed
459 2101 686 2182 Theopbemus
685 2103 788 2163 adhuc
806 2101 918 2184 effugia
936 2100 1090 2180 quaeritat
1116 2099 1209 2157 Facto
1226 2118 1277 2161 au-

70 2240 72 2246 ,
118 2195 180 2244 tem
200 2202 217 2240 e
234 2192 353 2242 senatu
359 2184 497 2259 decreto,
512 2198 565 2262 ut,
582 2207 644 2286 qqo
663 2187 792 2266 quisque
810 2187 903 2247 modo
921 2196 1040 2266 posset,
1058 2182 1162 2244 debita
1166 2182 1279 2263 exige-

118 2278 181 2338 ret,
199 2265 288 2327 aedes
305 2267 523 2349 'lheophemi
513 2291 554 2344 rs,
572 2271 651 2371 qui·
643 2289 726 2331 nunc
742 2271 855 2353 litigat,
872 2270 1000 2359 invadit:
1015 2281 1150 2347 ortoque
1167 2266 1279 2348 iurgio,
1302 2274 1304 2279 '
1343 2272 1345 2279 ’

33 2404 34 2410 ,
63 2360 75 2397 ‹'
120 2363 151 2412 et
174 2351 254 2410 inter
276 2373 309 2411 se
334 2353 507 2426 verberant,
533 2355 596 2415 tt
586 2378 618 2415 ιιι
640 2355 687 2416 ius
706 2368 813 2415 mutuo
831 2347 955 2427 vocarit,
978 2365 1108 2432 uterque
1131 2371 1284 2423 asserens,

36 2464 39 2475 ι
118 2435 248 2496 alterum
265 2434 420 2497 intulisse
420 2455 539 2498 manus:
563 2461 639 2519 quae
657 2440 736 2500 actio
754 2443 840 2513 αἰκία,
858 2440 924 2499 hoc
936 2451 991 2513 est,
1008 2437 1175 2496 verberatio
1195 2436 1277 2494 dice·

85 2518 214 2580 ¹(batur.
230 2519 346 2580 Prior
335 2521 430 2604 igitur
445 2523 598 2606 ingressus
614 2522 840 2613 Theophemus,
856 2537 949 2584 testes
968 2522 1112 2603 produxit
1124 2522 1278 2600 Euergum

65 2621 67 2623 '
91 2656 93 2660 ,
119 2616 158 2664 et
172 2603 394 2681 Mnesibulum,
419 2608 547 2668 alterum
569 2597 691 2669 fratrem
715 2632 820 2683 suum,
844 2608 971 2668 alterum
995 2605 1124 2667 astinem.
1160 2605 1277 2662 livero

46 2721 52 2728 r
80 2741 83 2750 ,
118 2687 270 2750 testificati
286 2702 376 2765 sunt,
394 2684 631 2793 Theophemum
648 2693 780 2754 voluisse
798 2694 975 2767 mulierem,
998 2711 1075 2770 quae
1093 2709 1214 2771 pugnae
1232 2688 1277 2746 in-

33 2810 39 2820 .
63 2850 65 2855 Α
117 2773 279 2872 terluerat,
305 2775 403 2835 dare
392 2797 423 2835 ιιι
430 2777 669 2856 quaestionem,
692 2790 728 2838 ut
745 2779 778 2837 in
795 2776 954 2838 tormentis
973 2777 1190 2846 confiteretur,
1211 2785 1278 2832 uter

117 2856 204 2938 prior
220 2878 336 2919 manus
342 2859 509 2922 intulisset:
528 2864 692 2942 quodcum
709 2861 853 2922 offerret
847 2861 1066 2941 Theop'hemus
1078 2860 1277 2935 ancillamque

42 2979 49 3024 ‚-
104 2941 284 3009 ‘traditurus
309 2957 405 3019 esset,
431 2944 516 3009 illum
540 2947 697 3007 admittere
723 2948 865 3007 noluisse.
900 2947 1034 3005 Tandem
1060 2944 1195 3016 iudices,
1219 2942 1275 3000 fide
1326 3017 1328 3023 Ι

34 3097 57 3107 „
103 3024 260 3087 testibus
263 3026 374 3103 habita,
391 3048 447 3110 pro
454 3014 675 3132 Theqphemo
676 3032 925 3113 pronuntiarunt:
941 3030 966 3092 is
982 3041 1094 3103 autem,
1112 3028 1167 3143 qui
1183 3027 1273 3088 victus
1351 3055 1354 3059 ⁷

68 3133 71 3141 ¹
119 3122 182 3186 est,
198 3123 292 3174 testes
308 3112 375 3174 salsi
392 3114 560 3222 testimonii
577 3129 750 3178 accusat

34 3452 95 3524 220
116 3423 298 3515 praeclarae
321 3428 397 3515 mibi
421 3475 495 3516 esse
512 3455 595 3538 leges
621 3398 779 3527 videntur,
806 3452 941 3526 ludices,
969 3431 1046 3533 quae
1071 3460 1153 3532 post
1167 3424 1276 3510 iudicia
1319 3499 1321 3505 ,

78 3575 80 3578 -
113 3533 183 3602 falsi
199 3539 368 3600 testimonii
385 3541 535 3600 actionem
553 3536 738 3621 largiuntur,
768 3549 819 3610 ut,
849 3538 874 3597 si
892 3536 959 3617 quis
976 3537 1114 3596 testibus
1125 3532 1277 3594 mendaci-

114 3624 171 3686 bus
189 3625 362 3707 produetis,
380 3636 432 3685 aut
449 3621 717 3704 provocationibus
732 3641 797 3680 non
807 3622 916 3697 factis,
933 3635 986 3681 aut
1002 3621 1186 3681 testimoniis
1205 3638 1277 3678 con-

78 3782 93 3794 f
112 3722 160 3771 tra
177 3709 276 3792 legem
294 3709 397 3783 dictis,
419 3709 535 3770 iudices
548 3706 723 3809 deceperit,
747 3705 824 3764 nihil
844 3728 876 3766 ea
895 3728 928 3766 re
945 3706 1132 3786 proficiat.
1122 3727 1148 3764 rs
1168 3712 1278 3773 autem,

52 3823 56 3832 ¹
113 3816 165 3879 ιιιι
154 3794 258 3855 sacta
276 3806 323 3854 est
338 3793 464 3868 iniuria,
485 3792 668 3854 testimoniis
685 3790 894 3871 reprehensis,
918 3812 987 3851 cum
1004 3791 1083 3871 apud
1101 3805 1156 3849 vos
1176 3801 1277 3847 osten-

22 3949 29 3970 ,
104 3867 208 3954 derit,
232 3892 326 3940 testes
345 3879 382 3938 de
400 3899 451 3937 re
446 3878 561 3938 dixisse
579 3877 703 3948 salsum,
720 3888 786 3935 tum
805 3876 888 3935 ab'
861 3898 903 3935 ers
914 3880 1034 3957 'poenas
1054 3884 1191 3955 expetat,
1213 3884 1276 3931 tum
1313 3887 1315 3890 ⁴

111 3963 211 4037 illins,
236 3985 267 4024 a
278 3983 340 4044 quo
365 3963 507 4043 producti
529 3974 617 4036 sunt,
642 3960 733 4020 malas
751 3972 832 4022 artes
848 3961 1017 4021 ulciscatur.
1051 3960 1278 4038 Proptereaqne

111 4044 261 4107 minorem
279 4047 456 4121 accusatori,
473 4069 499 4107 ιι
490 4046 727 4124 'succubuerit,
744 4046 887 4106 mulctam
905 4055 1086 4118 statuerunt,
1102 4063 1142 4102 ne
1161 4059 1278 4123 poenae

62 4200 65 4212 „
95 4127 321 4239 ‘magnitudine
340 4131 527 4192 deterreatur
544 4132 642 4191 laesus
661 4152 677 4189 a
693 4129 914 4211 persequendis
930 4128 1076 4191 testibus:
1104 4147 1161 4187 reo
1179 4139 1277 4187 auteur

110 4224 234 4296 magnas
251 4227 365 4299 p‘oenas
384 4217 626 4289 constituerunt,
650 4215 676 4275 si
694 4215 850 4278 convictus
868 4214 979 4287 luerit,
1004 4226 1035 4273 et
1041 4212 1138 4272 vobis
1151 4229 1215 4293 pro
1233 4222 1276 4270 te-
1320 4279 1321 4282 ¹

17 4340 30 4387 !
109 4298 255 4415 sunonis
271 4300 417 4365 mentitus
435 4319 501 4364 esse
518 4299 663 4362 videatur.
695 4301 791 4380 quue
809 4301 937 4407 merito,
954 4297 1089 4360 ludices.
1112 4317 1169 4358 vos
1188 4295 1277 4377 enin,
1344 4333 1348 4339 -

718 4492 764 4537 ff
875 4505 981 4545 ι’

350 4562 357 4597 ,
643 4573 653 4588 x
815 4569 872 4576 ,ι
