2722 4754
373 228 377 237 -
465 139 534 259 'us
570 144 787 283 corona.
1152 201 1212 263 tn

59 384 86 423 aa
99 379 130 419 se
148 354 250 417 omnia
270 365 449 425 constanter
465 351 654 424 habiturum,
682 350 897 432 neminemque
914 354 1040 432 propter
1059 376 1091 413 ea
1110 375 1214 436 pacem

61 446 223 511 soluturum.
240 440 332 515 Quae
352 460 420 498 rum
437 458 493 521 ego
512 437 730 518 praeviderem,
748 435 962 511 Athenienses,
982 452 1012 498 et
1029 450 1213 520 reputarem:

62 536 199 597 daretem
226 525 302 585 illud
320 524 398 598 feci,
423 523 623 605 navigandum
642 522 673 579 in
692 542 727 580 ea
745 542 811 579 esse
830 522 912 597 loca,
928 524 972 582 ¹iu
998 526 1107 605 quibus
1135 539 1214 586 esset

59 615 213 697 thilippus,
231 623 264 670 et
277 609 487 669 iusiurandum
506 607 728 687 quamprimum
744 605 937 687 exigendum,
955 623 991 668 ut
1005 611 1215 673 obtinentibus
1300 624 1302 630 '

68 699 221 770 Thracibus,
240 695 404 756 foederatis
423 694 540 766 vestris,
560 714 593 751 ea
608 692 685 764 loca,
703 714 780 771 quae
794 693 852 751 iste
868 695 960 753 modo
981 696 1125 773 elevabat,
1144 700 1214 757 Ser-

19 828 23 859 ,
72 781 299 866 &bisetium
319 779 531 862 etErgiscen,
556 778 598 838 ita
615 775 782 851 iuraretur,
808 791 839 837 et
857 799 920 837 nou
939 779 1006 852 ille,
1034 782 1215 861 opportunis

76 874 126 939 luds
140 864 475 947 occupatis,Thraciae
493 863 662 944 potiretur,
679 884 756 921 nere
775 885 883 944 magna
901 865 972 925 inde
991 868 1119 944 pecunia
1136 870 1235 935 mul-,

19 1022 22 1033 Ι
75 962 148 1039 &pe
163 951 506 1023 militibus'instruetus,
522 948 653 1028 reliquas
671 970 719 1007 res
738 951 961 1030 aggrederetur.
980 950 1047 1010 lior
1060 952 1216 1014 decretum
1241 965 1300 1021 150

19 1044 26 1107 l
55 1094 58 1099 .
75 1038 210 1112 condicit,
228 1057 331 1115 neque
348 1036 469 1095 recitat:
487 1037 540 1094 sed
560 1035 642 1114 spraud
662 1051 719 1115 ego
734 1047 858 1093 senator
875 1034 1070 1102 adducendos
1090 1059 1157 1097 esse
1171 1039 1215 1098 le-

75 1140 138 1215 gatos
154 1121 266 1194 censui,
285 1122 317 1180 id
336 1112 472 1203 exagitat
491 1121 552 1180 Sed
571 1119 642 1199 quid
663 1120 737 1179 mihi
756 1121 906 1201 agendum
925 1121 1003 1181 suit?
1020 1122 1091 1181 Non
1109 1115 1213 1185 decer·¹
1272 1128 1280 1133 “

75 1214 191 1283 nandum,
206 1218 247 1286 ut·
259 1207 484 1266 adducerentur
498 1208 536 1279 ii,¹
549 1205 602 1285 qui
616 1225 653 1263 eo
671 1219 827 1279 uenerant,
844 1219 881 1265 ut
895 1205 1144 1286 colloquerentur
1160 1232 1214 1269 ro-

29 1332 33 1337 ·
75 1295 185 1385 hiscum?
206 1305 339 1353 autnon
359 1291 537 1364 iubendum,
553 1303 589 1349 ut
607 1290 787 1350 architectus
807 1291 849 1350 eis
867 1294 1024 1371 spectandi
1041 1293 1143 1354 locum
1163 1298 1215 1356 da-

76 1383 131 1446 ret?
156 1382 193 1440 At
206 1377 287 1438 binis
308 1377 407 1437 obolis
425 1375 814 1455 numeratisspeetassent,
833 1377 864 1437 id
884 1372 1085 1437 decretumst
1102 1381 1215 1441 sactum
1268 1433 1272 1437 .

77 1491 127 1530 non
141 1475 212 1525 met
248 1464 343 1522 Parva
368 1462 462 1543 igitur
486 1460 672 1542 reipublicae
697 1462 857 1521 commoda
882 1462 958 1521 mihi
984 1466 1095 1524 tuenda
1121 1480 1216 1541 erant,

75 1544 289 1621 nuntiantem
312 1549 409 1608 totius
433 1548 619 1628 reipublicae
637 1544 691 1627 (id
709 1549 795 1626 quod
821 1545 871 1607 isti
895 1547 1055 1633 lecerunt)
1072 1551 1214 1633 Philippo

75 1634 224 1699 tendenda?
252 1634 380 1692 Minime
398 1654 479 1692 vero.
504 1632 581 1714 Age,
599 1653 672 1712 cape
691 1633 847 1693 decretum
865 1634 939 1693 illud
960 1647 991 1695 et
1006 1636 1112 1710 recita,
1132 1634 1215 1716 quod

75 1726 125 1796 iste,
139 1736 206 1781 eum·
217 1719 291 1780 satis
309 1717 410 1792 sciret,
429 1718 592 1798 praeteriit
609 1710 723 1778 Recita.
1089 1769 1094 1797 ,

475 1870 781 1923 DECRETUM.
836 1886 845 1895 ·

138 1978 276 2037 Praetore
293 1972 478 2055 Mnesiphilo
503 1973 601 2053 pridie
616 1969 744 2049 ‚Calend
769 1973 941 2047 Quintiles,
967 1974 1135 2038 Pandionia
1160 1980 1214 2038 tri-
1268 2003 1270 2015 ·

71 2065 103 2123 bu
116 2060 311 2143 praesidente,
329 2058 572 2132 Demosthenes,
590 2058 806 2119 Demosthenis
825 2059 915 2133 filius,
933 2060 1142 2136 Paeauiensis,
1164 2086 1214 2124 re-

19 2204 22 2219 ,
71 2148 139 2208 ulit:
153 2147 314 2225 Postquam
330 2144 499 2224 Philippus,
517 2144 615 2226 missis
633 2143 740 2225 legatis
758 2146 796 2204 de
814 2166 897 2225 pace,
913 2145 1022 2205 foedus
1041 2149 1213 2208 confessum
1233 2184 1239 2197 κ

72 2233 131 2293 lecit
143 2252 205 2291 eum
221 2230 617 2310 Atheniensibuseplaccre
635 2229 754 2288 senatui
772 2230 949 2311 populoque
968 2230 1214 2309 Atheniensium,

70 2332 100 2379 ut
108 2340 155 2399 pax
164 2317 195 2375 iu
208 2306 304 2397 prima
323 2312 472 2375 concione
484 2315 566 2375 iussa
582 2309 764 2396 perficiatur,
783 2315 898 2398 legatos
913 2338 949 2375 ex
962 2317 1102 2378 omnibus
1114 2317 1213 2379 Athe-

29 2448 42 2479 „
68 2402 203 2463 aiensibus
221 2402 279 2460 iam
298 2401 393 2483 deligi
419 2401 572 2481 quinque:
599 2401 733 2461 delectos
759 2414 860 2479 autem
884 2402 1036 2482 proficisci
1062 2417 1214 2485 oportere,

68 2489 140 2550 nulla
153 2508 230 2547 mora
248 2487 445 2567 interposita,
466 2508 519 2559 co,
536 2486 591 2548 ubi
609 2507 674 2547 esse
692 2484 865 2566 Philippum
883 2487 1051 2548 audierint:
1063 2503 1102 2549 et
1117 2490 1213 2550 iusiu-

66 2574 178 2639 randum
192 2585 255 2633 tum
275 2572 311 2632 ab
325 2592 363 2631 eo
379 2573 579 2654 exigendum,
590 2585 654 2632 tum
674 2572 805 2631 dandum
820 2571 917 2651 primo
937 2594 1060 2653 quoque
1075 2587 1214 2656 tempore

70 2659 102 2719 tle
118 2659 186 2719 laeto
208 2679 262 2739 per
288 2680 358 2717 eum
384 2680 453 2716 eum
480 2658 595 2739 pop'ulo
613 2656 795 2716 Atheniensi
818 2656 961 2730 loedere,
988 2652 1237 2740 comprehensi&

71 2744 151 2803 etiam
164 2750 355 2822 utrorumque
374 2743 472 2802 sociis.
505 2743 611 2825 Legati
630 2742 722 2813 creati
740 2753 812 2799 suut
828 2740 967 2819 Eubulus
984 2742 1215 2826 Anaphlystius,

24 2862 30 2871 ·
71 2828 219 2888 Aeschines
236 2824 426 2903 Cothocides,
444 2825 662 2909 Cephisophon
677 2825 891 2901 Rhamnusius,
908 2827 1104 2898 Democrates
1120 2829 1214 2912 Phly-
1293 2900 1296 2907 Ι

72 2913 147 2986 ensis,
163 2911 251 2973 Cleon
270 2909 463 2973 Cothocides.
690 2988 693 2991 ι

141 2999 218 3072 Quae
239 3020 311 3071 ,cum
338 3020 396 3081 ego
421 3012 486 3058 tum
512 2999 730 3071 decrevissem,
764 2996 965 3077 reipublicae,
993 3020 1056 3058 non
1083 2999 1215 3080 Philippi
1317 3013 1324 3028 ¹

71 3083 210 3143 utilitatem
238 3096 393 3164 spectans:
428 3107 533 3165 parum
564 3084 688 3144 solliciti
715 3082 789 3141 boni
814 3082 865 3141 isti
892 3082 984 3164 legati
1014 3085 1159 3143 sederunt
1183 3085 1216 3142 in

27 3200 32 3209 ·
70 3167 224 3231 blaredonia
247 3182 309 3229 tres
334 3182 416 3230 totos
445 3191 582 3243 menses,
610 3171 708 3229 donee
732 3167 889 3248 Philippus
919 3189 934 3228 e
958 3167 1084 3230 Thracia
1106 3170 1215 3229 rediis-

69 3253 333 3331 setomnibus-illie
359 3255 485 3316 eversis:
510 3276 578 3315 cum
602 3254 737 3314 licuisset
761 3253 865 3313 decem
892 3254 1015 3327 diebus,
1039 3254 1099 3335 rel¹
1113 3254 1215 3315 triduo
1283 3268 1287 3275 '

69 3338 153 3419 potius
170 3352 219 3401 aut
244 3340 409 3420 quatriduo
423 3342 459 3411 ‚in
477 3341 711 3423 Hellespontum
737 3339 890 3420 proficisci
908 3353 939 3399 et
957 3339 1022 3399 loca
1039 3341 1137 3415 tueri,
1164 3362 1215 3399 ex-

71 3437 125 3483 acto
139 3423 550 3507 iureiurando,„priusquam
569 3449 602 3487 ea
621 3426 672 3485 ille
700 3438 908 3507 expugnasset.
940 3424 1006 3485 Aut
1031 3426 1111 3484 enirn
1129 3444 1215 3506 prae-

69 3508 184 3569 sentibus
208 3512 300 3571 nobis
327 3532 361 3571 ea
379 3533 442 3571 non
466 3513 630 3594 attigisset:
657 3523 709 3571 aut
731 3510 940 3570 iusiurandum
966 3511 1003 3570 ab
1016 3517 1017 3520 ’
1030 3532 1067 3570 eo
1086 3533 1149 3570 non
1168 3533 1217 3571 ac-

67 3593 238 3673 cepissemus,
274 3600 319 3656 lta
336 3618 440 3677 paoem
459 3619 522 3657 non
540 3599 744 3678 impetrasset-r
768 3613 825 3655 nee
843 3608 975 3676 utraque
992 3596 1162 3669 habuisset,
1187 3608 1218 3655 et

19 3710 22 3717 ·
67 3698 152 3757 pacem
171 3694 200 3740 et
217 3682 293 3741 luca
309 3682 411 3742 Prima
428 3683 524 3766 igitur
540 3685 573 3742 in
591 3682 749 3765 legatione·
763 3694 795 3740 et
812 3680 944 3762 Philippi
962 3682 1042 3743 sraus
1053 3670 1094 3742 'et
1111 3704 1217 3743 corru-

66 3764 132 3843 ptela
147 3764 332 3827 iniustorum
356 3767 485 3827 istorum
504 3768 665 3829 homiuum
682 3780 714 3827 et
732 3766 787 3827 diis
807 3763 974 3828 inuisorum
1000 3768 1066 3829 talis
1086 3767 1217 3831 exstitit:

65 3863 173 3933 propter
189 3874 281 3931 quam
300 3866 422 3913 ettune
439 3866 471 3912 et
487 3875 569 3915 nune
583 3867 614 3913 et
626 3874 747 3934 semper
763 3873 897 3934 pugnare
916 3875 963 3913 me
973 3854 1081 3913 iateor
1095 3865 1126 3912 et
1141 3873 1214 3913 con-
1240 3855 1298 3913 151

51 3938 208 3998 heremias
228 3937 343 3999 babere
362 3961 429 3998 cnm
447 3938 521 3998 istis.
540 3941 601 3998 lam
619 3939 701 3999 aliud
718 3938 821 3998 statim
835 3938 933 3999 maius
952 3939 1011 4000 isto
1029 3938 1128 3999 scelus
1147 3957 1215 4018 spe·
1330 3945 1332 3951 '

63 4032 136 4082 etate.
152 4023 319 4103 Postquam
336 4037 493 4105 receperat
509 4023 678 4104 Philippus,
696 4046 728 4084 se
746 4044 851 4104 pacem
869 4023 1053 4096 habiturum,
1070 4035 1217 4103 occupata

28 4152 31 4157 .
62 4105 172 4168 Thracia
192 4109 281 4190 culpa
297 4109 446 4183 istorum,
473 4109 525 4189 qui
545 4111 667 4169 decreto
687 4129 756 4169 meo
775 4130 839 4169 non
856 4120 1032 4190 paruerant,
1055 4131 1159 4168 rursus
1178 4107 1215 4167 ab

61 4191 96 4251 eis
105 4194 194 4271 emit,
211 4216 252 4254 ne
266 4194 389 4255 abirent
403 4215 438 4254 ex
449 4195 637 4268 Macedonia,
655 4195 754 4255 donec
768 4188 996 4277 -eirpeditionem
1014 4205 1119 4253 contra
1133 4192 1215 4253 Pho-

60 4280 154 4339 censes
172 4294 347 4362 susceptam
365 4276 565 4355 instruxisset,
583 4301 633 4352 ne,
652 4279 677 4338 si
691 4279 736 4341 illi
749 4280 808 4340 huc
825 4277 1066 4352 renunciassent,
1083 4300 1152 4339 eum
1167 4277 1225 4336 in·-

58 4374 165 4426 struere
180 4388 214 4427 se
231 4378 264 4427 et
280 4365 496 4449 proiecturum¹
507 4387 583 4441 esse,
600 4387 654 4426 vos
669 4366 770 4447 copias
790 4363 968 4439 educeretis,
987 4378 1028 4449 et,
1040 4362 1216 4423 triremibus
