<?xml version="1.0" encoding="UTF-8"?>
<!DOCTYPE html PUBLIC "-//W3C//DTD XHTML 1.0 Transitional//EN"
    "http://www.w3.org/TR/xhtml1/DTD/xhtml1-transitional.dtd">
<html xmlns="http://www.w3.org/1999/xhtml" xml:lang="en" lang="en">
 <head>
  <title>
</title>
<meta http-equiv="Content-Type" content="text/html;charset=utf-8" />
  <meta name='ocr-system' content='tesseract 3.04.00' />
  <meta name='ocr-capabilities' content='ocr_page ocr_carea ocr_par ocr_line ocrx_word'/>
</head>
<body>
  <div class='ocr_page' id='page_1' title='image "./demosthenisquae04schgoog_0160.png"; bbox 0 0 2722 4754; ppageno 0'>
   <div class='ocr_carea' id='block_1_1' title="bbox 41 176 1297 3658">
    <p class='ocr_par' dir='ltr' id='par_1_1' title="bbox 216 176 1290 331">
     <span class='ocr_line' id='line_1_1' title="bbox 216 176 1238 281; baseline 0 -32"><span class='ocrx_word' id='word_1_1' title='bbox 216 176 225 187; x_wconf 30' lang='lat' dir='ltr'><strong>i</strong></span> <span class='ocrx_word' id='word_1_2' title='bbox 318 252 325 259; x_wconf 64' lang='grc'><strong>,</strong></span> <span class='ocrx_word' id='word_1_3' title='bbox 502 185 564 249; x_wconf 74' lang='grc' dir='ltr'><strong>ΒΕ</strong></span> <span class='ocrx_word' id='word_1_4' title='bbox 599 180 824 253; x_wconf 66' lang='lat' dir='ltr'>CORONA:</span> <span class='ocrx_word' id='word_1_5' title='bbox 891 207 902 252; x_wconf 91' lang='grc'><strong>·,</strong></span> <span class='ocrx_word' id='word_1_6' title='bbox 1024 188 1026 193; x_wconf 77' lang='grc'><strong>’</strong></span> <span class='ocrx_word' id='word_1_7' title='bbox 1063 190 1091 249; x_wconf 69' lang='grc' dir='ltr'><strong>ζ’</strong></span> <span class='ocrx_word' id='word_1_8' title='bbox 1162 194 1238 281; x_wconf 81' lang='grc'><strong>151</strong></span> 
     </span>
     <span class='ocr_line' id='line_1_2' title="bbox 1272 290 1290 357; baseline 0 -30"><span class='ocrx_word' id='word_1_9' title='bbox 1272 290 1290 357; x_wconf 71' lang='grc' dir='ltr'><strong>ι</strong></span> 
     </span>
    </p>

    <p class='ocr_par' dir='ltr' id='par_1_2' title="bbox 76 308 1239 427">
     <span class='ocr_line' id='line_1_3' title="bbox 76 308 1239 427; baseline 0.004 -30"><span class='ocrx_word' id='word_1_10' title='bbox 76 308 151 398; x_wconf 87' lang='lat' dir='ltr'><strong>deo:</strong></span> <span class='ocrx_word' id='word_1_11' title='bbox 168 339 221 427; x_wconf 78' lang='lat' dir='ltr'><strong>sed</strong></span> <span class='ocrx_word' id='word_1_12' title='bbox 239 341 424 403; x_wconf 86' lang='lat' dir='ltr'><strong>conductus</strong></span> <span class='ocrx_word' id='word_1_13' title='bbox 430 338 460 400; x_wconf 82' lang='lat' dir='ltr'><strong>es</strong></span> <span class='ocrx_word' id='word_1_14' title='bbox 479 339 516 398; x_wconf 86' lang='lat' dir='ltr'><strong>ad</strong></span> <span class='ocrx_word' id='word_1_15' title='bbox 533 339 756 402; x_wconf 82' lang='lat' dir='ltr'><strong>intervertenda</strong></span> <span class='ocrx_word' id='word_1_16' title='bbox 783 341 893 402; x_wconf 86' lang='lat' dir='ltr'><strong>horum</strong></span> <span class='ocrx_word' id='word_1_17' title='bbox 917 345 1083 403; x_wconf 81' lang='lat' dir='ltr'><strong>commoda</strong></span> <span class='ocrx_word' id='word_1_18' title='bbox 1117 308 1239 403; x_wconf 70' lang='grc'>81111-</span> 
     </span>
    </p>

    <p class='ocr_par' dir='ltr' id='par_1_3' title="bbox 74 413 1239 509">
     <span class='ocr_line' id='line_1_4' title="bbox 74 413 1239 509; baseline 0.003 -26"><span class='ocrx_word' id='word_1_19' title='bbox 74 443 156 496; x_wconf 82' lang='lat' dir='ltr'><strong>men,</strong></span> <span class='ocrx_word' id='word_1_20' title='bbox 173 445 240 487; x_wconf 86' lang='lat' dir='ltr'><strong>cum</strong></span> <span class='ocrx_word' id='word_1_21' title='bbox 256 436 310 487; x_wconf 85' lang='lat' dir='ltr'><strong>tua</strong></span> <span class='ocrx_word' id='word_1_22' title='bbox 328 426 462 506; x_wconf 82' lang='lat' dir='ltr'><strong>proditio</strong></span> <span class='ocrx_word' id='word_1_23' title='bbox 477 425 556 484; x_wconf 84' lang='lat' dir='ltr'><strong>adeo</strong></span> <span class='ocrx_word' id='word_1_24' title='bbox 574 413 733 486; x_wconf 81' lang='lat' dir='ltr'><strong>manifeste</strong></span> <span class='ocrx_word' id='word_1_25' title='bbox 748 425 785 486; x_wconf 87' lang='lat' dir='ltr'><strong>ab</strong></span> <span class='ocrx_word' id='word_1_26' title='bbox 799 425 844 486; x_wconf 91' lang='lat' dir='ltr'><strong>his</strong></span> <span class='ocrx_word' id='word_1_27' title='bbox 859 428 1045 508; x_wconf 88' lang='lat' dir='ltr'><strong>deprehensa</strong></span> <span class='ocrx_word' id='word_1_28' title='bbox 1063 429 1112 501; x_wconf 88' lang='lat' dir='ltr'><strong>sit,</strong></span> <span class='ocrx_word' id='word_1_29' title='bbox 1132 427 1239 509; x_wconf 89' lang='lat' dir='ltr'><strong>etipse</strong></span> 
     </span>
    </p>

    <p class='ocr_par' dir='ltr' id='par_1_4' title="bbox 51 508 1275 611">
     <span class='ocr_line' id='line_1_5' title="bbox 51 508 1275 611; baseline 0.003 -42"><span class='ocrx_word' id='word_1_30' title='bbox 51 558 56 563; x_wconf 95' lang='lat'>.</span> <span class='ocrx_word' id='word_1_31' title='bbox 77 508 116 569; x_wconf 87' lang='lat' dir='ltr'><strong>de</strong></span> <span class='ocrx_word' id='word_1_32' title='bbox 132 520 181 581; x_wconf 86' lang='lat' dir='ltr'><strong>te,</strong></span> <span class='ocrx_word' id='word_1_33' title='bbox 205 521 276 590; x_wconf 91' lang='lat' dir='ltr'><strong>post</strong></span> <span class='ocrx_word' id='word_1_34' title='bbox 292 522 413 592; x_wconf 80' lang='lat' dir='ltr'><strong>pugnae</strong></span> <span class='ocrx_word' id='word_1_35' title='bbox 432 522 587 611; x_wconf 30' lang='lat' dir='ltr'><strong>eventuum,</strong></span> <span class='ocrx_word' id='word_1_36' title='bbox 607 511 752 570; x_wconf 91' lang='lat' dir='ltr'><strong>indicium</strong></span> <span class='ocrx_word' id='word_1_37' title='bbox 769 510 896 580; x_wconf 82' lang='lat' dir='ltr'><strong>seceris:</strong></span> <span class='ocrx_word' id='word_1_38' title='bbox 920 515 995 573; x_wconf 91' lang='lat' dir='ltr'><strong>mibi</strong></span> <span class='ocrx_word' id='word_1_39' title='bbox 1013 512 1188 574; x_wconf 86' lang='lat' dir='ltr'><strong>conviciaris</strong></span> <span class='ocrx_word' id='word_1_40' title='bbox 1206 525 1275 572; x_wconf 82' lang='lat' dir='ltr'><strong>et</strong></span> 
     </span>
    </p>

    <p class='ocr_par' dir='ltr' id='par_1_5' title="bbox 84 592 1235 934">
     <span class='ocr_line' id='line_1_6' title="bbox 84 592 1235 677; baseline 0.003 -23"><span class='ocrx_word' id='word_1_41' title='bbox 84 592 184 654; x_wconf 82' lang='lat' dir='ltr'><strong>obiicis</strong></span> <span class='ocrx_word' id='word_1_42' title='bbox 203 614 254 667; x_wconf 91' lang='lat' dir='ltr'><strong>ea,</strong></span> <span class='ocrx_word' id='word_1_43' title='bbox 288 616 420 672; x_wconf 90' lang='lat' dir='ltr'><strong>quorum</strong></span> <span class='ocrx_word' id='word_1_44' title='bbox 439 597 561 674; x_wconf 83' lang='lat' dir='ltr'><strong>quosvis</strong></span> <span class='ocrx_word' id='word_1_45' title='bbox 579 595 698 677; x_wconf 87' lang='lat' dir='ltr'><strong>potius,</strong></span> <span class='ocrx_word' id='word_1_46' title='bbox 734 618 822 675; x_wconf 90' lang='lat' dir='ltr'><strong>quam</strong></span> <span class='ocrx_word' id='word_1_47' title='bbox 841 619 905 671; x_wconf 91' lang='lat' dir='ltr'><strong>me,</strong></span> <span class='ocrx_word' id='word_1_48' title='bbox 942 610 1079 659; x_wconf 82' lang='lat' dir='ltr'><strong>auctores</strong></span> <span class='ocrx_word' id='word_1_49' title='bbox 1099 619 1164 658; x_wconf 89' lang='lat' dir='ltr'><strong>esse</strong></span> <span class='ocrx_word' id='word_1_50' title='bbox 1183 599 1235 657; x_wconf 90' lang='lat' dir='ltr'><strong>de-</strong></span> 
     </span>
     <span class='ocr_line' id='line_1_7' title="bbox 86 674 1263 777; baseline 0.001 -36"><span class='ocrx_word' id='word_1_51' title='bbox 86 678 256 777; x_wconf 45' lang='lat' dir='ltr'><strong>prebendes·</strong></span> <span class='ocrx_word' id='word_1_52' title='bbox 288 676 399 740; x_wconf 84' lang='lat' dir='ltr'><strong>Multas</strong></span> <span class='ocrx_word' id='word_1_53' title='bbox 418 693 452 753; x_wconf 84' lang='lat' dir='ltr'><strong>et,</strong></span> <span class='ocrx_word' id='word_1_54' title='bbox 467 681 636 760; x_wconf 84' lang='lat' dir='ltr'><strong>praeclaras</strong></span> <span class='ocrx_word' id='word_1_55' title='bbox 656 694 686 740; x_wconf 91' lang='lat' dir='ltr'><strong>et</strong></span> <span class='ocrx_word' id='word_1_56' title='bbox 711 702 832 764; x_wconf 83' lang='lat' dir='ltr'><strong>magnas</strong></span> <span class='ocrx_word' id='word_1_57' title='bbox 849 701 897 741; x_wconf 84' lang='lat' dir='ltr'><strong>res</strong></span> <span class='ocrx_word' id='word_1_58' title='bbox 918 696 949 762; x_wconf 82' lang='lat' dir='ltr'><strong>et</strong></span> <span class='ocrx_word' id='word_1_59' title='bbox 965 674 1109 764; x_wconf 82' lang='lat' dir='ltr'><strong>suscepit</strong></span> <span class='ocrx_word' id='word_1_60' title='bbox 1117 697 1147 744; x_wconf 91' lang='lat' dir='ltr'><strong>et</strong></span> <span class='ocrx_word' id='word_1_61' title='bbox 1163 703 1263 764; x_wconf 90' lang='lat' dir='ltr'><strong>pro-</strong></span> 
     </span>
     <span class='ocr_line' id='line_1_8' title="bbox 89 748 1235 853; baseline 0.003 -28"><span class='ocrx_word' id='word_1_62' title='bbox 89 785 164 848; x_wconf 79' lang='lat' dir='ltr'><strong>spere</strong></span> <span class='ocrx_word' id='word_1_63' title='bbox 180 762 287 853; x_wconf 80' lang='lat' dir='ltr'><strong>gessit,</strong></span> <span class='ocrx_word' id='word_1_64' title='bbox 312 748 480 838; x_wconf 78' lang='lat' dir='ltr'><strong>Aeschine,</strong></span> <span class='ocrx_word' id='word_1_65' title='bbox 504 766 675 847; x_wconf 77' lang='lat' dir='ltr'>respublica</span> <span class='ocrx_word' id='word_1_66' title='bbox 693 788 755 846; x_wconf 85' lang='lat' dir='ltr'><strong>per.</strong></span> <span class='ocrx_word' id='word_1_67' title='bbox 764 785 828 839; x_wconf 80' lang='lat' dir='ltr'><strong>me.</strong></span> <span class='ocrx_word' id='word_1_68' title='bbox 861 788 989 845; x_wconf 86' lang='lat' dir='ltr'><strong>quarum</strong></span> <span class='ocrx_word' id='word_1_69' title='bbox 1012 789 1074 828; x_wconf 89' lang='lat' dir='ltr'><strong>non</strong></span> <span class='ocrx_word' id='word_1_70' title='bbox 1103 769 1188 830; x_wconf 83' lang='lat' dir='ltr'><strong>luit</strong></span> <span class='ocrx_word' id='word_1_71' title='bbox 1178 791 1235 829; x_wconf 83' lang='lat' dir='ltr'><strong>rm</strong></span> 
     </span>
     <span class='ocr_line' id='line_1_9' title="bbox 89 842 1244 952; baseline 0.001 -40"><span class='ocrx_word' id='word_1_72' title='bbox 89 861 198 912; x_wconf 70' lang='lat' dir='ltr'><strong>memor.</strong></span> <span class='ocrx_word' id='word_1_73' title='bbox 223 842 331 908; x_wconf 89' lang='lat' dir='ltr'><strong>Cuius</strong></span> <span class='ocrx_word' id='word_1_74' title='bbox 344 849 390 907; x_wconf 91' lang='lat' dir='ltr'><strong>rei</strong></span> <span class='ocrx_word' id='word_1_75' title='bbox 407 849 525 934; x_wconf 83' lang='lat' dir='ltr'><strong>signum</strong></span> <span class='ocrx_word' id='word_1_76' title='bbox 544 851 621 910; x_wconf 84' lang='lat' dir='ltr'><strong>illud</strong></span> <span class='ocrx_word' id='word_1_77' title='bbox 640 863 703 924; x_wconf 87' lang='lat' dir='ltr'><strong>est,</strong></span> <span class='ocrx_word' id='word_1_78' title='bbox 722 851 972 952; x_wconf 71' lang='lat' dir='ltr'><strong>quod&#39;populus,</strong></span> <span class='ocrx_word' id='word_1_79' title='bbox 990 875 1058 912; x_wconf 91' lang='lat' dir='ltr'><strong>eum</strong></span> <span class='ocrx_word' id='word_1_80' title='bbox 1078 862 1165 927; x_wconf 85' lang='lat' dir='ltr'><strong>eum,</strong></span> <span class='ocrx_word' id='word_1_81' title='bbox 1183 855 1244 951; x_wconf 80' lang='lat' dir='ltr'><strong>qul</strong></span> 
     </span>
    </p>

    <p class='ocr_par' dir='ltr' id='par_1_6' title="bbox 65 924 1235 1104">
     <span class='ocr_line' id='line_1_10' title="bbox 65 924 1234 1024; baseline 0.007 -33"><span class='ocrx_word' id='word_1_82' title='bbox 65 935 242 1004; x_wconf 75' lang='lat' dir='ltr'><strong>‚orationem</strong></span> <span class='ocrx_word' id='word_1_83' title='bbox 267 934 426 1013; x_wconf 79' lang='lat' dir='ltr'>funebrem</span> <span class='ocrx_word' id='word_1_84' title='bbox 452 933 610 1008; x_wconf 87' lang='lat' dir='ltr'><strong>baberet,</strong></span> <span class='ocrx_word' id='word_1_85' title='bbox 607 936 701 995; x_wconf 88' lang='lat' dir='ltr'><strong>clade</strong></span> <span class='ocrx_word' id='word_1_86' title='bbox 724 937 841 996; x_wconf 88' lang='lat' dir='ltr'><strong>recenti</strong></span> <span class='ocrx_word' id='word_1_87' title='bbox 860 936 965 996; x_wconf 89' lang='lat' dir='ltr'><strong>adhue</strong></span> <span class='ocrx_word' id='word_1_88' title='bbox 983 924 1147 1024; x_wconf 79' lang='lat' dir='ltr'><strong>deligeret,</strong></span> <span class='ocrx_word' id='word_1_89' title='bbox 1172 959 1234 1016; x_wconf 86' lang='lat' dir='ltr'><strong>non</strong></span> 
     </span>
     <span class='ocr_line' id='line_1_11' title="bbox 93 1013 1235 1119; baseline 0.004 -41"><span class='ocrx_word' id='word_1_90' title='bbox 93 1035 132 1095; x_wconf 81' lang='lat' dir='ltr'><strong>te,</strong></span> <span class='ocrx_word' id='word_1_91' title='bbox 146 1013 327 1101; x_wconf 85' lang='lat' dir='ltr'><strong>quantumvis</strong></span> <span class='ocrx_word' id='word_1_92' title='bbox 345 1018 499 1092; x_wconf 82' lang='lat' dir='ltr'><strong>vocalem,</strong></span> <span class='ocrx_word' id='word_1_93' title='bbox 517 1021 647 1103; x_wconf 81' lang='lat' dir='ltr'><strong>delegit,</strong></span> <span class='ocrx_word' id='word_1_94' title='bbox 666 1021 800 1101; x_wconf 86' lang='lat' dir='ltr'><strong>quamvis</strong></span> <span class='ocrx_word' id='word_1_95' title='bbox 820 1043 899 1082; x_wconf 89' lang='lat' dir='ltr'><strong>esses</strong></span> <span class='ocrx_word' id='word_1_96' title='bbox 918 1020 1108 1104; x_wconf 89' lang='lat' dir='ltr'><strong>designatus:</strong></span> <span class='ocrx_word' id='word_1_97' title='bbox 1134 1043 1235 1119; x_wconf 81' lang='lat' dir='ltr'><strong>neque</strong></span> 
     </span>
    </p>

    <p class='ocr_par' dir='ltr' id='par_1_7' title="bbox 52 1100 1297 1613">
     <span class='ocr_line' id='line_1_12' title="bbox 52 1100 1297 1197; baseline -0.004 -26"><span class='ocrx_word' id='word_1_98' title='bbox 52 1110 57 1115; x_wconf 69' lang='grc'><strong>’</strong></span> <span class='ocrx_word' id='word_1_99' title='bbox 93 1105 244 1177; x_wconf 74' lang='lat' dir='ltr'><strong>Demaden,</strong></span> <span class='ocrx_word' id='word_1_100' title='bbox 264 1125 334 1197; x_wconf 86' lang='lat' dir='ltr'><strong>qur</strong></span> <span class='ocrx_word' id='word_1_101' title='bbox 308 1102 428 1164; x_wconf 91' lang='lat' dir='ltr'><strong>modo</strong></span> <span class='ocrx_word' id='word_1_102' title='bbox 446 1125 550 1184; x_wconf 85' lang='lat' dir='ltr'>pacem</span> <span class='ocrx_word' id='word_1_103' title='bbox 568 1105 754 1186; x_wconf 87' lang='lat' dir='ltr'><strong>impetrarat·</strong></span> <span class='ocrx_word' id='word_1_104' title='bbox 773 1127 878 1187; x_wconf 76' lang='lat' dir='ltr'><strong>neque</strong></span> <span class='ocrx_word' id='word_1_105' title='bbox 891 1107 1118 1190; x_wconf 83' lang='lat' dir='ltr'><strong>Hegemonem,</strong></span> <span class='ocrx_word' id='word_1_106' title='bbox 1134 1111 1238 1193; x_wconf 80' lang='lat' dir='ltr'><strong>neque</strong></span> <span class='ocrx_word' id='word_1_107' title='bbox 1295 1100 1297 1109; x_wconf 19' lang='grc' dir='ltr'><strong>Δ</strong></span> 
     </span>
     <span class='ocr_line' id='line_1_13' title="bbox 96 1176 1275 1291; baseline -0.004 -36"><span class='ocrx_word' id='word_1_108' title='bbox 96 1192 179 1255; x_wconf 88' lang='lat' dir='ltr'><strong>aliun</strong></span> <span class='ocrx_word' id='word_1_109' title='bbox 179 1182 312 1249; x_wconf 67' lang='lat' dir='ltr'><strong>uestrum</strong></span> <span class='ocrx_word' id='word_1_110' title='bbox 321 1176 527 1268; x_wconf 80' lang='lat' dir='ltr'><strong>quemquam.</strong></span> <span class='ocrx_word' id='word_1_111' title='bbox 546 1191 599 1250; x_wconf 90' lang='lat' dir='ltr'><strong>sed</strong></span> <span class='ocrx_word' id='word_1_112' title='bbox 617 1211 672 1250; x_wconf 92' lang='lat' dir='ltr'><strong>me.</strong></span> <span class='ocrx_word' id='word_1_113' title='bbox 691 1187 830 1270; x_wconf 82' lang='lat' dir='ltr'><strong>Cumque</strong></span> <span class='ocrx_word' id='word_1_114' title='bbox 847 1205 881 1252; x_wconf 92' lang='lat' dir='ltr'><strong>tu</strong></span> <span class='ocrx_word' id='word_1_115' title='bbox 899 1193 1051 1272; x_wconf 85' lang='lat' dir='ltr'><strong>prodisses</strong></span> <span class='ocrx_word' id='word_1_116' title='bbox 1070 1205 1101 1252; x_wconf 91' lang='lat' dir='ltr'><strong>et</strong></span> <span class='ocrx_word' id='word_1_117' title='bbox 1118 1184 1275 1291; x_wconf 74' lang='lat' dir='ltr'><strong>Pythq-</strong></span> 
     </span>
     <span class='ocr_line' id='line_1_14' title="bbox 97 1268 1234 1376; baseline -0.004 -35"><span class='ocrx_word' id='word_1_118' title='bbox 97 1279 147 1342; x_wconf 86' lang='lat' dir='ltr'><strong>cles</strong></span> <span class='ocrx_word' id='word_1_119' title='bbox 168 1273 302 1335; x_wconf 78' lang='lat' dir='ltr'><strong>ferociter</strong></span> <span class='ocrx_word' id='word_1_120' title='bbox 328 1286 358 1333; x_wconf 81' lang='lat' dir='ltr'><strong>et</strong></span> <span class='ocrx_word' id='word_1_121' title='bbox 382 1268 602 1375; x_wconf 68' lang='lat' dir='ltr'><strong>impudenter,</strong></span> <span class='ocrx_word' id='word_1_122' title='bbox 620 1297 638 1333; x_wconf 93' lang='lat' dir='ltr'><strong>o</strong></span> <span class='ocrx_word' id='word_1_123' title='bbox 658 1277 793 1376; x_wconf 72' lang='lat' dir='ltr'><strong>Iupiter</strong></span> <span class='ocrx_word' id='word_1_124' title='bbox 792 1290 823 1336; x_wconf 87' lang='lat' dir='ltr'><strong>et</strong></span> <span class='ocrx_word' id='word_1_125' title='bbox 848 1277 920 1376; x_wconf 86' lang='lat' dir='ltr'><strong>dii,</strong></span> <span class='ocrx_word' id='word_1_126' title='bbox 934 1290 965 1337; x_wconf 91' lang='lat' dir='ltr'><strong>et</strong></span> <span class='ocrx_word' id='word_1_127' title='bbox 982 1299 1030 1336; x_wconf 89' lang='lat' dir='ltr'><strong>me</strong></span> <span class='ocrx_word' id='word_1_128' title='bbox 1056 1277 1234 1342; x_wconf 82' lang='lat' dir='ltr'><strong>accusaretis</strong></span> 
     </span>
     <span class='ocr_line' id='line_1_15' title="bbox 101 1350 1233 1463; baseline 0 -42"><span class='ocrx_word' id='word_1_129' title='bbox 101 1384 192 1463; x_wconf 75' lang='lat' dir='ltr'><strong>spruu,</strong></span> <span class='ocrx_word' id='word_1_130' title='bbox 206 1380 281 1438; x_wconf 90' lang='lat' dir='ltr'><strong>quae</strong></span> <span class='ocrx_word' id='word_1_131' title='bbox 301 1371 332 1418; x_wconf 89' lang='lat' dir='ltr'><strong>et</strong></span> <span class='ocrx_word' id='word_1_132' title='bbox 348 1370 383 1419; x_wconf 86' lang='lat' dir='ltr'><strong>tu</strong></span> <span class='ocrx_word' id='word_1_133' title='bbox 401 1381 482 1418; x_wconf 90' lang='lat' dir='ltr'><strong>nuuc</strong></span> <span class='ocrx_word' id='word_1_134' title='bbox 500 1358 617 1433; x_wconf 88' lang='lat' dir='ltr'><strong>obiieis,</strong></span> <span class='ocrx_word' id='word_1_135' title='bbox 636 1373 667 1435; x_wconf 90' lang='lat' dir='ltr'><strong>et</strong></span> <span class='ocrx_word' id='word_1_136' title='bbox 678 1360 937 1422; x_wconf 83' lang='lat' dir='ltr'><strong>conviciaremini:</strong></span> <span class='ocrx_word' id='word_1_137' title='bbox 954 1350 1053 1421; x_wconf 84' lang='lat' dir='ltr'><strong>multo</strong></span> <span class='ocrx_word' id='word_1_138' title='bbox 1069 1363 1158 1423; x_wconf 86' lang='lat' dir='ltr'><strong>etiam</strong></span> <span class='ocrx_word' id='word_1_139' title='bbox 1171 1382 1233 1442; x_wconf 78' lang='lat' dir='ltr'><strong>ma-</strong></span> 
     </span>
     <span class='ocr_line' id='line_1_16' title="bbox 102 1433 1273 1535; baseline -0.003 -26"><span class='ocrx_word' id='word_1_140' title='bbox 102 1450 140 1535; x_wconf 85' lang='lat' dir='ltr'><strong>gis</strong></span> <span class='ocrx_word' id='word_1_141' title='bbox 152 1466 188 1517; x_wconf 76' lang='lat' dir='ltr'><strong>ne</strong></span> <span class='ocrx_word' id='word_1_142' title='bbox 202 1443 321 1525; x_wconf 83' lang='lat' dir='ltr'><strong>delegit.</strong></span> <span class='ocrx_word' id='word_1_143' title='bbox 339 1439 476 1516; x_wconf 87' lang='lat' dir='ltr'><strong>Causam,</strong></span> <span class='ocrx_word' id='word_1_144' title='bbox 495 1445 550 1504; x_wconf 85' lang='lat' dir='ltr'><strong>etsi</strong></span> <span class='ocrx_word' id='word_1_145' title='bbox 568 1465 625 1516; x_wconf 87' lang='lat' dir='ltr'><strong>nee</strong></span> <span class='ocrx_word' id='word_1_146' title='bbox 643 1445 707 1526; x_wconf 88' lang='lat' dir='ltr'><strong>ipse</strong></span> <span class='ocrx_word' id='word_1_147' title='bbox 726 1447 858 1529; x_wconf 88' lang='lat' dir='ltr'><strong>ignoras,</strong></span> <span class='ocrx_word' id='word_1_148' title='bbox 871 1459 986 1506; x_wconf 85' lang='lat' dir='ltr'><strong>tamen</strong></span> <span class='ocrx_word' id='word_1_149' title='bbox 991 1459 1022 1506; x_wconf 87' lang='lat' dir='ltr'><strong>et</strong></span> <span class='ocrx_word' id='word_1_150' title='bbox 1037 1468 1093 1528; x_wconf 89' lang='lat' dir='ltr'><strong>ego</strong></span> <span class='ocrx_word' id='word_1_151' title='bbox 1111 1447 1169 1507; x_wconf 88' lang='lat' dir='ltr'><strong>tibi</strong></span> <span class='ocrx_word' id='word_1_152' title='bbox 1188 1433 1233 1506; x_wconf 88' lang='lat' dir='ltr'><strong>di-</strong></span> <span class='ocrx_word' id='word_1_153' title='bbox 1269 1486 1273 1491; x_wconf 90' lang='lat'><em>-</em></span> 
     </span>
     <span class='ocr_line' id='line_1_17' title="bbox 100 1519 1296 1628; baseline -0.001 -35.988"><span class='ocrx_word' id='word_1_154' title='bbox 100 1556 155 1598; x_wconf 81' lang='grc' dir='ltr'>ι.ιιι</span> <span class='ocrx_word' id='word_1_155' title='bbox 175 1531 301 1628; x_wconf 84' lang='lat' dir='ltr'><strong>Utraque</strong></span> <span class='ocrx_word' id='word_1_156' title='bbox 320 1542 431 1588; x_wconf 80' lang='lat' dir='ltr'><strong>norant</strong></span> <span class='ocrx_word' id='word_1_157' title='bbox 448 1528 493 1604; x_wconf 90' lang='lat' dir='ltr'><strong>hi,</strong></span> <span class='ocrx_word' id='word_1_158' title='bbox 509 1541 539 1588; x_wconf 89' lang='lat' dir='ltr'><strong>et</strong></span> <span class='ocrx_word' id='word_1_159' title='bbox 556 1552 653 1589; x_wconf 87' lang='lat' dir='ltr'><strong>meam</strong></span> <span class='ocrx_word' id='word_1_160' title='bbox 672 1532 914 1593; x_wconf 78' lang='lat' dir='ltr'><strong>benevolentiam</strong></span> <span class='ocrx_word' id='word_1_161' title='bbox 932 1545 1022 1613; x_wconf 89' lang='lat' dir='ltr'><strong>atque</strong></span> <span class='ocrx_word' id='word_1_162' title='bbox 1040 1519 1233 1605; x_wconf 74' lang='lat' dir='ltr'><strong>alacritatem,</strong></span> <span class='ocrx_word' id='word_1_163' title='bbox 1291 1548 1296 1553; x_wconf 87' lang='lat'>&#39;</span> 
     </span>
    </p>

    <p class='ocr_par' dir='ltr' id='par_1_8' title="bbox 42 1613 1285 1701">
     <span class='ocr_line' id='line_1_18' title="bbox 42 1613 1285 1701; baseline 0.001 -26"><span class='ocrx_word' id='word_1_164' title='bbox 42 1672 49 1685; x_wconf 81' lang='grc'>,</span> <span class='ocrx_word' id='word_1_165' title='bbox 101 1640 146 1701; x_wconf 80' lang='lat' dir='ltr'><strong>qua</strong></span> <span class='ocrx_word' id='word_1_166' title='bbox 158 1613 267 1696; x_wconf 76' lang='lat' dir='ltr'><strong>negotia</strong></span> <span class='ocrx_word' id='word_1_167' title='bbox 285 1613 461 1696; x_wconf 81' lang='lat' dir='ltr'><strong>gerebam,</strong></span> <span class='ocrx_word' id='word_1_168' title='bbox 473 1626 503 1673; x_wconf 90' lang='lat' dir='ltr'><strong>et</strong></span> <span class='ocrx_word' id='word_1_169' title='bbox 520 1628 617 1674; x_wconf 85' lang='lat' dir='ltr'><strong>vestra</strong></span> <span class='ocrx_word' id='word_1_170' title='bbox 639 1617 760 1677; x_wconf 83' lang='lat' dir='ltr'><strong>scelera.</strong></span> <span class='ocrx_word' id='word_1_171' title='bbox 796 1618 882 1697; x_wconf 78' lang='lat' dir='ltr'><strong>Quae</strong></span> <span class='ocrx_word' id='word_1_172' title='bbox 901 1617 1008 1692; x_wconf 90' lang='lat' dir='ltr'><strong>enim,</strong></span> <span class='ocrx_word' id='word_1_173' title='bbox 1027 1616 1108 1676; x_wconf 82' lang='lat' dir='ltr'><strong>felici</strong></span> <span class='ocrx_word' id='word_1_174' title='bbox 1131 1619 1285 1697; x_wconf 47' lang='lat' dir='ltr'><strong>rerum‘J</strong></span> 
     </span>
    </p>

    <p class='ocr_par' dir='ltr' id='par_1_9' title="bbox 51 1699 1232 1784">
     <span class='ocr_line' id='line_1_19' title="bbox 51 1699 1232 1784; baseline -0.003 -19"><span class='ocrx_word' id='word_1_175' title='bbox 51 1726 75 1735; x_wconf 90' lang='lat'><strong>··</strong></span> <span class='ocrx_word' id='word_1_176' title='bbox 99 1715 173 1774; x_wconf 81' lang='lat' dir='ltr'><strong>stata,</strong></span> <span class='ocrx_word' id='word_1_177' title='bbox 187 1699 377 1759; x_wconf 89' lang='lat' dir='ltr'><strong>iureiurando</strong></span> <span class='ocrx_word' id='word_1_178' title='bbox 397 1699 562 1781; x_wconf 70' lang='lat' dir='ltr'><strong>negabatis,</strong></span> <span class='ocrx_word' id='word_1_179' title='bbox 581 1721 625 1773; x_wconf 89' lang='lat' dir='ltr'><strong>ea,</strong></span> <span class='ocrx_word' id='word_1_180' title='bbox 641 1714 677 1763; x_wconf 85' lang='lat' dir='ltr'><strong>ut</strong></span> <span class='ocrx_word' id='word_1_181' title='bbox 694 1702 815 1761; x_wconf 85' lang='lat' dir='ltr'><strong>cladem</strong></span> <span class='ocrx_word' id='word_1_182' title='bbox 827 1702 944 1784; x_wconf 87' lang='lat' dir='ltr'><strong>accepit</strong></span> <span class='ocrx_word' id='word_1_183' title='bbox 959 1701 1138 1784; x_wconf 84' lang='lat' dir='ltr'><strong>respublica,</strong></span> <span class='ocrx_word' id='word_1_184' title='bbox 1158 1724 1232 1762; x_wconf 91' lang='lat' dir='ltr'><strong>eon-</strong></span> 
     </span>
    </p>

    <p class='ocr_par' dir='ltr' id='par_1_10' title="bbox 48 1782 1291 2035">
     <span class='ocr_line' id='line_1_20' title="bbox 48 1782 1232 1882; baseline -0.003 -32"><span class='ocrx_word' id='word_1_185' title='bbox 48 1794 52 1799; x_wconf 83' lang='lat'>&#39;</span> <span class='ocrx_word' id='word_1_186' title='bbox 98 1785 153 1850; x_wconf 88' lang='lat' dir='ltr'><strong>lessi</strong></span> <span class='ocrx_word' id='word_1_187' title='bbox 168 1783 237 1845; x_wconf 87' lang='lat' dir='ltr'><strong>estis.</strong></span> <span class='ocrx_word' id='word_1_188' title='bbox 277 1784 368 1844; x_wconf 89' lang='lat' dir='ltr'><strong>Eos</strong></span> <span class='ocrx_word' id='word_1_189' title='bbox 358 1782 467 1866; x_wconf 79' lang='lat' dir='ltr'><strong>agitur,</strong></span> <span class='ocrx_word' id='word_1_190' title='bbox 486 1785 589 1882; x_wconf 88' lang='lat' dir='ltr'><strong>quiin</strong></span> <span class='ocrx_word' id='word_1_191' title='bbox 608 1786 819 1846; x_wconf 85' lang='lat' dir='ltr'><strong>communibus</strong></span> <span class='ocrx_word' id='word_1_192' title='bbox 833 1788 1054 1862; x_wconf 74' lang='lat' dir='ltr'><strong>calamitatibus</strong></span> <span class='ocrx_word' id='word_1_193' title='bbox 1074 1808 1144 1846; x_wconf 85' lang='lat' dir='ltr'><strong>suae</strong></span> <span class='ocrx_word' id='word_1_194' title='bbox 1163 1808 1232 1847; x_wconf 88' lang='lat' dir='ltr'><strong>sen-</strong></span> 
     </span>
     <span class='ocr_line' id='line_1_21' title="bbox 98 1866 1231 1949; baseline 0 -18"><span class='ocrx_word' id='word_1_195' title='bbox 98 1871 186 1936; x_wconf 76' lang='lat' dir='ltr'><strong>tentiae</strong></span> <span class='ocrx_word' id='word_1_196' title='bbox 201 1868 409 1949; x_wconf 82' lang='lat' dir='ltr'><strong>impunitatem</strong></span> <span class='ocrx_word' id='word_1_197' title='bbox 428 1870 520 1928; x_wconf 90' lang='lat' dir='ltr'><strong>nacti</strong></span> <span class='ocrx_word' id='word_1_198' title='bbox 517 1883 618 1942; x_wconf 89' lang='lat' dir='ltr'><strong>erant,</strong></span> <span class='ocrx_word' id='word_1_199' title='bbox 635 1866 782 1930; x_wconf 86' lang='lat' dir='ltr'><strong>arbitrati</strong></span> <span class='ocrx_word' id='word_1_200' title='bbox 784 1884 865 1944; x_wconf 77' lang='lat' dir='ltr'><strong>sunt,</strong></span> <span class='ocrx_word' id='word_1_201' title='bbox 884 1871 989 1931; x_wconf 89' lang='lat' dir='ltr'><strong>hostes</strong></span> <span class='ocrx_word' id='word_1_202' title='bbox 1005 1885 1036 1932; x_wconf 87' lang='lat' dir='ltr'><strong>et</strong></span> <span class='ocrx_word' id='word_1_203' title='bbox 1051 1871 1123 1931; x_wconf 88' lang='lat' dir='ltr'><strong>olim</strong></span> <span class='ocrx_word' id='word_1_204' title='bbox 1138 1872 1231 1931; x_wconf 80' lang='lat' dir='ltr'><strong>luisse</strong></span> 
     </span>
     <span class='ocr_line' id='line_1_22' title="bbox 99 1953 1291 2055; baseline -0.008 -35"><span class='ocrx_word' id='word_1_205' title='bbox 99 1970 186 2020; x_wconf 85' lang='lat' dir='ltr'><strong>ettum</strong></span> <span class='ocrx_word' id='word_1_206' title='bbox 200 1953 337 2034; x_wconf 77' lang='lat' dir='ltr'><strong>patuisse.</strong></span> <span class='ocrx_word' id='word_1_207' title='bbox 379 1953 499 2012; x_wconf 83' lang='lat' dir='ltr'><strong>Deinde</strong></span> <span class='ocrx_word' id='word_1_208' title='bbox 519 1953 788 2019; x_wconf 72' lang='lat' dir='ltr'><strong>conveniraetiam</strong></span> <span class='ocrx_word' id='word_1_209' title='bbox 806 1969 966 2055; x_wconf 87' lang='lat' dir='ltr'><strong>putarunt,</strong></span> <span class='ocrx_word' id='word_1_210' title='bbox 984 1968 1020 2017; x_wconf 91' lang='lat' dir='ltr'><strong>ut</strong></span> <span class='ocrx_word' id='word_1_211' title='bbox 1034 1957 1078 2028; x_wconf 91' lang='lat' dir='ltr'><strong>is,</strong></span> <span class='ocrx_word' id='word_1_212' title='bbox 1097 1955 1148 2035; x_wconf 92' lang='lat' dir='ltr'><strong>qui</strong></span> <span class='ocrx_word' id='word_1_213' title='bbox 1166 1969 1231 2014; x_wconf 88' lang='lat' dir='ltr'><strong>tum</strong></span> <span class='ocrx_word' id='word_1_214' title='bbox 1288 2003 1291 2010; x_wconf 87' lang='lat'>.</span> 
     </span>
    </p>

    <p class='ocr_par' dir='ltr' id='par_1_11' title="bbox 41 2034 1243 2140">
     <span class='ocr_line' id='line_1_23' title="bbox 41 2034 1243 2140; baseline 0 -41"><span class='ocrx_word' id='word_1_215' title='bbox 41 2094 43 2099; x_wconf 91' lang='lat'><em>.</em></span> <span class='ocrx_word' id='word_1_216' title='bbox 99 2046 129 2106; x_wconf 77' lang='lat' dir='ltr'><strong>ds</strong></span> <span class='ocrx_word' id='word_1_217' title='bbox 141 2034 283 2101; x_wconf 71' lang='lat' dir='ltr'><strong>defunctis</strong></span> <span class='ocrx_word' id='word_1_218' title='bbox 293 2037 463 2103; x_wconf 89' lang='lat' dir='ltr'><strong>orationem</strong></span> <span class='ocrx_word' id='word_1_219' title='bbox 478 2038 609 2105; x_wconf 83' lang='lat' dir='ltr'><strong>baberet</strong></span> <span class='ocrx_word' id='word_1_220' title='bbox 622 2052 771 2100; x_wconf 88' lang='lat' dir='ltr'><strong>eteorum</strong></span> <span class='ocrx_word' id='word_1_221' title='bbox 788 2040 931 2101; x_wconf 85' lang='lat' dir='ltr'><strong>virtutem</strong></span> <span class='ocrx_word' id='word_1_222' title='bbox 950 2053 1081 2140; x_wconf 73' lang='lat' dir='ltr'><strong>ornaret,</strong></span> <span class='ocrx_word' id='word_1_223' title='bbox 1098 2062 1156 2099; x_wconf 90' lang='lat' dir='ltr'><strong>uec</strong></span> <span class='ocrx_word' id='word_1_224' title='bbox 1174 2041 1243 2111; x_wconf 83' lang='lat' dir='ltr'><strong>sub&#39;</strong></span> 
     </span>
    </p>

    <p class='ocr_par' dir='ltr' id='par_1_12' title="bbox 99 2118 1295 2204">
     <span class='ocr_line' id='line_1_24' title="bbox 99 2118 1295 2204; baseline -0.002 -18"><span class='ocrx_word' id='word_1_225' title='bbox 99 2127 182 2191; x_wconf 79' lang='lat' dir='ltr'><strong>eodem</strong></span> <span class='ocrx_word' id='word_1_226' title='bbox 196 2136 274 2184; x_wconf 87' lang='lat' dir='ltr'><strong>tecto</strong></span> <span class='ocrx_word' id='word_1_227' title='bbox 285 2123 418 2197; x_wconf 86' lang='lat' dir='ltr'><strong>fuisset,</strong></span> <span class='ocrx_word' id='word_1_228' title='bbox 442 2144 499 2183; x_wconf 88' lang='lat' dir='ltr'><strong>nee</strong></span> <span class='ocrx_word' id='word_1_229' title='bbox 518 2118 622 2184; x_wconf 84' lang='lat' dir='ltr'><strong>eadem</strong></span> <span class='ocrx_word' id='word_1_230' title='bbox 647 2147 732 2185; x_wconf 87' lang='lat' dir='ltr'><strong>sacra</strong></span> <span class='ocrx_word' id='word_1_231' title='bbox 746 2125 870 2197; x_wconf 83' lang='lat' dir='ltr'><strong>libasset</strong></span> <span class='ocrx_word' id='word_1_232' title='bbox 887 2148 956 2186; x_wconf 85' lang='lat' dir='ltr'><strong>cum</strong></span> <span class='ocrx_word' id='word_1_233' title='bbox 974 2125 1029 2199; x_wconf 88' lang='lat' dir='ltr'><strong>iis,</strong></span> <span class='ocrx_word' id='word_1_234' title='bbox 1056 2126 1108 2204; x_wconf 90' lang='lat' dir='ltr'><strong>qni</strong></span> <span class='ocrx_word' id='word_1_235' title='bbox 1127 2137 1231 2184; x_wconf 86' lang='lat' dir='ltr'><strong>eontra</strong></span> <span class='ocrx_word' id='word_1_236' title='bbox 1266 2126 1295 2183; x_wconf 55' lang='grc' dir='ltr'>ᾖ</span> 
     </span>
    </p>

    <p class='ocr_par' dir='ltr' id='par_1_13' title="bbox 69 2192 1252 2291">
     <span class='ocr_line' id='line_1_25' title="bbox 69 2192 1252 2291; baseline -0.002 -21.948"><span class='ocrx_word' id='word_1_237' title='bbox 69 2211 171 2274; x_wconf 85' lang='lat' dir='ltr'><strong>.illos&#39;</strong></span> <span class='ocrx_word' id='word_1_238' title='bbox 163 2232 191 2269; x_wconf 89' lang='grc' dir='ltr'><strong>ιι</strong></span> <span class='ocrx_word' id='word_1_239' title='bbox 206 2208 266 2269; x_wconf 88' lang='lat' dir='ltr'><strong>acie</strong></span> <span class='ocrx_word' id='word_1_240' title='bbox 282 2209 455 2274; x_wconf 80' lang='lat' dir='ltr'><strong>stetissent:</strong></span> <span class='ocrx_word' id='word_1_241' title='bbox 473 2231 573 2291; x_wconf 82' lang='lat' dir='ltr'><strong>neque</strong></span> <span class='ocrx_word' id='word_1_242' title='bbox 593 2231 656 2283; x_wconf 90' lang='lat' dir='ltr'><strong>eos,</strong></span> <span class='ocrx_word' id='word_1_243' title='bbox 675 2231 727 2289; x_wconf 78' lang='lat' dir='ltr'><strong>qut</strong></span> <span class='ocrx_word' id='word_1_244' title='bbox 718 2192 806 2269; x_wconf 88' lang='lat' dir='ltr'><strong>illic</strong></span> <span class='ocrx_word' id='word_1_245' title='bbox 817 2224 1066 2275; x_wconf 82' lang='lat' dir='ltr'><strong>conressarentur</strong></span> <span class='ocrx_word' id='word_1_246' title='bbox 1077 2223 1107 2268; x_wconf 92' lang='lat' dir='ltr'><strong>et</strong></span> <span class='ocrx_word' id='word_1_247' title='bbox 1123 2207 1230 2268; x_wconf 80' lang='lat' dir='ltr'><strong>triu&#39;m</strong></span> <span class='ocrx_word' id='word_1_248' title='bbox 1243 2224 1252 2262; x_wconf 65' lang='grc' dir='ltr'>ἰ</span> 
     </span>
    </p>

    <p class='ocr_par' dir='ltr' id='par_1_14' title="bbox 41 2293 1230 2405">
     <span class='ocr_line' id='line_1_26' title="bbox 41 2293 1230 2405; baseline -0.004 -47.799"><span class='ocrx_word' id='word_1_249' title='bbox 41 2298 200 2405; x_wconf 81' lang='lat' dir='ltr'><strong>pluent</strong></span> <span class='ocrx_word' id='word_1_250' title='bbox 214 2296 249 2354; x_wconf 92' lang='lat' dir='ltr'><strong>de</strong></span> <span class='ocrx_word' id='word_1_251' title='bbox 268 2293 457 2353; x_wconf 82' lang='lat' dir='ltr'><strong>Graecorum</strong></span> <span class='ocrx_word' id='word_1_252' title='bbox 476 2294 692 2356; x_wconf 85' lang='lat' dir='ltr'><strong>calamitatibus</strong></span> <span class='ocrx_word' id='word_1_253' title='bbox 711 2295 845 2367; x_wconf 77' lang='lat' dir='ltr'><strong>cumiis,</strong></span> <span class='ocrx_word' id='word_1_254' title='bbox 862 2318 1026 2378; x_wconf 80' lang='lat' dir='ltr'><strong>qu1,1psr</strong></span> <span class='ocrx_word' id='word_1_255' title='bbox 1010 2295 1073 2354; x_wconf 91' lang='lat' dir='ltr'><strong>suis</strong></span> <span class='ocrx_word' id='word_1_256' title='bbox 1091 2295 1230 2353; x_wconf 84' lang='lat' dir='ltr'><strong>manibus</strong></span> 
     </span>
    </p>

    <p class='ocr_par' dir='ltr' id='par_1_15' title="bbox 41 2374 1293 2480">
     <span class='ocr_line' id='line_1_27' title="bbox 41 2374 1293 2480; baseline -0.004 -35.766"><span class='ocrx_word' id='word_1_257' title='bbox 41 2376 363 2451; x_wconf 81' lang='lat' dir='ltr'><strong>caedemlecissent,</strong></span> <span class='ocrx_word' id='word_1_258' title='bbox 382 2379 441 2437; x_wconf 93' lang='lat' dir='ltr'><strong>huc</strong></span> <span class='ocrx_word' id='word_1_259' title='bbox 458 2400 594 2440; x_wconf 89' lang='lat' dir='ltr'><strong>reversos</strong></span> <span class='ocrx_word' id='word_1_260' title='bbox 614 2401 680 2441; x_wconf 92' lang='lat' dir='ltr'><strong>esse</strong></span> <span class='ocrx_word' id='word_1_261' title='bbox 698 2374 911 2442; x_wconf 84' lang='lat' dir='ltr'><strong>honorandos·</strong></span> <span class='ocrx_word' id='word_1_262' title='bbox 905 2402 1029 2480; x_wconf 62' lang='lat' dir='ltr'><strong>neque</strong></span> <span class='ocrx_word' id='word_1_263' title='bbox 1048 2374 1124 2439; x_wconf 82' lang='lat' dir='ltr'><strong>ab”</strong></span> <span class='ocrx_word' id='word_1_264' title='bbox 1104 2402 1140 2438; x_wconf 86' lang='lat' dir='ltr'><strong>ns</strong></span> <span class='ocrx_word' id='word_1_265' title='bbox 1158 2380 1230 2440; x_wconf 91' lang='lat' dir='ltr'><strong>illo</strong></span> <span class='ocrx_word' id='word_1_266' title='bbox 1253 2405 1293 2458; x_wconf 84' lang='lat'><strong>20</strong></span> 
     </span>
    </p>

    <p class='ocr_par' dir='ltr' id='par_1_16' title="bbox 96 2463 1228 2553">
     <span class='ocr_line' id='line_1_28' title="bbox 96 2463 1228 2553; baseline -0.001 -27"><span class='ocrx_word' id='word_1_267' title='bbox 96 2490 155 2551; x_wconf 83' lang='lat' dir='ltr'><strong>run</strong></span> <span class='ocrx_word' id='word_1_268' title='bbox 162 2467 302 2525; x_wconf 87' lang='lat' dir='ltr'><strong>lortuuam</strong></span> <span class='ocrx_word' id='word_1_269' title='bbox 320 2463 459 2524; x_wconf 88' lang='lat' dir='ltr'><strong>simulata</strong></span> <span class='ocrx_word' id='word_1_270' title='bbox 477 2486 551 2525; x_wconf 87' lang='lat' dir='ltr'><strong>uoce</strong></span> <span class='ocrx_word' id='word_1_271' title='bbox 570 2466 801 2546; x_wconf 85' lang='lat' dir='ltr'><strong>deplorandam,</strong></span> <span class='ocrx_word' id='word_1_272' title='bbox 820 2467 873 2526; x_wconf 87' lang='lat' dir='ltr'><strong>sed</strong></span> <span class='ocrx_word' id='word_1_273' title='bbox 891 2465 967 2526; x_wconf 84' lang='lat' dir='ltr'><strong>ab&#39;&#39;</strong></span> <span class='ocrx_word' id='word_1_274' title='bbox 946 2488 993 2553; x_wconf 88' lang='lat' dir='ltr'><strong>us,</strong></span> <span class='ocrx_word' id='word_1_275' title='bbox 1012 2465 1064 2544; x_wconf 88' lang='lat' dir='ltr'><strong>qui</strong></span> <span class='ocrx_word' id='word_1_276' title='bbox 1083 2465 1228 2525; x_wconf 83' lang='lat' dir='ltr'><strong>exanimo</strong></span> 
     </span>
    </p>

    <p class='ocr_par' dir='ltr' id='par_1_17' title="bbox 100 2536 1230 2629">
     <span class='ocr_line' id='line_1_29' title="bbox 100 2536 1230 2629; baseline -0.002 -17"><span class='ocrx_word' id='word_1_277' title='bbox 100 2553 173 2612; x_wconf 85' lang='lat' dir='ltr'><strong>ricem</strong></span> <span class='ocrx_word' id='word_1_278' title='bbox 186 2549 301 2608; x_wconf 89' lang='lat' dir='ltr'><strong>illorum</strong></span> <span class='ocrx_word' id='word_1_279' title='bbox 321 2548 468 2607; x_wconf 81' lang='lat' dir='ltr'><strong>dolerent</strong></span> <span class='ocrx_word' id='word_1_280' title='bbox 503 2551 536 2608; x_wconf 95' lang='lat' dir='ltr'><strong>ld</strong></span> <span class='ocrx_word' id='word_1_281' title='bbox 556 2551 666 2629; x_wconf 92' lang='lat' dir='ltr'><strong>quod</strong></span> <span class='ocrx_word' id='word_1_282' title='bbox 657 2574 689 2609; x_wconf 91' lang='grc' dir='ltr'><strong>ιιι</strong></span> <span class='ocrx_word' id='word_1_283' title='bbox 707 2571 738 2610; x_wconf 91' lang='lat' dir='ltr'><strong>se</strong></span> <span class='ocrx_word' id='word_1_284' title='bbox 759 2572 823 2610; x_wconf 89' lang='lat' dir='ltr'><strong>esse</strong></span> <span class='ocrx_word' id='word_1_285' title='bbox 848 2536 992 2612; x_wconf 87' lang='lat' dir='ltr'><strong>videbant</strong></span> <span class='ocrx_word' id='word_1_286' title='bbox 1009 2562 1039 2610; x_wconf 88' lang='lat' dir='ltr'><strong>et</strong></span> <span class='ocrx_word' id='word_1_287' title='bbox 1057 2548 1094 2608; x_wconf 91' lang='lat' dir='ltr'><strong>in</strong></span> <span class='ocrx_word' id='word_1_288' title='bbox 1107 2569 1172 2611; x_wconf 86' lang='lat' dir='ltr'><strong>me:</strong></span> <span class='ocrx_word' id='word_1_289' title='bbox 1198 2551 1230 2610; x_wconf 87' lang='lat' dir='ltr'><strong>in</strong></span> 
     </span>
    </p>

    <p class='ocr_par' dir='ltr' id='par_1_18' title="bbox 41 2628 1292 2802">
     <span class='ocr_line' id='line_1_30' title="bbox 41 2628 1292 2718; baseline -0.003 -21"><span class='ocrx_word' id='word_1_290' title='bbox 41 2674 64 2697; x_wconf 82' lang='lat'><strong>=.</strong></span> <span class='ocrx_word' id='word_1_291' title='bbox 96 2636 234 2697; x_wconf 81' lang='lat' dir='ltr'><strong>robisuon</strong></span> <span class='ocrx_word' id='word_1_292' title='bbox 251 2633 332 2692; x_wconf 88' lang='lat' dir='ltr'><strong>item</strong></span> <span class='ocrx_word' id='word_1_293' title='bbox 375 2633 540 2714; x_wconf 82' lang='lat' dir='ltr'><strong>Propterea</strong></span> <span class='ocrx_word' id='word_1_294' title='bbox 559 2658 606 2695; x_wconf 93' lang='lat' dir='ltr'><strong>me</strong></span> <span class='ocrx_word' id='word_1_295' title='bbox 626 2636 818 2718; x_wconf 84' lang='lat' dir='ltr'><strong>delegerunt,</strong></span> <span class='ocrx_word' id='word_1_296' title='bbox 845 2657 909 2696; x_wconf 89' lang='lat' dir='ltr'><strong>non</strong></span> <span class='ocrx_word' id='word_1_297' title='bbox 926 2656 988 2695; x_wconf 84' lang='lat' dir='ltr'><strong>vos.</strong></span> <span class='ocrx_word' id='word_1_298' title='bbox 1030 2628 1139 2713; x_wconf 76' lang='lat' dir='ltr'><strong>Neque</strong></span> <span class='ocrx_word' id='word_1_299' title='bbox 1158 2655 1230 2694; x_wconf 88' lang='lat' dir='ltr'><strong>vero</strong></span> <span class='ocrx_word' id='word_1_300' title='bbox 1284 2695 1292 2703; x_wconf 61' lang='grc'>,</span> 
     </span>
     <span class='ocr_line' id='line_1_31' title="bbox 99 2708 1236 2802; baseline -0.003 -21"><span class='ocrx_word' id='word_1_301' title='bbox 99 2744 155 2782; x_wconf 85' lang='lat' dir='ltr'><strong>cun</strong></span> <span class='ocrx_word' id='word_1_302' title='bbox 159 2708 326 2802; x_wconf 88' lang='lat' dir='ltr'><strong>populus</strong></span> <span class='ocrx_word' id='word_1_303' title='bbox 301 2740 343 2777; x_wconf 78' lang='lat' dir='ltr'><strong>stc</strong></span> <span class='ocrx_word' id='word_1_304' title='bbox 363 2718 492 2800; x_wconf 82' lang='lat' dir='ltr'><strong>egisset,</strong></span> <span class='ocrx_word' id='word_1_305' title='bbox 518 2721 731 2780; x_wconf 79' lang='lat' dir='ltr'><strong>defunctorum</strong></span> <span class='ocrx_word' id='word_1_306' title='bbox 750 2733 849 2800; x_wconf 88' lang='lat' dir='ltr'><strong>patres</strong></span> <span class='ocrx_word' id='word_1_307' title='bbox 869 2732 899 2780; x_wconf 89' lang='lat' dir='ltr'><strong>et</strong></span> <span class='ocrx_word' id='word_1_308' title='bbox 915 2721 1039 2792; x_wconf 87' lang='lat' dir='ltr'><strong>fratres,</strong></span> <span class='ocrx_word' id='word_1_309' title='bbox 1056 2732 1122 2778; x_wconf 89' lang='lat' dir='ltr'><strong>tum</strong></span> <span class='ocrx_word' id='word_1_310' title='bbox 1140 2742 1156 2778; x_wconf 86' lang='lat' dir='ltr'><strong>a</strong></span> <span class='ocrx_word' id='word_1_311' title='bbox 1173 2741 1236 2799; x_wconf 90' lang='lat' dir='ltr'><strong>po-</strong></span> 
     </span>
    </p>

    <p class='ocr_par' dir='ltr' id='par_1_19' title="bbox 55 2804 1230 2887">
     <span class='ocr_line' id='line_1_32' title="bbox 55 2804 1230 2887; baseline -0.002 -22"><span class='ocrx_word' id='word_1_312' title='bbox 55 2805 372 2887; x_wconf 60' lang='grc' dir='ltr'><strong>ι,ιιιι1ιιι1ιιιιιιι1ιιιι</strong></span> <span class='ocrx_word' id='word_1_313' title='bbox 392 2805 577 2882; x_wconf 84' lang='lat' dir='ltr'><strong>sepulturam</strong></span> <span class='ocrx_word' id='word_1_314' title='bbox 597 2805 726 2876; x_wconf 79' lang='lat' dir='ltr'><strong>delecti,</strong></span> <span class='ocrx_word' id='word_1_315' title='bbox 745 2817 874 2887; x_wconf 89' lang='lat' dir='ltr'><strong>egerunt</strong></span> <span class='ocrx_word' id='word_1_316' title='bbox 891 2804 991 2872; x_wconf 86' lang='lat' dir='ltr'><strong>aliter:</strong></span> <span class='ocrx_word' id='word_1_317' title='bbox 1018 2804 1071 2863; x_wconf 88' lang='lat' dir='ltr'><strong>sed</strong></span> <span class='ocrx_word' id='word_1_318' title='bbox 1090 2825 1157 2866; x_wconf 89' lang='lat' dir='ltr'><strong>eum</strong></span> <span class='ocrx_word' id='word_1_319' title='bbox 1177 2824 1230 2863; x_wconf 84' lang='lat' dir='ltr'><strong>eos</strong></span> 
     </span>
    </p>

    <p class='ocr_par' dir='ltr' id='par_1_20' title="bbox 43 2876 1291 3658">
     <span class='ocr_line' id='line_1_33' title="bbox 62 2876 1231 2978; baseline -0.003 -28"><span class='ocrx_word' id='word_1_320' title='bbox 62 2952 67 2957; x_wconf 71' lang='grc'><strong>,</strong></span> <span class='ocrx_word' id='word_1_321' title='bbox 95 2890 196 2972; x_wconf 91' lang='lat' dir='ltr'><strong>epulum</strong></span> <span class='ocrx_word' id='word_1_322' title='bbox 211 2889 342 2949; x_wconf 79' lang='lat' dir='ltr'><strong>funebre</strong></span> <span class='ocrx_word' id='word_1_323' title='bbox 351 2888 496 2968; x_wconf 87' lang='lat' dir='ltr'><strong>praebere</strong></span> <span class='ocrx_word' id='word_1_324' title='bbox 515 2902 687 2971; x_wconf 78' lang='lat' dir='ltr'><strong>oporteret,</strong></span> <span class='ocrx_word' id='word_1_325' title='bbox 714 2889 745 2948; x_wconf 91' lang='lat' dir='ltr'><strong>id</strong></span> <span class='ocrx_word' id='word_1_326' title='bbox 762 2876 967 2970; x_wconf 82' lang='lat' dir='ltr'><strong>praebuerunt</strong></span> <span class='ocrx_word' id='word_1_327' title='bbox 984 2889 1065 2978; x_wconf 81' lang='lat' dir='ltr'><strong>apud</strong></span> <span class='ocrx_word' id='word_1_328' title='bbox 1081 2908 1145 2962; x_wconf 90' lang='lat' dir='ltr'><strong>me,</strong></span> <span class='ocrx_word' id='word_1_329' title='bbox 1163 2901 1231 2947; x_wconf 85' lang='lat' dir='ltr'><strong>tau-</strong></span> 
     </span>
     <span class='ocr_line' id='line_1_34' title="bbox 43 2969 1230 3076; baseline -0.001 -42"><span class='ocrx_word' id='word_1_330' title='bbox 43 3011 50 3024; x_wconf 81' lang='lat'><em>.</em></span> <span class='ocrx_word' id='word_1_331' title='bbox 94 2997 169 3076; x_wconf 82' lang='lat' dir='ltr'><strong>quarn</strong></span> <span class='ocrx_word' id='word_1_332' title='bbox 183 2972 454 3053; x_wconf 86' lang='lat' dir='ltr'><strong>copiunctissimum</strong></span> <span class='ocrx_word' id='word_1_333' title='bbox 463 2975 635 3074; x_wconf 75' lang='grc' dir='ltr'><strong>Ηι1ι1ιιιιιιίι,</strong></span> <span class='ocrx_word' id='word_1_334' title='bbox 654 2976 733 3034; x_wconf 88' lang='lat' dir='ltr'><strong>sicut</strong></span> <span class='ocrx_word' id='word_1_335' title='bbox 752 2987 868 3051; x_wconf 84' lang='lat' dir='ltr'><strong>caetera</strong></span> <span class='ocrx_word' id='word_1_336' title='bbox 886 2974 993 3034; x_wconf 88' lang='lat' dir='ltr'><strong>solent</strong></span> <span class='ocrx_word' id='word_1_337' title='bbox 1005 2969 1079 3034; x_wconf 88' lang='lat' dir='ltr'><strong>fieri</strong></span> <span class='ocrx_word' id='word_1_338' title='bbox 1106 2993 1164 3032; x_wconf 88' lang='lat' dir='ltr'><strong>nee</strong></span> <span class='ocrx_word' id='word_1_339' title='bbox 1182 2973 1230 3033; x_wconf 90' lang='grc' dir='ltr'><strong>1ιι</strong></span> 
     </span>
     <span class='ocr_line' id='line_1_35' title="bbox 55 3056 1273 3140; baseline -0.003 -20"><span class='ocrx_word' id='word_1_340' title='bbox 55 3064 66 3080; x_wconf 68' lang='grc'><strong>“</strong></span> <span class='ocrx_word' id='word_1_341' title='bbox 93 3056 163 3120; x_wconf 79' lang='lat' dir='ltr'><strong>iuria.</strong></span> <span class='ocrx_word' id='word_1_342' title='bbox 184 3060 295 3120; x_wconf 85' lang='lat' dir='ltr'><strong>Genere</strong></span> <span class='ocrx_word' id='word_1_343' title='bbox 315 3059 395 3118; x_wconf 89' lang='lat' dir='ltr'><strong>enim</strong></span> <span class='ocrx_word' id='word_1_344' title='bbox 411 3058 472 3140; x_wconf 83' lang='lat' dir='ltr'><strong>ipsi</strong></span> <span class='ocrx_word' id='word_1_345' title='bbox 490 3059 570 3125; x_wconf 85' lang='lat' dir='ltr'><strong>inter</strong></span> <span class='ocrx_word' id='word_1_346' title='bbox 587 3083 619 3121; x_wconf 88' lang='lat' dir='ltr'><strong>se</strong></span> <span class='ocrx_word' id='word_1_347' title='bbox 638 3060 862 3121; x_wconf 88' lang='lat' dir='ltr'><strong>coniunctiores</strong></span> <span class='ocrx_word' id='word_1_348' title='bbox 880 3060 1014 3132; x_wconf 85' lang='lat' dir='ltr'><strong>fuerunt,</strong></span> <span class='ocrx_word' id='word_1_349' title='bbox 1032 3080 1122 3137; x_wconf 90' lang='lat' dir='ltr'><strong>quam</strong></span> <span class='ocrx_word' id='word_1_350' title='bbox 1139 3057 1231 3117; x_wconf 82' lang='lat' dir='ltr'><strong>mibi:</strong></span> <span class='ocrx_word' id='word_1_351' title='bbox 1269 3072 1273 3091; x_wconf 83' lang='grc'><em>’</em></span> 
     </span>
     <span class='ocr_line' id='line_1_36' title="bbox 63 3122 1230 3233; baseline -0.002 -29"><span class='ocrx_word' id='word_1_352' title='bbox 63 3211 67 3219; x_wconf 35' lang='grc'>,</span> <span class='ocrx_word' id='word_1_353' title='bbox 94 3144 266 3205; x_wconf 85' lang='lat' dir='ltr'><strong>communiter</strong></span> <span class='ocrx_word' id='word_1_354' title='bbox 284 3144 426 3226; x_wconf 85' lang='lat' dir='ltr'><strong>omnibus</strong></span> <span class='ocrx_word' id='word_1_355' title='bbox 444 3167 535 3206; x_wconf 88' lang='lat' dir='ltr'><strong>nemo</strong></span> <span class='ocrx_word' id='word_1_356' title='bbox 555 3146 755 3206; x_wconf 86' lang='lat' dir='ltr'><strong>coniunctior.</strong></span> <span class='ocrx_word' id='word_1_357' title='bbox 778 3122 885 3205; x_wconf 90' lang='lat' dir='ltr'><strong>Cuius</strong></span> <span class='ocrx_word' id='word_1_358' title='bbox 905 3144 1000 3233; x_wconf 81' lang='lat' dir='ltr'><strong>enim,</strong></span> <span class='ocrx_word' id='word_1_359' title='bbox 1016 3143 1142 3203; x_wconf 84' lang='lat' dir='ltr'><strong>evadere</strong></span> <span class='ocrx_word' id='word_1_360' title='bbox 1160 3142 1230 3203; x_wconf 92' lang='lat' dir='ltr'><strong>illos</strong></span> 
     </span>
     <span class='ocr_line' id='line_1_37' title="bbox 94 3220 1279 3328; baseline -0.003 -39"><span class='ocrx_word' id='word_1_361' title='bbox 94 3231 264 3291; x_wconf 87' lang='lat' dir='ltr'><strong>etbeueretn</strong></span> <span class='ocrx_word' id='word_1_362' title='bbox 283 3249 441 3312; x_wconf 80' lang='lat' dir='ltr'><strong>gerere,</strong></span> <span class='ocrx_word' id='word_1_363' title='bbox 418 3231 544 3290; x_wconf 83' lang='lat' dir='ltr'><strong>maxime</strong></span> <span class='ocrx_word' id='word_1_364' title='bbox 563 3232 722 3290; x_wconf 86' lang='lat' dir='ltr'><strong>intererat:</strong></span> <span class='ocrx_word' id='word_1_365' title='bbox 740 3231 764 3291; x_wconf 90' lang='lat' dir='ltr'><strong>is</strong></span> <span class='ocrx_word' id='word_1_366' title='bbox 781 3231 900 3303; x_wconf 86' lang='lat' dir='ltr'><strong>etiam,</strong></span> <span class='ocrx_word' id='word_1_367' title='bbox 899 3253 966 3290; x_wconf 92' lang='lat' dir='ltr'><strong>cum</strong></span> <span class='ocrx_word' id='word_1_368' title='bbox 983 3220 1025 3288; x_wconf 90' lang='lat' dir='ltr'><strong>eis</strong></span> <span class='ocrx_word' id='word_1_369' title='bbox 1040 3227 1230 3328; x_wconf 74' lang='lat' dir='ltr'><strong>accidissent,-</strong></span> <span class='ocrx_word' id='word_1_370' title='bbox 1277 3292 1279 3296; x_wconf 65' lang='lat'><strong>,</strong></span> 
     </span>
     <span class='ocr_line' id='line_1_38' title="bbox 92 3305 1289 3416; baseline -0.003 -42"><span class='ocrx_word' id='word_1_371' title='bbox 92 3337 158 3394; x_wconf 88' lang='lat' dir='ltr'><strong>quae</strong></span> <span class='ocrx_word' id='word_1_372' title='bbox 163 3315 275 3375; x_wconf 75' lang='lat' dir='ltr'><strong>utinam</strong></span> <span class='ocrx_word' id='word_1_373' title='bbox 289 3334 444 3394; x_wconf 74' lang='lat' dir='ltr'><strong>nunquam</strong></span> <span class='ocrx_word' id='word_1_374' title='bbox 464 3316 655 3416; x_wconf 76' lang='lat' dir='ltr'><strong>accidissent,</strong></span> <span class='ocrx_word' id='word_1_375' title='bbox 672 3316 832 3376; x_wconf 76' lang='lat' dir='ltr'><strong>maximum</strong></span> <span class='ocrx_word' id='word_1_376' title='bbox 847 3316 885 3375; x_wconf 89' lang='lat' dir='ltr'><strong>de</strong></span> <span class='ocrx_word' id='word_1_377' title='bbox 899 3315 982 3374; x_wconf 83' lang='lat' dir='ltr'><strong>clade</strong></span> <span class='ocrx_word' id='word_1_378' title='bbox 1002 3334 1156 3375; x_wconf 87' lang='lat' dir='ltr'><strong>commum</strong></span> <span class='ocrx_word' id='word_1_379' title='bbox 1146 3313 1229 3371; x_wconf 91' lang='lat' dir='ltr'><strong>do·</strong></span> <span class='ocrx_word' id='word_1_380' title='bbox 1245 3338 1247 3351; x_wconf 68' lang='grc'><em>’</em></span> <span class='ocrx_word' id='word_1_381' title='bbox 1286 3305 1289 3315; x_wconf 67' lang='grc'><em>’</em></span> 
     </span>
     <span class='ocr_line' id='line_1_39' title="bbox 92 3396 1264 3484; baseline -0.003 -26"><span class='ocrx_word' id='word_1_382' title='bbox 92 3398 172 3462; x_wconf 83' lang='lat' dir='ltr'><strong>larem</strong></span> <span class='ocrx_word' id='word_1_383' title='bbox 187 3399 322 3481; x_wconf 85' lang='lat' dir='ltr'><strong>capiebat</strong></span> <span class='ocrx_word' id='word_1_384' title='bbox 356 3400 418 3460; x_wconf 87' lang='lat' dir='ltr'><strong>Sed</strong></span> <span class='ocrx_word' id='word_1_385' title='bbox 436 3402 528 3463; x_wconf 84' lang='lat' dir='ltr'><strong>recita</strong></span> <span class='ocrx_word' id='word_1_386' title='bbox 548 3402 740 3484; x_wconf 82' lang='lat' dir='ltr'><strong>epigramma,</strong></span> <span class='ocrx_word' id='word_1_387' title='bbox 758 3403 840 3481; x_wconf 91' lang='lat' dir='ltr'><strong>quod</strong></span> <span class='ocrx_word' id='word_1_388' title='bbox 859 3400 980 3481; x_wconf 89' lang='lat' dir='ltr'><strong>publice</strong></span> <span class='ocrx_word' id='word_1_389' title='bbox 999 3397 1112 3459; x_wconf 72' lang='lat' dir='ltr'><strong>civitati</strong></span> <span class='ocrx_word' id='word_1_390' title='bbox 1131 3396 1229 3457; x_wconf 83' lang='lat' dir='ltr'><strong>visum</strong></span> <span class='ocrx_word' id='word_1_391' title='bbox 1248 3446 1264 3455; x_wconf 91' lang='lat'><strong>..</strong></span> 
     </span>
     <span class='ocr_line' id='line_1_40' title="bbox 94 3481 1229 3567; baseline -0.002 -24"><span class='ocrx_word' id='word_1_392' title='bbox 94 3499 235 3546; x_wconf 77' lang='lat' dir='ltr'><strong>astrorum</strong></span> <span class='ocrx_word' id='word_1_393' title='bbox 246 3484 442 3545; x_wconf 82' lang='lat' dir='ltr'><strong>monimento</strong></span> <span class='ocrx_word' id='word_1_394' title='bbox 470 3487 655 3559; x_wconf 89' lang='lat' dir='ltr'><strong>inscribere,</strong></span> <span class='ocrx_word' id='word_1_395' title='bbox 679 3499 715 3546; x_wconf 92' lang='lat' dir='ltr'><strong>nt</strong></span> <span class='ocrx_word' id='word_1_396' title='bbox 733 3508 768 3546; x_wconf 82' lang='lat' dir='ltr'><strong>ex</strong></span> <span class='ocrx_word' id='word_1_397' title='bbox 786 3487 852 3567; x_wconf 92' lang='lat' dir='ltr'><strong>ipso</strong></span> <span class='ocrx_word' id='word_1_398' title='bbox 872 3485 1040 3567; x_wconf 83' lang='lat' dir='ltr'><strong>intelligas,</strong></span> <span class='ocrx_word' id='word_1_399' title='bbox 1065 3481 1229 3557; x_wconf 82' lang='lat' dir='ltr'><strong>Aeschine,</strong></span> 
     </span>
     <span class='ocr_line' id='line_1_41' title="bbox 90 3569 1291 3658; baseline 0.007 -32"><span class='ocrx_word' id='word_1_400' title='bbox 90 3569 205 3651; x_wconf 86' lang='lat' dir='ltr'><strong>iniquum</strong></span> <span class='ocrx_word' id='word_1_401' title='bbox 223 3591 285 3632; x_wconf 88' lang='lat' dir='ltr'><strong>esse</strong></span> <span class='ocrx_word' id='word_1_402' title='bbox 297 3582 335 3631; x_wconf 89' lang='lat' dir='ltr'><strong>te</strong></span> <span class='ocrx_word' id='word_1_403' title='bbox 354 3583 384 3630; x_wconf 91' lang='lat' dir='ltr'><strong>et</strong></span> <span class='ocrx_word' id='word_1_404' title='bbox 402 3570 649 3634; x_wconf 88' lang='lat' dir='ltr'><strong>calumniatorem</strong></span> <span class='ocrx_word' id='word_1_405' title='bbox 667 3583 700 3632; x_wconf 78' lang='lat' dir='ltr'><strong>et·</strong></span> <span class='ocrx_word' id='word_1_406' title='bbox 714 3572 872 3658; x_wconf 88' lang='lat' dir='ltr'><strong>impurum.</strong></span> <span class='ocrx_word' id='word_1_407' title='bbox 891 3570 1002 3637; x_wconf 75' lang='lat' dir='ltr'><strong>Recita</strong></span> <span class='ocrx_word' id='word_1_408' title='bbox 1072 3640 1075 3645; x_wconf 24' lang='lat'>¹</span> <span class='ocrx_word' id='word_1_409' title='bbox 1287 3574 1291 3578; x_wconf 50' lang='lat'><strong>⁴</strong></span> 
     </span>
    </p>
   </div>
   <div class='ocr_carea' id='block_1_2' title="bbox 475 3788 817 3837">
    <p class='ocr_par' dir='ltr' id='par_1_21' title="bbox 475 3788 817 3837">
     <span class='ocr_line' id='line_1_42' title="bbox 475 3788 817 3837; baseline -0.003 -1"><span class='ocrx_word' id='word_1_410' title='bbox 475 3788 817 3837; x_wconf 42' lang='lat' dir='ltr'><strong>EPledlllill</strong></span> 
     </span>
    </p>
   </div>
   <div class='ocr_carea' id='block_1_3' title="bbox 680 3868 694 3895">
    <p class='ocr_par' dir='ltr' id='par_1_22' title="bbox 680 3868 694 3895">
     <span class='ocr_line' id='line_1_43' title="bbox 680 3868 694 3895; baseline 0 0"><span class='ocrx_word' id='word_1_411' title='bbox 680 3868 694 3895; x_wconf 58' lang='grc' dir='ltr'><strong>Ν</strong></span> 
     </span>
    </p>
   </div>
   <div class='ocr_carea' id='block_1_4' title="bbox 52 3904 1123 4413">
    <p class='ocr_par' dir='ltr' id='par_1_23' title="bbox 52 3904 1123 4413">
     <span class='ocr_line' id='line_1_44' title="bbox 197 3904 1063 3995; baseline -0.003 -24"><span class='ocrx_word' id='word_1_412' title='bbox 197 3912 256 3973; x_wconf 85' lang='lat' dir='ltr'><strong>Pro</strong></span> <span class='ocrx_word' id='word_1_413' title='bbox 273 3917 390 3995; x_wconf 73' lang='lat' dir='ltr'><strong>patrio,</strong></span> <span class='ocrx_word' id='word_1_414' title='bbox 410 3934 485 3994; x_wconf 81' lang='lat' dir='ltr'><strong>quos</strong></span> <span class='ocrx_word' id='word_1_415' title='bbox 501 3913 550 3971; x_wconf 78' lang='lat' dir='ltr'><strong>laic</strong></span> <span class='ocrx_word' id='word_1_416' title='bbox 569 3904 666 3972; x_wconf 66' lang='lat' dir='ltr'><strong>iuraui</strong></span> <span class='ocrx_word' id='word_1_417' title='bbox 666 3934 700 3972; x_wconf 83' lang='lat' dir='ltr'><strong>us</strong></span> <span class='ocrx_word' id='word_1_418' title='bbox 718 3915 806 3988; x_wconf 69' lang='lat' dir='ltr'><strong>regit,</strong></span> <span class='ocrx_word' id='word_1_419' title='bbox 826 3933 913 3972; x_wconf 82' lang='lat' dir='ltr'><strong>arma</strong></span> <span class='ocrx_word' id='word_1_420' title='bbox 925 3912 1063 3991; x_wconf 78' lang='lat' dir='ltr'><strong>serentes</strong></span> 
     </span>
     <span class='ocr_line' id='line_1_45' title="bbox 237 3983 1123 4080; baseline 0 -23"><span class='ocrx_word' id='word_1_421' title='bbox 237 4000 384 4071; x_wconf 83' lang='lat' dir='ltr'><strong>Hostilem</strong></span> <span class='ocrx_word' id='word_1_422' title='bbox 402 3998 513 4058; x_wconf 76' lang='lat' dir='ltr'><strong>aalide</strong></span> <span class='ocrx_word' id='word_1_423' title='bbox 522 4002 580 4057; x_wconf 80' lang='lat' dir='ltr'><strong>aim</strong></span> <span class='ocrx_word' id='word_1_424' title='bbox 598 3997 732 4080; x_wconf 77' lang='lat' dir='ltr'><strong>repulere</strong></span> <span class='ocrx_word' id='word_1_425' title='bbox 750 3983 850 4070; x_wconf 76' lang='lat' dir='ltr'><strong>mdnu,</strong></span> <span class='ocrx_word' id='word_1_426' title='bbox 1120 4008 1123 4012; x_wconf 69' lang='grc'><strong>“</strong></span> 
     </span>
     <span class='ocr_line' id='line_1_46' title="bbox 52 4083 982 4166; baseline 0.001 -26"><span class='ocrx_word' id='word_1_427' title='bbox 52 4105 57 4113; x_wconf 93' lang='grc'><em>·</em></span> <span class='ocrx_word' id='word_1_428' title='bbox 110 4128 116 4151; x_wconf 93' lang='grc'>,</span> <span class='ocrx_word' id='word_1_429' title='bbox 198 4083 326 4144; x_wconf 74' lang='lat' dir='ltr'><strong>Graecia</strong></span> <span class='ocrx_word' id='word_1_430' title='bbox 343 4085 525 4144; x_wconf 70' lang='lat' dir='ltr'><strong>Barbaricas</strong></span> <span class='ocrx_word' id='word_1_431' title='bbox 542 4105 578 4143; x_wconf 78' lang='lat' dir='ltr'><strong>ue</strong></span> <span class='ocrx_word' id='word_1_432' title='bbox 595 4083 734 4143; x_wconf 75' lang='lat' dir='ltr'><strong>subderet</strong></span> <span class='ocrx_word' id='word_1_433' title='bbox 752 4105 808 4143; x_wconf 86' lang='lat' dir='ltr'><strong>ura</strong></span> <span class='ocrx_word' id='word_1_434' title='bbox 827 4087 982 4166; x_wconf 78' lang='lat' dir='ltr'><strong>capistris,</strong></span> 
     </span>
     <span class='ocr_line' id='line_1_47' title="bbox 194 4167 888 4255; baseline 0 -28"><span class='ocrx_word' id='word_1_435' title='bbox 194 4169 271 4229; x_wconf 76' lang='lat' dir='ltr'><strong>Er</strong></span> <span class='ocrx_word' id='word_1_436' title='bbox 287 4192 380 4255; x_wconf 72' lang='lat' dir='ltr'><strong>grune</strong></span> <span class='ocrx_word' id='word_1_437' title='bbox 397 4171 516 4230; x_wconf 78' lang='lat' dir='ltr'><strong>seruitii</strong></span> <span class='ocrx_word' id='word_1_438' title='bbox 525 4167 628 4248; x_wconf 80' lang='lat' dir='ltr'><strong>ferret</strong></span> <span class='ocrx_word' id='word_1_439' title='bbox 646 4171 790 4228; x_wconf 80' lang='lat' dir='ltr'><strong>adacta&#39;</strong></span> <span class='ocrx_word' id='word_1_440' title='bbox 778 4191 888 4244; x_wconf 74' lang='lat' dir='ltr'><strong>rugum.</strong></span> 
     </span>
     <span class='ocr_line' id='line_1_48' title="bbox 158 4237 980 4332; baseline -0.001 -20.945"><span class='ocrx_word' id='word_1_441' title='bbox 158 4237 340 4315; x_wconf 76' lang='lat' dir='ltr'><strong>Terribili</strong></span> <span class='ocrx_word' id='word_1_442' title='bbox 358 4261 469 4314; x_wconf 78' lang='lat' dir='ltr'><strong>uirtute</strong></span> <span class='ocrx_word' id='word_1_443' title='bbox 487 4254 558 4315; x_wconf 76' lang='lat' dir='ltr'><strong>licet</strong></span> <span class='ocrx_word' id='word_1_444' title='bbox 566 4253 645 4332; x_wconf 80' lang='lat' dir='ltr'><strong>seru</strong></span> <span class='ocrx_word' id='word_1_445' title='bbox 663 4255 741 4317; x_wconf 71' lang='lat' dir='ltr'><strong>betta</strong></span> <span class='ocrx_word' id='word_1_446' title='bbox 759 4258 884 4323; x_wconf 76' lang='grc' dir='ltr'>σι’,ιιιιιι</span> <span class='ocrx_word' id='word_1_447' title='bbox 945 4276 948 4281; x_wconf 90' lang='grc'>·</span> <span class='ocrx_word' id='word_1_448' title='bbox 970 4304 980 4323; x_wconf 61' lang='lat'><em>„</em></span> 
     </span>
     <span class='ocr_line' id='line_1_49' title="bbox 236 4339 854 4413; baseline 0.005 -15"><span class='ocrx_word' id='word_1_449' title='bbox 236 4341 307 4403; x_wconf 77' lang='lat' dir='ltr'><strong>Orci</strong></span> <span class='ocrx_word' id='word_1_450' title='bbox 324 4343 440 4402; x_wconf 79' lang='lat' dir='ltr'><strong>iudicio</strong></span> <span class='ocrx_word' id='word_1_451' title='bbox 459 4339 641 4401; x_wconf 75' lang='lat' dir='ltr'><strong>sasorrbaera</strong></span> <span class='ocrx_word' id='word_1_452' title='bbox 660 4351 765 4401; x_wconf 77' lang='lat' dir='ltr'><strong>torsera</strong></span> <span class='ocrx_word' id='word_1_453' title='bbox 850 4404 854 4413; x_wconf 67' lang='grc'><strong>,</strong></span> 
     </span>
    </p>
   </div>
   <div class='ocr_carea' id='block_1_5' title="bbox 0 0 1366 4754">
    <p class='ocr_par' dir='ltr' id='par_1_24' title="bbox 0 0 1366 4754">
     <span class='ocr_line' id='line_1_50' title="bbox 0 0 1366 4754; baseline 0 5"><span class='ocrx_word' id='word_1_454' title='bbox 0 0 1366 4754; x_wconf 95' lang='lat' dir='ltr'><strong> </strong></span> 
     </span>
    </p>
   </div>
  </div>
 </body>
</html>
