2722 4754
66 136 185 247 vjob
269 128 307 214 -'
432 153 1079 284 uuuosunnnrsounrro

100 395 101 400 η
126 327 207 408 ,Arq
208 349 247 388 ue
265 324 382 388 baec
357 349 383 387 st
401 323 620 385 considerare'
610 348 643 384 ιιι
661 323 801 405 animum
813 323 981 387 induxerit.
1004 346 1058 387 vos
1076 345 1140 385 non
1158 288 1349 407 negligen-

40 415 48 427 “
142 427 193 475 ter
211 412 400 487 consuluisse
418 409 539 475 vobis
531 411 673 472 inveniet
707 410 815 491 Neque
843 409 924 472 enim
942 411 1079 493 ignorat,
1106 410 1231 487 ebellis
1251 431 1321 481 cum

15 525 16 528 ¹
72 493 94 546 Ϊ
145 499 208 560 suis
232 496 397 574 maioribus
420 496 513 578 gestis
538 496 646 568 urbem
670 519 810 591 magnam
830 509 860 557 et
885 496 1006 556 felicem
1032 516 1097 562 esse
1120 497 1251 557 factam:
1285 515 1321 555 ex
1355 498 1358 503 ’

146 583 211 644 otio
230 595 341 655 autem,
360 581 442 660 quod
461 593 530 641 ante
544 580 595 642 illa
609 584 747 680 tempora
760 594 872 663 egerat,
890 582 973 642 nulla
989 573 1178 643 Graecorum
1195 580 1321 643 urbium
1349 576 1358 593 ⁵

82 734 88 739 ,
144 681 231 730 tanto
249 667 361 740 luisse,
381 678 495 746 quanto
514 688 614 739 nunc,
638 666 833 746 superiorem.
870 667 954 741 Quin
973 667 1107 728 Graecos
1127 657 1217 726 etianl
1236 665 1359 747 videt,¹

137 710 367 854 'pacificatorem
384 751 541 831 requirere
559 751 607 810 vel
625 751 779 811 volentem
797 750 873 812 vel
864 751 1006 812 invitum:
1027 774 1099 841 eum
1113 772 1187 813 vero
1206 757 1319 834 semet
1346 746 1352 753 ’

144 839 244 919 ipsum
263 837 305 898 eis
324 837 390 897 lore
409 835 539 896 intellio'
508 848 563 918 git,
581 859 607 894 ιι
597 836 739 896 bellum
756 836 894 913 moverit
912 836 1022 920 Quare
1042 858 1086 911 ea,
1105 859 1182 917 quae
1202 859 1219 898 e
1238 859 1319 898 nun·
1344 892 1349 901 .

145 923 195 984 tiis
209 923 374 997 audiet,'e1
388 935 418 982 et
430 934 503 980 nota
518 934 549 980 et
562 912 721 987 credibilia
736 934 831 982 erunt
849 921 896 981 Ne
909 943 993 995 vero,
1011 919 1269 997 Athenienses,
1245 931 1321 1003 prol

144 1007 265 1084 lixitate
279 1007 426 1068 orationis
444 1005 581 1066 vobis
550 1007 658 1066 nrmis
664 1006 720 1065 sim
745 989 910 1082 molestus,
934 1007 1109 1088 capitibus
1110 1007 1171 1067 mei
1189 1008 1319 1070 consilii

100 1161 105 1171 Ι
145 1093 300 1174 expositis,
319 1079 506 1152 descendam.
526 1092 637 1151 lustrui
655 1112 709 1152 vos
717 1135 735 1165 ,
747 1104 777 1152 et
796 1105 900 1153 contra
920 1106 1018 1167 certos
1037 1092 1140 1153 lrostes'
1160 1093 1319 1154 iubeoaet

144 1172 316 1262 propulsari
333 1177 425 1240 etiam
443 1177 559 1258 Regem
579 1190 609 1236 et
628 1197 750 1252 omnes,
768 1178 794 1237 si
813 1199 865 1237 vos
884 1178 1030 1252 lacessere
1045 1177 1257 1254 instituerint,
1280 1179 1318 1254 iis

145 1264 241 1344 copiis
261 1275 403 1345 oportere
422 1282 557 1339 censeo:¹
569 1262 682 1323 nullius
700 1277 800 1323 autem
819 1264 917 1345 iniqui
935 1264 982 1324 vel
1001 1263 1073 1322 facti
1091 1263 1139 1322 vel
1158 1264 1233 1324 dicti
1252 1285 1336 1326 esse-

144 1363 292 1410 auctores.
317 1350 439 1428 Demus,
452 1369 584 1429 operam,
602 1361 638 1408 ut
654 1348 731 1411 facta
749 1349 962 1431 nostradigna
980 1349 1041 1408 sint
1058 1348 1236 1424 maioribus,
1254 1370 1318 1411 non

145 1454 200 1517 pro
219 1434 367 1495 concione
382 1433 503 1494 habitae
522 1432 681 1503 orationes.
701 1433 787 1509 Quae
803 1435 828 1493 si
841 1433 990 1513 feceritis:
1010 1445 1041 1493 et
1053 1433 1141 1492 vobis
1155 1433 1229 1515 ipsis
1243 1455 1318 1498 cont-

100 1546 112 1556 >
146 1520 250 1580 suletis
270 1533 300 1580 et
318 1520 366 1593 iis,
384 1519 437 1600 qui
456 1518 640 1579 contrarium
659 1520 795 1578 suadent
820 1519 896 1579 Nam
914 1531 985 1600 post
1003 1517 1062 1578 illis
1078 1539 1145 1579 ιιοιι
1163 1519 1316 1590 irascemi-

145 1605 193 1665 ni:
212 1607 296 1687 quod
313 1606 411 1681 lieret,
429 1605 456 1666 si
473 1623 555 1665 nunc
573 1603 789 1688 inrpingeretis.
1301 1631 1307 1638 ·
1329 1605 1337 1615 ”

155 1942 395 2042 ⁴onnrro
435 1902 901 2040 ιιιιιιιιιιιιοιιυιι
943 1888 1325 2036 elnonenses

323 2323 325 2326 ,
428 2271 622 2335 urrann
656 2250 1035 2360 Αιιιιιιιιιιιιιιιι

57 2412 77 2486 ,¹
147 2370 294 2479 Bellum,
312 2410 396 2488 quod
413 2408 531 2470 Sociale
551 2410 664 2470 dictum
683 2409 753 2510 fuit,
770 2420 970 2490 susceperunt
987 2400 1130 2468 adversus
1145 2392 1320 2469 Athenien-

148 2516 195 2555 ses
215 2489 284 2552 Chii
303 2506 333 2554 et
350 2494 464 2553 Rhodii
483 2506 513 2554 et
529 2495 682 2580 Byzantii:
702 2495 754 2575 qui
773 2516 840 2554 cum
859 2495 918 2554 illis·
936 2493 1020 2589 prius
1038 2493 1228 2573 paruissent,
1244 2506 1322 2553 tune

32 2622 50 2634 .,
148 2579 324 2640 societatem
343 2584 449 2639 contra
466 2579 698 2641 Athenienses'
689 2593 770 2640 anter
787 2601 819 2639 se
837 2581 979 2640 fecerant.
1012 2573 1095 2638 Cum
1113 2590 1221 2660 autern
1219 2576 1322 2636 Rho·
1345 2627 1350 2631 .

86 2712 88 2727 ,
150 2663 192 2724 dii
211 2660 363 2723 Cariae
335 2664 428 2724 vicini
446 2668 564 2725 essent:
591 2686 628 2725 se
641 2665 721 2746 apud
738 2665 928 2737 Mausolum,
957 2663 1021 2722 cius
1040 2663 1213 2743 provinciae
1230 2682 1321 2742 prae

147 2738 280 2822 sectum,
308 2749 403 2831 gratia
421 2751 521 2811 valere
539 2750 693 2830 putabant.
738 2754 784 2823 ls,
799 2749 946 2831 paulatim
965 2748 1045 2828 apud
1065 2755 1118 2808 eos'
1135 2749 1195 2808 fide
1215 2746 1321 2808 conci-

51 2831 63 2896 s
149 2835 235 2907 liata,
254 2833 377 2915 insidias
396 2835 512 2916 populo
530 2836 730 2916 comparavit,
757 2849 787 2896 et
804 2835 926 2907 urbem,
946 2833 1085 2893 libertate
1104 2833 1234 2893 Rhodiis
1253 2853 1321 2891 ere-

36 2930 41 2943 ‘
143 2916 217 3001 nte,
243 2940 408 3000 paucorum
432 2919 641 2999 potentiorum
665 2919 803 2980 servituti
827 2919 963 2989 subiecit
1007 2918 1154 2978 Suadet‘
1145 2917 1241 3000 igitur
1257 2917 1321 2976 De

149 3003 341 3078 mosthenes,
367 3026 433 3065 earn
458 3027 523 3066 rem
547 3026 611 3064 non
636 3026 701 3065 esse
726 3004 958 3088 negligendam,
984 3004 1037 3063 sed
1063 3003 1241 3063 iuvandum
1254 3021 1320 3062 esse

50 3104 126 3162 ’,122
151 3090 298 3189 populum
316 3088 525 3150 Rhodiorum:
551 3088 635 3171 quod
653 3112 669 3150 e
687 3111 727 3150 re
739 3091 782 3149 sit
798 3082 1047 3161 Atheniensium,
1067 3088 1160 3149 urbes
1158 3079 1320 3170 populari

149 3196 255 3256 parere
273 3174 409 3255 imperio
452 3175 518 3235 Etsi
536 3189 653 3250 autem,
679 3175 796 3255 inquit,
819 3174 932 3235 Rhodii
949 3194 1004 3233 vos
1022 3175 1190 3234 laeserunt:
1215 3186 1320 3232 tamen

148 3261 236 3321 vobis
262 3272 299 3320 et
315 3256 485 3320 honestum
503 3275 534 3321 et
556 3262 700 3321 usitatum
727 3272 789 3334 est,
817 3282 869 3320 eos
896 3259 986 3320 etiam
1006 3259 1160 3330 Graecos,
1184 3258 1238 3337 qui
1261 3274 1318 3318 vos

48 3374 83 3400 ν
137 3345 290 3409 'nonnihil
309 3346 519 3422 offenderunt,
542 3346 688 3421 liberare,
712 3343 804 3427 atque
823 3343 1097 3458 delinquentibus
1089 3366 1121 3403 ιιι
1137 3342 1317 3424 Rempubli
1344 3392 1348 3396 .

145 3452 213 3492 ,cam
239 3430 405 3534 ignoscere

553 3597 912 3625 man—au·

147 3719 298 3810 Arbitror
316 3762 458 3831 oportere
476 3766 548 3822 vos,
576 3710 799 3819 Athenienses,
828 3747 918 3807 tantis
931 3749 974 3807 de
993 3746 1085 3807 rebus
1104 3711 1334 3814 deliberantes,

148 3838 218 3897 dare
243 3830 338 3897 libere
358 3835 478 3894 dicendi
496 3845 677 3914 potestatem
695 3830 861 3911 unicuique
880 3826 1113 3892 consulentiurn
1157 3833 1225 3913 Ego
1245 3848 1319 3890 vcro

104 3914 106 3920 ’
147 3943 210 3981 ιιοιι
234 3921 338 4021 pntavi
361 3941 496 4000 unquam
520 3919 659 3992 difficile,
685 3920 796 3977 docere
814 3939 885 3992 vos,
910 3939 987 3997 quae
1011 3917 1125 3998 optima
1143 3916 1232 3975 laetu
1257 3892 1321 3973 sint

146 4005 196 4089 (ut
215 4005 295 4066 eninr
313 4003 491 4086 simpliciter
507 4003 613 4078 dicam,
630 4023 737 4063 ornnes
756 4024 790 4063 ea
808 4003 866 4062 iam
884 4015 954 4063 atne
973 4001 1095 4083 cognita
1112 4001 1225 4060 habere
1243 3997 1321 4058 mibi

146 4088 320 4173 videmini),
340 4091 394 4150 sed
411 4090 609 4171 persuadere,
627 4101 663 4148 ut
681 4108 715 4148 ea
734 4086 947 4172 exsequamini.
973 4086 1049 4159 Nam
1068 4107 1135 4145 eum
1155 4085 1322 4175 probatum

33 4208 38 4215 =
69 4210 77 4232 ι
146 4175 261 4256 aliquid
287 4177 504 4265 decretumque
529 4182 590 4234 e'st:
619 4168 797 4239 tantundem
823 4160 860 4230 ab
884 4171 1002 4253 agendo
1030 4170 1132 4243 abest,
1159 4170 1322 4260 quantum,

72 4294 79 4303 ,
107 4260 109 4265 ’
146 4275 307 4342 antequam
326 4261 548 4321 decerneretur
592 4258 647 4317 Est
670 4269 770 4316 autem
788 4255 862 4316 illud
882 4278 978 4316 unum
997 4277 1032 4315 ex
1051 4276 1158 4314 corum
1177 4274 1323 4324 numero,

65 4368 76 4376 ·‘
146 4359 271 4429 propter
290 4365 366 4427 quac
386 4344 443 4405 diis
461 4342 681 4439 immortalibus
700 4342 831 4425 agendas
856 4363 872 4400 ι
896 4341 981 4402 vobis
1001 4361 1066 4438 esse
1084 4339 1195 4421 gratias
1215 4338 1324 4405 existi-
