2722 4754
239 212 242 222 .
339 137 881 272 sinimicus·
967 229 970 234 ,
1083 130 1308 233 *Ἀπ’

68 312 71 327 '
99 332 193 380 testes
211 320 316 382 intuiti
334 335 491 384 eteorum
505 319 688 382 testimoniis
705 320 792 397 srcti,
817 322 1029 401 pronuntiatis.
1058 323 1104 390 Ne
1122 320 1216 404 igitur
1233 335 1264 384 et

71 476 74 479 ι
100 425 157 464 vos
168 405 370 486 decipiamini,
383 418 422 479 et,
436 406 489 485 qui
503 407 539 467 ad
554 412 607 467 vos
621 405 848 488 ingrediuntur,
858 407 977 483 iniuriis
991 407 1172 466 afficiantur:
1190 427 1262 488 pro·
1283 456 1289 466 „
1306 418 1308 423 ’

100 503 204 570 pterea
223 510 275 550 eos
294 489 589 572 obnoxios-reddidit
603 479 769 573 legislator,
783 488 847 548 Oro
860 504 960 572 autem
974 503 1004 552 et
1015 511 1083 575 ego,
1093 503 1136 559 ¹ut
1147 511 1200 552 vos
1212 512 1262 567 me
1274 558 1276 564 ᾗ

101 597 168 636 cum
184 574 395 638 benevolentia
408 572 546 649 audiatis,
560 596 625 634 rem
637 594 758 634 ornnem
772 572 808 632 ab
823 573 910 637 initio
924 577 1132 656 explicantem,
1144 575 1262 638 utiude

46 656 47 660 ’
99 659 285 741 intelligatis,
300 681 389 738 quam
404 659 507 719 multis
520 672 552 719 et
565 680 623 742 ego
633 659 690 719 sim
704 657 829 718 affectus
844 658 974 733 iniuriis,
989 673 1020 720 et
1033 672 1067 736 pt
1078 660 1194 721 iudices
1207 660 1260 738 de-
1273 703 1280 739 5
1314 710 1316 716 ,

101 744 181 823 cepti
199 744 322 816 luerint,
341 755 371 802 et
387 755 422 803 ut
440 743 491 803 isti
509 734 581 804 salsa
598 742 750 803 testificati
766 740 835 821 siut.
852 743 920 813 Etsi
936 757 1036 805 autem
1054 745 1181 816 maxime
1196 745 1261 807 vel·
1282 794 1288 811 a,

100 829 175 902 lem,
200 850 263 888 nou
281 827 386 888 lacessi
405 827 479 888 mihi
497 827 671 911 negotium:
704 840 852 900 attamen,
877 826 903 887 si
920 827 969 887 cui
988 828 1094 906 quieto
1113 849 1259 891 essenon

101 913 188 987 licet,
214 913 289 971 illud
313 909 479 972 iucundum
505 918 567 987 est',
591 934 659 972 cum
683 911 719 972 iis
742 912 879 994 litigare,
904 913 957 992 qui
973 911 1061 971 vobis
1079 913 1176 995 ignoti
1194 936 1259 975 nou

101 1011 178 1058 sunt
203 994 290 1056 Nunc
308 997 431 1079 longior
447 1020 462 1059 a
481 1017 528 1057 me
546 1011 684 1058 sumetur
700 997 799 1057 oratio
816 995 951 1058 moribus
970 1018 1074 1080 eorum
1094 999 1264 1072 ostendeu2
1291 1045 1304 1065 ,

99 1083 163 1155 dis,
182 1103 270 1161 quam
288 1082 456 1141 testimonii
472 1081 603 1142 falsitate
620 1081 816 1142 revincenda:
842 1103 910 1141 nam
928 1082 960 1141 id
977 1081 1101 1161 'quidem
1120 1101 1186 1141 esse
1204 1081 1259 1142 sal-

98 1174 189 1240 sum,
197 1164 255 1247 ipsi
269 1166 348 1225 mihi
367 1169 527 1231 ostendere
544 1167 696 1241 videntur,
712 1187 813 1245 neque
831 1186 888 1248 ego
907 1171 1030 1226 necesse
1049 1166 1146 1236 habeo
1164 1177 1257 1227 testes

97 1251 190 1324 alios,
209 1272 297 1331 quam
316 1251 385 1310 illos
402 1250 502 1331 ipsos,
518 1253 695 1332 producere.
726 1251 802 1310 Nam
822 1272 880 1330 qua
899 1251 940 1310 eis
959 1251 1077 1328 ratione
1095 1251 1202 1311 liceret
1218 1250 1257 1310 li-

97 1335 194 1394 berari
212 1335 361 1417 negotiis,
396 1357 453 1395 nec
476 1336 625 1396 iuvestro
644 1335 757 1395 iudicio
774 1334 955 1414 periclitari,
991 1347 1021 1394 et
1037 1355 1071 1394 rc
1088 1332 1258 1416 ipsatesti-
1288 1350 1290 1354 ’

96 1419 192 1479 monii
209 1420 366 1479 veritatem
384 1417 889 1498 confirmare,mulierem'tradcre
906 1419 1089 1479 noluerunt:
1116 1441 1205 1498 quam
1222 1419 1316 1484 insta

50 1529 59 1536 f
97 1504 305 1584 quaestionem
323 1505 393 1562 dare
410 1504 541 1565 voluisse
559 1503 807 1586 Theophemum,
835 1503 915 1584 apud
932 1503 1078 1563 arbitrum
1094 1502 1255 1586 Pythodo-

52 1592 65 1616 '
94 1612 161 1648 rum
182 1585 349 1647 Cedensem
371 1588 524 1648 testificati
546 1574 646 1663 subt,
662 1601 693 1648 et
716 1610 805 1668 quam
826 1608 886 1669 ego
910 1607 958 1646 me
975 1601 1168 1668 recepturum
1185 1609 1253 1647 sum

94 1673 264 1754 professus,
289 1685 325 1731 ut
347 1684 455 1746 testes,
482 1673 616 1752 quitum
634 1673 774 1746 adfuere,
797 1671 884 1731 vobis
908 1671 940 1731 in
964 1671 1076 1732 iudicio
1101 1671 1262 1733 testificati
1307 1704 1308 1708 ,

95 1771 168 1817 suut
186 1769 216 1816 et
232 1777 314 1816 nunc
332 1754 422 1816 etiam
438 1756 691 1830 testificabuntur,
709 1762 786 1837 quo's
806 1756 1020 1837 Theophemus
1038 1757 1113 1837 ipsc,
1129 1768 1166 1816 ut
1182 1777 1252 1816 vera

94 1842 287 1913 testificatos,
311 1858 411 1920 neque
427 1841 594 1915 accttsavit,
619 1862 718 1921 neque
733 1841 804 1903 salsi
820 1841 986 1901 testimonii
1003 1862 1072 1903 reos
1083 1840 1160 1922 egit.
1194 1839 1251 1900 At-

94 1946 154 2004 que
172 1927 249 1984 adeo
266 1924 324 2006 ipsi
341 1926 405 1987 sero
424 1925 456 1984 iu
473 1926 649 1986 testimonio
668 1926 862 2005 confitentur,
879 1926 1011 1985 voluisse
1028 1946 1076 1985 mc
1094 1925 1253 1986 admittere

93 2009 269 2081 mulierem,
298 2009 529 2089 Theophemum
547 2023 646 2083 autem
664 2010 785 2069 differre
802 2009 942 2082 iussisse,
973 2010 1066 2089 idque
1084 2030 1132 2069 me
1150 2010 1251 2087 detre7

92 2104 195 2152 ctasse.
232 2093 330 2166 Quam
348 2113 421 2153 vero
441 2106 471 2154 ct
489 2115 546 2176 ego
565 2094 722 2165 admittere
739 2095 840 2168 volui,
859 2106 890 2153 et
905 2091 1119 2173 'fbeopbemus
1139 2094 1252 2154 obtulit

91 2168 141 2259 (ut
158 2177 209 2235 isti
227 2174 341 2258 aiunt),
367 2176 452 2237 cuius
470 2190 571 2238 tamen
588 2199 697 2257 corpus
715 2197 806 2250 neruo
824 2179 928 2236 adesse
945 2179 1036 2251 vidit,
1058 2197 1159 2256 neque
1176 2189 1267 2241 tuuc=

90 2261 170 2340 apud
188 2261 351 2332 arbitrum,
386 2260 487 2340 neque
505 2261 541 2319 in.
555 2261 671 2321 iudicio
685 2274 772 2341 post,
807 2282 907 2342 neque
923 2260 997 2321 alibi
1013 2283 1140 2341 usquam
1157 2262 1249 2321 tradi-
1295 2315 1304 2323 ,

90 2357 173 2405 tum:
204 2365 267 2403 eam
285 2344 444 2404 testificati.
455 2345 505 2405 isti
522 2359 595 2406 suut
611 2345 729 2407 tradere
746 2345 879 2406 voluisse
896 2346 1175 2431 Theophemumet
1192 2346 1248 2405 ob-

89 2430 202 2490 tulisse.
220 2428 337 2489 ludices
355 2442 456 2490 autem
475 2429 589 2511 opinati
606 2442 688 2505 sunt,
704 2452 808 2493 verum
826 2449 891 2491 csse
909 2430 941 2491 id
953 2430 1186 2493 testimouiumz-
1199 2450 1248 2490 me

91 2535 163 2575 vero
180 2534 335 2587 recusare,
355 2535 416 2593 quo
434 2514 532 2574 minus
552 2535 568 2574 e
585 2514 711 2576 muliere
728 2517 955 2597 perquireretur
971 2519 1009 2577 de
1026 2515 1249 2587 verberatione,

90 2612 159 2658 uter
175 2599 317 2658 'nostrum
342 2598 427 2678 prior
448 2621 503 2678 per
519 2599 659 2660 iniuriam
676 2585 762 2661 alteri
779 2618 889 2662 manus
902 2601 1058 2662 attulisset
1091 2599 1262 2691 Numqqid-

89 2704 163 2765 ergo
182 2683 269 2742 aliter
285 2683 352 2742 lieri
369 2696 488 2763 potest,
513 2685 587 2764 quin
606 2685 678 2746 salsa
696 2681 746 2747 isti
762 2687 914 2747 testificati
931 2687 1010 2747 siut?
1027 2685 1091 2766 qni
1108 2706 1146 2745 ue
1164 2705 1262 2753 nunc,
1308 2730 1310 2734 μ

91 2769 212 2848 quidem
236 2769 349 2827 audent
372 2789 480 2851 corpus
505 2769 640 2829 mulieris
661 2771 849 2854 tradere'(id
872 2771 955 2852 quod
978 2770 1126 2831 obtulisse
1143 2766 1245 2849 Theo-
1272 2759 1275 2767 ¹
1299 2824 1302 2830 .

89 2852 233 2933 pbemum
255 2852 413 2926 dixerunt,
440 2854 697 2934 eique-testificati
714 2853 816 2938 sunt),
843 2869 878 2916 et·
896 2855 1065 2916 testimonii
1081 2853 1245 2936 veritatem

88 2938 155 3016 ipso
173 2937 253 2996 sacto
273 2932 465 3019 confirmare,
492 2952 524 2999 et
546 2953 638 2999 testes
662 2937 800 3008 molcltia
822 2937 1165 3020 periculoqueliberare
1183 2950 1254 2998 tra-x

88 3021 154 3081 dito
172 3021 297 3082 ancillae
316 3036 505 3103 corpore,·ut
522 3023 696 3103 exquiratur
712 3047 728 3084 a
745 3023 872 3088 muliere
889 3024 927 3084 de
944 3023 1166 3096 verberatione,
1183 3042 1246 3102 quo

89 3127 146 3189 ego
166 3106 280 3166 iudicio
298 3107 528 3187 Theophemum
547 3127 713 3189 persequor
736 3107 894 3192 (quoniam
914 3129 979 3184 eam
996 3110 1062 3168 tu'm
1080 3127 1143 3166 nou
1162 3105 1246 3167 exhi-

89 3189 170 3273 buit)
189 3205 220 3252 ct
236 3205 445 3272 argumentum
464 3213 500 3253 ex
517 3194 569 3265 iis,
594 3185 786 3273 quibusdum
804 3186 1019 3274 Theopbemus
1038 3190 1172 3252 dicendis
1192 3190 1245 3251 de·
1301 3216 1303 3226 ¹

88 3275 170 3354 cepit
187 3276 318 3350 iudices,
336 3289 478 3339 sumatur.
513 3277 623 3337 Aiebat
641 3279 769 3338 enimin
788 3300 875 3338 causa
891 3277 1126 3348 verberationis,
1142 3288 1246 3347 testes,

88 3360 142 3439 qui
164 3356 321 3420 adfuerant
343 3362 373 3420 et
397 3361 586 3432 testabantur
608 3382 652 3434 ea,
677 3354 753 3442 quae
775 3363 852 3424 lacta
874 3363 1004 3437 fueraut,
1027 3362 1060 3420 iu
1082 3360 1183 3421 tabula
1208 3378 1245 3418 cx

86 3445 172 3528 lege,
190 3445 280 3505 falsos
300 3464 365 3504 esse
384 3458 415 3505 et
432 3467 448 3504 a
465 3466 518 3506 me
532 3441 912 3508 subornatosamulicrem
928 3468 1018 3519 vero,
1035 3465 1116 3524 quae
1130 3443 1244 3522 adluis-

86 3543 148 3601 set,
175 3551 245 3590 vera
263 3528 434 3604 dicturam,
455 3552 518 3590 non
535 3531 645 3591 tabella
661 3533 868 3605 testificando,
897 3533 949 3591 sed
967 3529 1146 3590 firmissimo·
1157 3525 1264 3588 testi:

84 3614 210 3687 monio,
238 3615 415 3688 tormentis,
442 3628 512 3674 uter
528 3617 613 3697 prior
628 3636 683 3696 per
699 3617 839 3677 iniuriam
857 3637 963 3677 manus
981 3615 1071 3675 alteri
1084 3612 1246 3675 intulisset.

85 3699 207 3774 Quibus
230 3719 303 3760 vero
328 3712 392 3759 tum
415 3699 515 3760 verbis
537 3701 709 3780 abutendo,
736 3715 767 3762 et
789 3714 884 3761 testes
905 3699 1107 3781 producendo.
1128 3697 1243 3756 iudices
1302 3736 1307 3741 -

76 3784 224 3863 decepit:
243 3803 276 3853 ea
294 3805 375 3843 nuuc
392 3781 465 3844 salsa
482 3771 548 3846 esse
566 3783 849 3866 deprehenduntur·
872 3781 989 3865 Corpus
1009 3783 1089 3843 euim
1107 3773 1262 3842 molieris*-

48 3913 52 3920 .
84 3870 204 3927 tradere
223 3888 285 3926 non
303 3868 408 3928 audet:
441 3871 495 3929 sed
513 3870 642 3944 mavult,
664 3869 787 3931 'fratrem
807 3883 840 3930 et
853 3868 974 3930 affinem
991 3867 1062 3928 salsi
1074 3861 1243 3929 testimonii

71 3953 198 4013 ¹iudicio
217 3949 395 4024 conflictari,
411 3954 533 4028 mavult,
550 3955 674 4020 eosdem
690 3954 776 4015 vobis
789 3945 1009 4014 'commentitiis
1022 3948 1172 4025 verbiset
1189 3949 1241 4009 de-

85 4037 329 4117 precationibus,
354 4029 699 4120 si'pos'siut,ssdeccptis,
723 4038 854 4110 absolvi,
873 4059 961 4117 quam
979 4037 1106 4111 muliere
1123 4033 1243 4107 tradita,

84 4121 127 4181 ita
145 4134 180 4181 ut
196 4119 326 4202 a'eqnum
344 4133 408 4196 est,
426 4123 510 4183 omui
527 4123 662 4204 periculo
680 4123 807 4183 liberari.
841 4122 917 4184 Nam
928 4141 993 4204 ego
1012 4121 1135 4200 quidem
1153 4137 1242 4201 saepe

84 4205 171 4266 illum
190 4205 368 4288 provocavi,
385 4208 512 4268 muliere
529 4209 693 4289 postulata:
717 4229 813 4288 quam
832 4219 943 4266 ettam
962 4218 993 4265 et
1009 4217 1080 4286 post
1096 4200 1250 4274 iudicium,
1264 4213 1316 4267 22:

85 4291 246 4352 admittere
268 4291 369 4365 volui,
394 4313 462 4352 cum
488 4293 628 4354 mulctam
652 4291 695 4353 eis
718 4293 883 4394 solverem,
906 4290 938 4351 in
963 4297 1007 4365 co)
1026 4292 1101 4355 item
1121 4289 1248 4364 iudicio,
1312 4296 1316 4305 '

551 4549 567 4575 x
667 4534 670 4539 .
