2722 4754
333 146 397 259 ou
433 145 592 258 riusa
627 193 932 257 tuicarroun.
1008 287 1011 293 Ι
1081 274 1084 279 ,
1158 202 1269 297 rra,

477 417 786 485 oscannum.

134 518 215 586 Haec
231 522 327 606 igitur‘
346 520 419 584 olim
438 541 454 579 e
474 520 620 601 dignitate
637 541 739 580 rerum
758 497 915 602 gestarum*
930 524 1113 585 decrevistis.
1140 523 1222 606 Age,

56 611 142 674 recita
159 624 190 670 et
206 629 258 682 ea,
281 629 358 688 quae
377 619 554 686 sequuntur.
956 640 959 644 ·

392 740 789 801 fortunarum.

138 846 214 927 Haic
232 876 298 923 tum
316 884 371 922 vos
390 861 582 934 decrevistis,
608 860 645 920 ab
664 861 728 920 istis
749 861 888 941 impulsi,
915 883 984 921 cum
1005 884 1108 944 caspe
1126 854 1215 927 initio

59 956 152 1036 -nequ'q
175 971 279 1031 pacem
305 947 469 1020 fecissetis,
502 967 603 1025 neque
629 946 816 1023 societatem·
830 947 980 1020 inissetis,
1012 971 1113 1028 neque
1129 965 1217 1030 post,
1265 983 1272 989 ·

73 1047 127 1105 cnm
142 1035 257 1099 adducti
275 1028 365 1106 estis,
388 1045 425 1092 ut
441 1044 580 1112 posteros
601 1031 691 1091 etiam
709 1033 823 1112 scripto
843 1033 1136 1113 complecteremini:
1163 1037 1224 1094 sed

74 1144 190 1206 mquam
207 1119 356 1178 mirabilia
374 1118 478 1177 nescio
498 1132 575 1196 quae
594 1129 720 1197 propter
736 1117 810 1179 istos
830 1118 910 1176 bona
929 1120 1108 1199 percepturi.
1129 1121 1217 1194 Quo-

76 1216 120 1276 ties
133 1219 223 1270 autem
242 1204 333 1263 etiam
351 1198 436 1284 post,
454 1203 629 1276 audientes,
648 1202 782 1282 Philippi
800 1204 964 1263 exercitum
982 1205 1020 1263 ad
1037 1206 1217 1275 Porthmum

77 1310 118 1361 aut
130 1293 159 1355 ad
174 1292 293 1371 Megara
312 1309 397 1362 esse,
415 1288 590 1347 tumultuati
607 1288 690 1360 sitis,
710 1309 815 1346 omnes
835 1288 927 1348 scitis.
956 1289 1027 1350 Non
1046 1291 1141 1372 igitur
1158 1291 1217 1350 ho'c
1292 1358 1295 1362 ,

78 1376 242 1467 spectandum
262 1387 325 1447 est,
351 1387 403 1433 aut
421 1374 616 1446 cessandum,
633 1372 760 1433 'etiamsi
779 1374 916 1432 nondum
935 1374 1069 1435 Atticam
1086 1376 1217 1441 invadit:

80 1470 122 1530 sed
140 1460 202 1523 illud
225 1458 409 1531 videndum,
437 1481 475 1517 an
493 1480 547 1538 per
565 1460 639 1518 istos
658 1471 791 1538 potestas
816 1459 846 1517 id
869 1459 1002 1519 faciendi
1020 1463 1088 1520 data
1113 1462 1142 1520 ei
1166 1462 1215 1535 sit,

80 1549 173 1635 quando
195 1545 317 1605 libitum
340 1544 449 1614 suerit,
476 1557 508 1603 et
529 1544 579 1605 illa
599 1543 749 1603 calamitas
767 1543 973 1624 respicienda,
1001 1560 1032 1605 et
1054 1561 1161 1626 auctor
1185 1559 1216 1606 et

79 1642 212 1699 insuunor
228 1630 309 1688 illius
329 1627 488 1710 potestatis
508 1629 579 1689 odio
597 1630 830 1708 prosequendus
850 1643 881 1689 ct
896 1631 1097 1691 ulciscendus.
1119 1633 1216 1712 Equi·
1232 1636 1299 1692 ‘235

79 1739 123 1784 ten
137 1718 202 1789 scio,
216 1714 402 1775 Aeschinem
421 1716 458 1784 ad
475 1715 698 1775 accusationem
718 1712 803 1789 nibil
814 1736 879 1774 esse
898 1738 1134 1796 responsurum:
1152 1721 1216 1794 sed,

79 1822 281 1889 quoiusquam
297 1800 474 1882 longissime
491 1821 507 1858 a
523 1821 611 1862 causa
625 1799 764 1871 abducat,
782 1800 1101 1877 commemoraturum,
1119 1826 1215 1883 quan·
1268 1808 1284 1825 “

77 1908 128 1954 tun
146 1886 273 1948 universi
294 1885 438 1960 mortales
464 1886 694 1944 commodorum
723 1907 758 1943 ex
783 1906 856 1964 pace
880 1888 1066 1967 percipiant,
1099 1904 1215 1963 contra,

25 1970 31 1987 ’
78 1998 133 2058 quas
148 1995 163 2032 e
178 1971 255 2031 bello
274 1970 391 2044 clades,
411 1993 444 2030 ac
464 1971 595 2048 denique
614 1969 821 2029 laudationem
839 1972 919 2049 pacis
939 1973 1125 2033 defensionis
1145 1975 1213 2035 loco

77 2063 215 2123 allaturum.
249 2056 329 2116 Sunt
350 2068 451 2115 autem
470 2077 508 2115 ea·
522 2055 624 2127 onmia
643 2077 711 2113 cum
730 2055 796 2123 eius
814 2055 1025 2116 criminatione
1044 2060 1216 2120 coniuncta

65 2149 135 2215 bom
147 2143 169 2203 si
185 2164 254 2222 pax,
288 2163 366 2219 quae
384 2141 448 2200 aliis
467 2153 516 2200 tot
532 2141 683 2201 bonorum
702 2161 789 2199 causa
809 2153 872 2214 est,
903 2155 951 2201 tot
968 2144 1164 2226 negotiorum
1184 2158 1220 2204 et

76 2244 153 2293 tanne
168 2227 401 2309 perturbationis
421 2248 509 2285 causa
527 2225 616 2285 nobis
635 2226 765 2286 exstifit:
790 2226 864 2304 quid
882 2229 1004 2288 tandem
1023 2230 1082 2288 dici
1102 2252 1213 2291 conve-

77 2319 134 2389 niet,
147 2313 199 2373 nisi
214 2313 305 2386 istos,
323 2311 500 2374 muneribus
518 2312 658 2392 acceptis,
674 2324 864 2390 rem-suapte
882 2325 988 2372 natura
1007 2315 1118 2375 bonam
1137 2316 1214 2375 male

77 2398 237 2481 corrupisse?
264 2398 348 2473 Quid
366 2397 458 2457 vero?
477 2419 580 2457 annon
598 2397 738 2457 triremes
753 2409 909 2459 trecentae
928 2412 959 2459 et
976 2415 1159 2461 armamenta
1176 2403 1221 2476 il,

71 2489 152 2547 'larum
166 2498 199 2545 'et
219 2484 365 2564 pecuniae
384 2483 471 2543 vobis
490 2495 655 2563 supersunt
679 2495 715 2564 et
729 2497 917 2561 ‘supererunt
939 2500 1065 2566 propter
1089 2487 1213 2566 pacem?
1274 2510 1277 2515 ·

76 2574 177 2632 sortasse
194 2571 297 2629 dicat
321 2570 418 2630 Vobis
436 2583 538 2633 autern
557 2582 661 2629 contra
679 2568 720 2627 ita
737 2567 932 2631 sentiendum
952 2584 1014 2631 est:
1032 2572 1123 2632 etiam
1141 2573 1213 2632 Phi-

44 2711 47 2717 .
76 2657 137 2738 lippi
155 2677 218 2736 opes
242 2677 277 2715 ea
303 2678 375 2736 pace
396 2655 494 2715 multo
513 2655 665 2721 auctiores
684 2675 750 2713 esse
774 2653 865 2714 factas
892 2668 923 2716 et
945 2669 1088 2736 apparatu
1112 2662 1213 2719 mmo-

75 2764 133 2802 runt
147 2754 173 2801 et
184 2741 342 2822 provinciis
362 2754 392 2801 ct
409 2741 577 2814 reditibus,
606 2761 683 2818 quos
701 2738 752 2801 ille
770 2742 877 2799 iractus
896 2752 943 2799 est
960 2742 1108 2823 ingentes.
1152 2742 1214 2803 Ac·
1245 2814 1249 2818 ι

29 2873 33 2877 -
76 2839 207 2887 cesserunt
222 2839 251 2887 et
268 2826 359 2887 nobis
379 2827 488 2906 aliqui:
523 2827 578 2886 sed
596 2827 1036 2906 tanren.rerum.gerendarum
1053 2840 1213 2908 apparatus

75 2912 267 2986 atrociorem,
296 2934 357 2991 quo
383 2924 566 2995 omnes'aut
588 2909 786 2990 sibimetipsis
811 2922 863 2969 aut
887 2912 1114 2991 potentioribus
1140 2935 1213 2993 opes

74 3008 162 3078 parant
174 3020 203 3058 ac
219 3010 342 3071 tenent,
367 3008 473 3071 noster
490 2998 639 3077 quidem,¹
657 2990 694 3055 ab
712 2996 772 3056 isto
790 2997 950 3070 venditus,
968 2998 1060 3078 periit
1078 3011 1109 3057 et
1127 2999 1213 3058 debi-

74 3083 156 3143 litatus
177 3096 233 3143 est:
262 3083 344 3142 illius
369 3097 488 3156 autem,
515 3080 715 3142 formidabilis
741 3093 788 3140 est
809 3078 906 3141 lactus
933 3095 964 3142 et
987 3083 1085 3143 multo
1109 3084 1213 3144 maiorss
1243 3143 1248 3151 ,

73 3168 132 3227 Non
145 3168 227 3252 igilur
244 3189 376 3248 aequum
395 3182 458 3242 est,
484 3168 529 3227 illi
545 3181 683 3247 utraque.
695 3187 761 3227 esse
780 3179 865 3226 aucta
883 3189 939 3247 per
954 3168 1047 3241 istos,
1067 3181 1098 3228 et
1115 3169 1213 3229 socie·
1275 3219 1280 3224 .

28 3282 33 3290 ⁴
73 3265 137 3313 tates
152 3266 177 3315 et
189 3244 321 3315 reditus:
352 3255 440 3314 nobis
460 3276 513 3326 ea,
539 3274 617 3333 quae
635 3266 761 3333 propter
777 3272 887 3346 P³⁰5¹¹l
900 3255 1010 3313 merito
1029 3267 1213 3328 teneremus,

72 3338 177 3409 istomin
193 3340 372 3420 corruptelis
396 3339 555 3399 aestimari.
597 3339 669 3398 Non
695 3338 775 3397 enim
800 3337 874 3397 haec
891 3337 947 3418 pro
965 3339 1025 3399 illis
1043 3341 1212 3422 recepimus

73 3420 165 3504 (neque
180 3426 280 3486 multis
298 3414 398 3486 verbis
418 3438 464 3485 est
482 3421 588 3506 opus):
623 3425 678 3484 sed
704 3436 735 3483 et
758 3422 833 3482 haec
853 3422 962 3484 eodem
980 3425 1072 3485 modo
1091 3439 1212 3486 tenere-

73 3530 141 3583 mus,
156 3523 180 3570 et
194 3512 260 3585 illa,
279 3512 305 3570 si
324 3510 437 3590 absque
456 3510 520 3571 istis
541 3521 637 3582 esset,
656 3509 859 3569 accessissent.
880 3509 959 3568 lllud
973 3517 1096 3584 'autem,
1113 3509 1212 3570 Athe·
1307 3586 1309 3590 Ι

72 3592 184 3669 nienses,
212 3597 340 3657 omniuo
359 3595 583 3667 assentiemini,
612 3595 730 3655 etiamsi
748 3594 842 3661 multa
862 3607 893 3654 et
910 3595 1010 3676 gravia
1027 3596 1212 3676 reipublicae
1233 3620 1236 3624 ’

72 3678 226 3756 acciderint,
253 3702 360 3742 eorum
385 3695 486 3745 autem
510 3680 624 3741 nullius
650 3693 758 3741 auctor
781 3679 822 3740 sit
845 3677 1032 3755 Aeschines,
1057 3703 1121 3741 non
1146 3702 1212 3741 esse

26 3809 32 3816 .
71 3762 176 3840 iustum,
194 3768 279 3827 utin
298 3790 368 3828 eum
385 3767 552 3840 saeviatur,
570 3788 646 3840 nec,
664 3767 690 3825 si
708 3766 780 3846 quid
799 3788 854 3846 per
871 3765 1003 3845 aliquem
1022 3767 1114 3827 aliurn
1133 3767 1211 3826 bene

71 3848 166 3931 gestum
183 3867 248 3926 cst,
272 3867 309 3914 ut
334 3854 410 3914 illud
429 3875 499 3913 eum
516 3865 655 3915 tucatur:
686 3854 741 3912 sed
759 3874 886 3931 quarum
905 3852 962 3912 iste
981 3874 1082 3913 rerum
1101 3853 1141 3912 sit
1157 3875 1211 3913 au-

71 3946 134 4009 ctor,
157 3939 343 4021 cogitabitis,
370 3940 460 4019 eique
479 3950 511 4001 et
527 3937 671 4022 gratiam,
696 3938 722 3996 si
741 3937 851 4018 dignus
867 3937 1037 4012 videbitur,
1062 3936 1213 4010 reseretis,

70 4019 96 4079 ct
114 4037 224 4096 contra,
251 4025 279 4085 si
303 4024 534 4097 commeruerit,
561 4023 787 4105 succensebitis.
828 4024 912 4083 Haec
935 4023 1030 4105 igitur
1054 4024 1212 4102 quomodo

69 4119 134 4169 recte
149 4109 403 4190 deprehendetis?
430 4111 463 4169 Si
490 4130 559 4170 eum
583 4130 649 4190 non
674 4109 775 4168 omnia
792 4108 884 4169 simul
902 4107 1097 4168 commiscere
1114 4109 1211 4188 patie-

69 4190 136 4267 nini,
151 4195 260 4257 ducum
277 4197 400 4270 scelera,
417 4195 531 4255 bellum
546 4208 667 4277 gestum
681 4218 750 4254 cum
766 4195 919 4275 Philippo,
938 4195 1096 4255 commoda
1111 4195 1211 4275 pacis:

69 4278 111 4336 sed
130 4279 152 4337 si
175 4282 295 4364 singula
311 4304 366 4363 per
382 4304 415 4343 se
435 4281 674 4342 considerabitis.
716 4280 810 4355 Quod
828 4301 924 4361 genus
944 4291 1004 4345 est:
1030 4279 1103 4339 Fuit
1120 4279 1209 4341 nobis
1303 4337 1306 4345 ,

69 4358 163 4437 bellum
170 4378 239 4433 cunt
247 4366 407 4448 Pbilippo?
422 4369 446 4427 F
447 4367 501 4427 uit.
516 4367 574 4427 llic
585 4365 730 4447 numquis
744 4363 1076 4426 accusatdesihiuem?
1094 4365 1211 4425 Vultne
