2722 4754
159 215 162 225 ,
210 146 527 301 „anteusus
558 144 992 284 astronomorum
1025 201 1047 263 ι
1106 144 1124 191 ⁴
1170 206 1244 267 ³05.
1333 144 1336 148 ⁸

66 392 69 397 -
87 361 204 428 collocat
246 356 337 430 Quae
355 356 482 423 comita
498 354 576 414 sint':
594 366 683 415 recte
702 354 762 415 dici
780 368 886 435 queat,
910 355 1036 438 opinor,
1060 379 1147 420 reum
1166 363 1233 432 esse

84 448 152 511 „nhc
167 438 409 523 Aristogitonem
416 441 589 514 ,iudicium
607 453 707 500 autem
725 441 792 499 fieri
810 442 847 500 de
865 442 969 516 vobis,
988 458 1018 506 et
1036 445 1234 511 existimatio.

17 577 19 587 .
47 586 50 593 ,
82 553 142 597 nem
158 525 205 609 agi
221 539 359 586 vestram.
392 525 469 585 Nam
486 524 513 598 si
530 524 770 585 iracundiim-›in
789 526 865 585 adeo
883 528 1048 608 magnis'sset
1066 533 1238 605 manifestisv
1275 558 1277 563 ’

10 611 12 618 ’
37 620 42 627 “
77 611 229 687 sceleribus
248 606 695 686 declarabitis-etsevmitatem
712 622 857 671 vestram:
871 624 915 670 ut
932 613 1048 677 iudices
1065 638 1119 678 vos
1139 632 1169 681 et
1187 617 1232 689 le'-,
1244 616 1264 630 ”
1312 620 1316 629 “

72 722 141 789 gum
158 696 309 770 custodes,
326 692 362 755 ut
379 695 466 769 estis,
479 695 633 778 ingressos
644 710 716 755 'esse
734 692 892 775 putabunt
920 697 1040 771 Quodsi
1058 703 1132 780 quid
1149 706 1232 768 aliud

10 786 11 793 ’
69 788 116 850 lis
134 783 200 866 plns
215 779 347 841 valuerit-
362 777 460 862 (quod
479 781 537 840 etsi
560 798 650 840 nemo
669 801 706 849 se
719 780 827 840 fecisse
845 778 1005 856 fatebitur,
1029 785 1061 843 in
1079 788 1232 874 suffragiis

33 926 38 937 ,
62 886 166 936 tamen
184 862 355 948 apparebit)
372 886 497 938 vereor,
514 885 561 925 ne·
570 865 679 945 quovis
698 886 750 925 eos
769 878 916 946 tempore,
935 867 992 947 qui,
1005 870 1147 935 studeant
1165 897 1231 938 esse

13 962 15 967 ’
56 950 198 1036 improbi
215 951 248 1010 in
272 950 457 1031 republica,
475 963 619 1030 tanquam
642 951 769 1010 lanistae
796 951 976 1030 quibusdam
995 973 1134 1017 exercere
1151 962 1231 1022 velle
1306 958 1316 981 '

49 1036 234 1106 videamini
279 1035 394 1095 Omnes
419 1035 504 1093 enim
524 1035 657 1117 improbi
680 1057 736 1117 per
751 1039 783 1096 'se
806 1035 919 1095 infirmi
937 1050 1023 1099 sunt:
1048 1062 1139 1119 quem
1157 1065 1231 1107 vero
1302 1104 1305 1108 .

41 1120 256 1199 vosnspvetis,
273 1120 309 1181 fit
326 1132 443 1200 potens.
462 1119 556 1194 Quod
573 1135 609 1181 ut
627 1121 664 1193 ei,
683 1120 733 1180 cni
748 1120 967 1183 haeclicentia·
981 1124 1119 1207 contigit,
1138 1149 1230 1208 quae.

32 1223 146 1272 stum
164 1219 194 1266 et
209 1204 379 1287 potentiam
405 1219 511 1287 auget:
536 1205 578 1266 ita
591 1204 682 1290 'vobis
702 1218 777 1289 est,⁴
790 1206 854 1267 eius
868 1207 1019 1268 -licentiae
1044 1214 1242 1291 auctoribus„

28 1291 239 1376 opprobrio.
273 1290 453 1370 Priusquam
470 1303 590 1363 autem,
607 1289 823 1364 Athenienses,
842 1291 880 1350 de
896 1292 1020 1371 privatis
1038 1292 1124 1356 lstius
1142 1298 1229 1360 lactis

22 1380 171 1450 dicam,
187 1396 242 1436 vos
262 1376 424 1456 diligenter
442 1377 611 1455 expendere
628 1375 718 1434 velim
738 1387 768 1434 et
785 1375 900 1454 paucis,
917 1376 950 1436 in
969 1393 1115 1456 quantum
1135 1384 1229 1444 dede·

16 1485 123 1531 cns
139 1475 167 1523 et
180 1461 392 1543 ignominiam·
407 1459 556 1522 civitatem
580 1460 702 1540 publice
727 1459 915 1522 coniecerint
932 1481 1037 1523 omnes
1055 1465 1242 1531 istiusmodi<
1346 1472 1348 1512 ἶ

10 1539 191 1621 belluae,
209 1569 336 1626 quarum
354 1546 470 1607 medius
490 1559 521 1605 et
537 1558 708 1626 postremus
728 1556 759 1604 et
774 1545 889 1625 primns
909 1542 970 1608 iste
985 1562 1037 1609 est
1070 1551 1133 1624 Qui
1151 1572 1230 1632 quae

10 1631 123 1694 alia
140 1631 316 1716 designent,
342 1644 513 1712 praetereo:
540 1631 643 1691 sedin
670 1630 833 1691 conciones
857 1634 1040 1708 ascendunt,
1064 1635 1098 1695 in
1116 1638 1229 1716 quibus
1303 1672 1308 1690 s

10 1732 121 1779 vos
137 1716 496 1790 sententiaedictionem,
514 1735 578 1776 non
588 1716 788 1796 improbitatis
807 1714 1228 1786 ostentationem‘oratoribns

10 1801 252 1885 proponitis,
267 1800 411 1875 audacia,
429 1801 661 1873 vociferatione,
679 1800 760 1860 falsis
780 1800 1051 1877 crIminationihus,
1070 1805 1304 1884 calumnia,
1330 1828 1339 1845 ¹

10 1881 416 1970 inpudentia‚'omnibus
435 1887 569 1967 denique
588 1887 652 1946 eius
670 1887 790 1967 generis
801 1887 893 1947 rebus
908 1887 1062 1962 instructi,
1080 1894 1157 1970 quale
1173 1894 1228 1954 de.
1277 1953 1284 1957 ,

10 1963 257 2051 liberantibus
284 1970 426 2032 omnibus
444 1986 520 2033 sunt
539 1970 764 2030 inimicissimae
782 1985 873 2051 atque
900 1973 990 2032 etiam
1009 1974 1145 2036 omnium
1161 1966 1230 2038 tur-

19 2058 211 2142 pissimae,
228 2068 265 2116 nt
282 2057 419 2116 arbitror.
445 2057 499 2116 His
516 2056 637 2138 probris
657 2059 780 2114 omnem
796 2056 947 2136 publicam
966 2056 1156 2120 honestatem
1175 2066 1228 2123 su-'
1319 2118 1322 2124 ,

34 2154 176 2226 lterant,
193 2132 289 2224 leges,
305 2142 468 2223 praesides,
485 2140 772 2223 promulgationem,
791 2140 1004 2221 disciplinam·
1022 2143 1109 2218 Quae
1128 2147 1154 2205 si
1171 2167 1227 2209 vos
1254 2186 1256 2190 =
1311 2200 1313 2204 .

56 2227 254 2310 approbatis,
272 2227 298 2288 si
314 2240 415 2288 vestro
434 2227 563 2288 consilio
581 2227 677 2298 fiunt,
694 2240 821 2307 pergere
840 2246 903 2286 non
920 2224 1078 2308 prohiberi
1097 2224 1226 2292 debente
1258 2279 1260 2288 .
1313 2248 1316 2253 ·

63 2314 107 2375 sin
126 2333 161 2372 ea
185 2312 366 2395 corrigenda
389 2315 438 2374 vel·
456 2335 536 2373 nunc
561 2315 627 2373 esse
652 2310 780 2383 ducitis,
805 2323 838 2371 et
856 2312 1016 2391 quaeiam
1040 2313 1120 2373 dicta
1144 2329 1226 2391 sunt,

15 2460 19 2465 ,
64 2398 157 2459 multo
167 2410 246 2458 aute
258 2411 296 2458 -et
320 2399 490 2483 longo-iarn
514 2411 651 2478 tempore
674 2397 806 2476 turpiter
822 2395 994 2457 ah=imisaet
1010 2397 1087 2456 male
1105 2398 1227 2470 divei'a-
1281 2440 1284 2444 -

62 2498 97 2558 ta,
113 2483 305 2543 restituenda
317 2484 354 2542 in
370 2484 533 2566 integrum,
552 2481 654 2541 omnia
672 2481 762 2541 huius
776 2481 897 2564 generis
911 2481 1034 2564 ingenia
1048 2481 1140 2557 hodie
1154 2498 1228 2546 sunt

62 2568 257 2652 negligenda,
277 2581 308 2629 et
325 2589 396 2628 vere
414 2568 675 2650 pronuntiandum
693 2578 755 2639 est,
774 2580 805 2628 et
822 2566 982 2647 aequitatis
993 2567 1105 2644 amica,
1121 2568 1225 2653 legum

19 2672 42 2678 ··
61 2653 192 2726 sancho,
209 2653 332 2713 maximi
349 2653 501 2728 facienda,
525 2675 603 2733 quae
622 2672 727 2712 omnes
742 2665 778 2713 ut
794 2652 889 2712 urbes
905 2652 1093 2734 et-regiones
1112 2667 1226 2730 tuetur,
1303 2701 1325 2739 ,Ι

63 2753 93 2800 et
107 2738 302 2799 inexorabilis
321 2760 355 2799 ac
371 2739 542 2799 veneranda
559 2737 686 2811 lustitia,
704 2758 794 2816 quam
808 2737 844 2810 is,
863 2736 916 2816 qui
934 2751 1121 2806 sacrosancta
1138 2740 1227 2802 initia

62 2823 151 2884 nohis
168 2824 363 2896 monstravit,
383 2823 541 2905 Orpheus,
559 2823 638 2904 solio
656 2821 736 2882 loris
754 2821 936 2882 assidentem
955 2822 1056 2882 omnia
1067 2822 1150 2899 ,lacta
1168 2824 1227 2884 ho·
1293 2836 1296 2841 “

61 2909 175 2968 minum
193 2908 235 2968 ait
252 2908 372 2969 intueri.
406 2909 481 2968 Eam
506 2907 725 2997 unusquisque
736 2905 768 2964 in
786 2927 818 2966 se
845 2906 978 2988 defigere
990 2918 1091 2987 -putet
1108 2911 1227 2986 oculos,¹

60 2994 369 3074 itaque-pronuntiet,
385 3008 421 3056 ut
439 3007 541 3055 caveat
558 3007 589 3055 et
606 2993 774 3073 provideat,
791 3012 831 3051 ne
850 3012 914 3051 eam
932 2992 1113 3073 pudefacia't,
1131 3016 1155 3054 a*
1167 3018 1225 3076 qua
1247 3002 1307 3063 491

61 3092 231 3161 cognomen
249 3066 366 3139 hahetis
384 3079 515 3162 singuli,
544 3078 597 3157 qui
614 3083 696 3138 sorte
722 3076 837 3136 iudices
852 3097 988 3157 quoque
1013 3082 1226 3161 tempore‘de7
1315 3141 1319 3147 ,

52 3156 130 3239 ,lecti
145 3163 220 3223 estis
235 3165 276 3223 ¹ad
295 3154 431 3224 omnium
448 3164 481 3223 in
499 3161 666 3242 republica
677 3161 854 3245 degentium
872 3163 1063 3223 honestatem
1081 3177 1113 3224 et
1130 3165 1176 3226 ius
1195 3181 1228 3229 et

16 3276 30 3315 ῃ
58 3248 221 3310 utilitatem
239 3250 393 3329 tuendam,
413 3261 444 3308 et
456 3248 606 3309 hodierno
626 3247 835 3329 die-tanquam
855 3246 1037 3328 depositum,
1054 3249 1235 3312 iureiuran.·

45 3333 96 3395 ‚do
115 3333 271 3407 adstricti,
289 3334 444 3414 accepistis
471 3355 487 3394 a
505 3333 648 3415 legibus,
664 3330 820 3412 republica
847 3344 878 3403 et
895 3333 998 3413 patria
1041 3334 1168 3408 Quodni
1184 3338 1228 3398 ita
1310 3339 1318 3350 “

14 3461 17 3466 -
59 3416 143 3492 eritis
158 3419 295 3493 animati,
312 3419 365 3478 sed
384 3439 439 3498 pro
457 3418 546 3479 solita
562 3417 706 3478 facilitate
725 3417 854 3498 ingressi
871 3416 1034 3477 ¹sedebitis:
1050 3438 1225 3495 vereorsne
1249 3478 1252 3483 ,

23 3536 28 3541 -
56 3524 104 3563 res
122 3502 158 3567 in
176 3503 328 3565 diversum
347 3506 453 3576 vertat,
473 3516 594 3576 etune,
612 3503 684 3563 dum
702 3501 946 3583 Aristogitonem
963 3513 1152 3578 accusamus,
1169 3525 1225 3566 ros

20 3624 23 3649 ι
55 3586 197 3649 accusare
220 3588 389 3649 uideamur·
428 3590 500 3665 Quo
519 3588 599 3648 enim
624 3585 796 3648 evidentius
820 3599 972 3647 ostensam
990 3588 1120 3648 anobis·
1136 3590 1226 3650 istius
1313 3627 1316 3631 ι

54 3672 283 3754 improbitatem
300 3694 355 3734 vos
373 3674 473 3733 minus
491 3672 684 3747 curaveritis,
711 3693 748 3732 eo
767 3671 871 3731 maius*
890 3671 1035 3733 dedecus
1048 3673 1227 3756 suscipietis·
1287 3676 1289 3681 ’
1327 3699 1339 3706 ·

31 3806 33 3811 ,
55 3755 161 3838 Atque
177 3757 252 3819 haec
264 3744 416 3819 hae'tenus.
432 3754 569 3818 Omnino
585 3770 697 3832 autem,
714 3756 929 3833 Athenienses,
942 3757 1129 3819 familiariter
1140 3781 1227 3843 agam

55 3842 219 3905 vobiscum
230 3856 263 3904 et
274 3860 351 3904 vera
364 3844 467 3903 dicam.
485 3844 551 3925 Ego
565 3843 599 3902 in
614 3842 813 3903 concionibus
831 3863 901 3909 cum
917 3836 1063 3918 vidirem,
1080 3845 1227 3906 constitui

18 3999 26 4009 ‚
51 3949 104 3988 me
124 3950 141 3988 a
160 3929 249 3990 vohis
268 3941 299 3989 et
323 3928 416 4011 deligi
433 3929 470 3988 ad
488 3928 575 3988 istius
593 3928 831 3988 accusationem:
856 3938 947 4010 aegre
962 3929 1038 4003 tuli,
1064 3929 1100 3989 ab
1120 3933 1228 4010 eaque,-
1292 3927 1297 3934 ’

56 4012 99 4075 ita
115 4013 222 4076 medii
237 4010 372 4096 deaeque
391 4015 626 4087 omnes-ament,
643 4011 796 4073 abhorrui
813 4011 922 4093 Neque
940 4013 1021 4073 enim
1039 4013 1227 4096 ignorabam,
1248 4076 1256 4091 ‚
1325 4094 1329 4098 ῃ

57 4117 148 4182 eum,
173 4099 227 4180 qui
240 4098 304 4159 tale
322 4119 433 4158 munus
449 4099 535 4181 apud
550 4117 605 4159 vos
624 4098 768 4172 obiisset,
791 4117 858 4158 non
873 4097 941 4159 sine
959 4097 1039 4158 malo
1056 4098 1227 4162 abiturum-r
1272 4100 1276 4106 '

57 4184 171 4264 quodsi
183 4196 389 4253 tantum-non
408 4196 503 4258 essct,
520 4196 555 4244 ut
571 4183 672 4264 statim
687 4183 872 4256 sentiretur,
883 4195 938 4257 at,
955 4182 981 4242 si
998 4204 1087 4266 saepe
1104 4184 1227 4248 fecisset

10 4332 12 4342 ,
57 4290 114 4331 nec
132 4269 305 4342 desisteret,
323 4268 464 4330 celeriter
479 4267 518 4326 iri
536 4268 701 4352 cognitum.
715 4268 859 4330 Necesse
871 4280 1056 4339 tamenesse
1075 4255 1156 4346 dixi,
1172 4268 1226 4332 v'e-

48 4354 126 4423 ‚et'ris
138 4353 484 4438 parere-voluntatibus.
495 4351 548 4431 'Ac
561 4352 723 4417 teudonis
741 4353 864 4435 qiidein
881 4354 1229 4440 uusasuinrslegum
1326 4425 1329 4430 7

486 4597 491 4616 '
570 4617 577 4654 t
