2722 4754
165 144 204 245 aa
255 267 286 285 ,f
450 221 452 227 ,
497 155 987 278 transumuntur..

163 360 201 402 an
219 339 309 400 armis
327 336 518 405 lites'finiri?
545 349 577 399 ct
593 348 696 412 utrum
714 340 808 424 magis
828 342 950 416 deceat,
973 354 1008 406 ut
1027 345 1084 426 ipsi
1102 345 1208 406 arbitri
1226 347 1333 422 simus',

162 449 200 487 an
219 447 291 492 vero
309 438 345 485 ut
362 423 429 484 aliis
447 421 604 484 arbitrium
621 424 809 488 deferamus?
828 427 977 509 Reputate
997 430 1097 503 etiam,
1115 428 1205 511 quam
1223 432 1332 492 absur-

163 514 235 573 dum
254 511 307 582 sit,
326 507 454 568 Thasios
473 520 504 569 et
520 509 684 569 Maronitas
701 511 786 572 litem
806 513 843 572 de
861 513 982 597 Stryme
1001 515 1223 596 disceptatione
1241 518 1331 578 finire
1356 510 1360 519 ’

162 596 231 677 cogi
248 595 284 653 ah
293 593 549 654 Atheniensibus:
568 593 650 674 ipsqs
664 609 764 656 autem
781 610 825 670 ea,
844 598 882 656 de
897 598 1007 677 quibus
1022 600 1190 682 ambigunt,
1208 624 1330 663 mecum

161 683 199 743 ad
218 680 349 739 eundem
367 680 492 738 modum
510 699 573 738 uon
590 680 782 762 transigere?
809 683 984 762 praesertim
1004 708 1097 765 quum
1115 686 1236 761 sciatis,
1261 709 1328 763 vos,

81 788 87 799 ‘
137 820 139 825 .
160 767 187 828 si
204 763 444 837 succubueritis,
462 763 539 823 nihil
557 763 737 826 amissuros:
762 766 810 826 sin
829 767 978 842 viceritis,
995 771 1147 851 potituros
1166 772 1231 846 his,
1251 794 1343 853 quae-

158 850 292 913 nuncin
310 863 414 910 nostra
430 869 522 908 manu
547 861 625 910 sunt.
668 848 729 911 Sed
752 851 829 910 illud
852 850 989 913 omnium
1010 854 1234 936 iniquissimum
1254 857 1353 919 mihi·

94 926 98 943 ’
159 927 289 1009 videtur,
308 936 401 1015 quod,
423 955 516 1014 quum
534 933 651 1017 legatos
670 955 706 996 ex
724 936 808 997 omni
825 937 978 998 sociorum
997 955 1150 1007 conventu
1167 943 1329 1017 misissem,

156 1037 193 1085 ut
209 1035 304 1084 testes
323 1033 443 1092 essent,
479 1041 634 1100 quumque
652 1022 760 1082 vellem
774 1023 817 1097 ⁴de
835 1022 960 1084 Graecis
978 1045 1013 1085 ea
1030 1027 1189 1087 vobiscum
1205 1027 1347 1108 pacisci,

155 1130 235 1190 ‘quae
259 1108 338 1166 iusta
357 1116 481 1199 essem,
506 1100 674 1186 legatorum
700 1106 870 1166 orationem
894 1129 933 1168 ne
955 1109 993 1168 de
1017 1110 1064 1181 his
1083 1112 1206 1191 quidem
1231 1113 1327 1173 admi-

97 1228 103 1240 =
158 1196 255 1255 sistis:
281 1189 473 1271 quamvisin
497 1203 597 1251 uestra
622 1213 714 1252 mauu
741 1204 838 1266 esset,
864 1206 917 1253 aut
941 1213 993 1253 eos
1020 1195 1147 1256 liberare
1172 1197 1327 1278 periculis,

157 1281 211 1361 qui
225 1277 303 1337 male
318 1278 355 1336 de
370 1274 460 1335 nobis
476 1275 716 1356 suspicabantur,
733 1291 784 1338 aut
801 1277 898 1358 palam
915 1278 1106 1355 convincere,
1124 1303 1172 1341 me
1188 1283 1326 1342 omnium

157 1360 318 1426 hominum
337 1381 402 1421 esse
420 1360 686 1442 improbissimum.
719 1361 765 1422 Ac
782 1363 897 1444 populo
916 1363 1039 1444 quidem
1056 1366 1107 1429 illa
1126 1381 1212 1428 erant
1222 1367 1326 1441 utilia,

157 1452 211 1511 sed
236 1471 252 1508 e
275 1467 309 1507 re
334 1459 490 1507 oratorum
514 1468 578 1507 nou
603 1460 696 1509 erant.
737 1447 814 1506 Nam
837 1448 891 1527 qui
914 1462 1032 1510 vestrae
1056 1451 1184 1512 civitatis
1198 1457 1325 1527 'morem

155 1545 280 1606 tenent,
304 1553 409 1614 pacem
427 1532 471 1592 eis
490 1532 604 1592 bellum
623 1554 707 1607 esse,
731 1545 762 1592 et
778 1533 892 1593 bellum
907 1554 1015 1615 pacem
1033 1535 1199 1598 affirmant:
1232 1561 1325 1618 quum

153 1644 173 1682 a
188 1619 316 1680 ducibus
335 1618 383 1677 vel
401 1618 619 1698 patrocinando
638 1619 687 1679 vel
705 1617 915 1678 calumniando
932 1621 1092 1700 pecuniam
1110 1636 1325 1703 extorqueant:

157 1718 189 1765 et
205 1718 271 1785 tum
289 1703 488 1763 nobilissimis
508 1702 634 1776 civibus,
651 1716 717 1763 tum
736 1717 908 1764 exterorum
925 1705 1132 1766 celeberrimis
1151 1708 1325 1769 convician-

157 1791 197 1850 do
215 1809 271 1870 pro
291 1787 455 1871 concione,
483 1787 515 1847 id
533 1799 671 1868 captent,
699 1801 735 1849 ut
752 1789 912 1870 populares
931 1811 1000 1869 esse
1014 1791 1181 1862 videantur.
1223 1793 1326 1855 Facile

157 1875 233 1935 mihi
257 1872 380 1952 quidem
404 1884 499 1946 esset,
525 1872 552 1931 si
574 1873 731 1952 paululum
754 1875 1061 1958 pecuniaedilargiri
1083 1878 1191 1960 velim,
1217 1899 1325 1939 eorum

143 1956 350 2040 ‘compescet'e
368 1957 629 2032 maledicentiam,
656 1971 687 2018 et
705 1959 841 2032 efficere,
866 1973 902 2019 ut
918 1981 975 2020 nos
993 1962 1133 2023 laudibus
1152 1965 1325 2030 eveherent
1343 1958 1355 1965 ’

73 2054 134 2111 105
156 2046 218 2107 Sed
236 2066 285 2104 me
303 2045 443 2127 puderet,
462 2057 592 2104 vestram
610 2043 854 2105 benevolentiam
872 2045 909 2105 ab
929 2045 994 2106 istis
1013 2048 1155 2120 mercari,
1167 2050 1220 2128 qui
1238 2071 1325 2131 prae-

120 2157 125 2167 ‚
155 2148 204 2195 ter
222 2144 338 2191 caetera
355 2129 624 2194 tamconfidentes
643 2141 730 2202 sunt,
746 2145 782 2192 ut
799 2129 858 2189 iam
877 2130 914 2190 de
929 2129 1114 2212 Amphipoli·
1125 2154 1249 2198 moyere
1268 2142 1324 2194 no-

155 2218 203 2279 bis
215 2215 459 2276 controversiam
477 2215 710 2291 nonffidubitent,
728 2237 784 2296 pro
803 2237 861 2295 qua
877 2234 934 2297 ego
953 2237 1002 2275 me
1020 2230 1094 2298 puto
1113 2218 1206 2301 longe
1226 2219 1324 2280 dictu-

155 2324 223 2364 rum
242 2301 403 2381 aequiora,
420 2321 510 2379 quam
529 2299 619 2372 istos,
639 2300 790 2379 quiillam
809 2300 868 2359 sihi
884 2301 1054 2381 vindicant„
1081 2303 1151 2362 Sive
1162 2304 1252 2378 ⁴enim
1271 2325 1325 2364 eo-

155 2410 224 2449 rum
248 2388 298 2460 lit,
325 2386 379 2466 qui
403 2384 492 2466 primi
510 2385 703 2460 devicerunt:
728 2408 766 2446 an
790 2406 854 2445 non
879 2385 945 2446 iure
969 2408 1025 2447 nos
1049 2387 1131 2447 illam
1157 2388 1326 2451 habemus?

155 2495 251 2554 quum
276 2471 463 2543 Alexander,
499 2491 570 2530 avus
597 2483 719 2555 noster,
755 2471 900 2552 oppidum
926 2471 1002 2531 illud
1026 2473 1141 2553 primus
1168 2473 1326 2555 occuparit

131 2559 252 2643 ·(onde
276 2557 365 2617 etiam
391 2557 428 2615 de
452 2554 593 2635 primitiis
613 2569 768 2636 captorum
787 2557 947 2616 Medorum
964 2557 1092 2637 Delphis
1116 2578 1236 2619 auream
1263 2571 1325 2619 sta-

153 2658 237 2706 tuam
256 2639 435 2725 dedicavit):
462 2640 525 2700 sive
549 2640 609 2699 hoc
632 2640 741 2721 aliquis
765 2642 797 2700 in
823 2641 950 2702 dubium
970 2655 1058 2702 vocat
1084 2637 1237 2711 eteorum
1255 2643 1326 2704 fieri

86 2738 89 2745 “
153 2740 277 2800 censet,
302 2727 355 2806 qui
372 2725 519 2806 postremi
535 2725 708 2805 potiantur:
735 2727 801 2787 hoc*
813 2727 902 2786 etiam
920 2727 968 2786 ius
985 2746 1080 2808 penes
1098 2749 1145 2788 me
1164 2741 1219 2789 est
1259 2729 1324 2790 Ex-

152 2812 295 2896 pugnatis
314 2812 395 2871 enim
414 2811 485 2883 illis,
503 2811 557 2890 qui
573 2831 628 2885 vos
647 2811 798 2872 eiecerant
816 2825 848 2872 et
864 2834 880 2871 a
897 2803 1144 2873 Lacedaemoniis
1161 2813 1206 2873 ibi
1225 2813 1323 2874 collo-

153 2900 213 2971 cati
235 2898 370 2970 fuerant,
407 2896 553 2985 oppidum
577 2895 651 2975 cepi
693 2896 791 2977 Atqui
814 2917 919 2958 omnes
945 2897 977 2957 in
1001 2897 1128 2958 urbibus
1152 2898 1326 2960 habitamus

124 2984 200 3058 fvel
219 3006 235 3044 a
253 2983 420 3048 maioribus
437 2979 567 3061 acceptis
584 2981 632 3040 vel
651 2978 731 3041 bello
751 2982 890 3043 subactis.
914 2985 990 3042 ·Vos
1008 2995 1124 3057 autem,
1148 2985 1202 3064 qui
1220 3003 1322 3063 neque

152 3070 244 3150 primi
260 3068 352 3150 potiti
377 3067 447 3127 estis
471 3086 573 3145 neque
596 3089 678 3127 nunc
703 3067 866 3140 obtinetis,
890 3069 944 3127 sed
968 3067 1125 3129 minimum
1145 3083 1270 3150 tempus
1289 3068 1321 3128 in
1348 3080 1355 3092 “

152 3155 212 3214 illis
230 3155 306 3214 locis
326 3152 522 3224 consedistis,
547 3151 654 3212 urbem
674 3172 739 3211 eam
755 3165 885 3214 vestram
904 3173 970 3212 esse
989 3154 1190 3227 contenditis,
1216 3155 1320 3233 idque,

152 3263 247 3320 quum
264 3239 322 3320 ipsi
338 3238 424 3315 ophis
442 3237 667 3317 possessionem
693 3236 783 3297 nobis
803 3237 1030 3299 evidentissimo
1047 3237 1226 3298 testimonio
1245 3259 1319 3298 oon-

150 3324 349 3385 firmaveritis.
392 3323 488 3401 Saepe
513 3321 593 3389 enim
618 3323 650 3381 in
675 3322 771 3382 literis
796 3342 849 3381 me
866 3323 903 3382 de
922 3343 956 3381 ea
974 3322 1161 3382 mentionem
1178 3322 1319 3396 faciente,

118 3482 122 3488 η
150 3409 328 3479 censuistis,
348 3428 412 3466 eam
430 3407 510 3466 iuste
527 3428 544 3465 a
561 3426 610 3467 me
627 3408 735 3468 teneri.
762 3408 870 3467 Pacem
889 3406 978 3466 etiam
995 3406 1127 3480 fecistis,
1144 3426 1192 3467 me
1208 3408 1318 3468 urbem

44 3519 48 3526 ·
131 3483 237 3555 ·illani
252 3509 283 3555 et
300 3493 476 3552 societatem
493 3505 623 3552 vestram
643 3493 747 3554 eadem
764 3492 905 3573 pactione
924 3492 1090 3553 obtinente.
1119 3494 1205 3567 Quae
1224 3492 1319 3575 igitur

146 3581 303 3665 possessio
322 3577 439 3639 firmior
456 3577 523 3636 fieri
541 3590 630 3656 queat
649 3576 722 3651 hac,
748 3599 825 3658 quae
849 3577 979 3658 primum
1003 3599 1020 3637 a
1043 3576 1209 3637 maioribus
1228 3576 1317 3641 nobis

148 3660 265 3738 relicta,
284 3662 395 3723 deinde
414 3663 480 3722 iure
499 3662 571 3721 belli
590 3665 692 3723 denuo
709 3677 812 3724 nostra
828 3664 915 3735 facta,
932 3675 1088 3742 postremo
1106 3684 1121 3721 a
1139 3661 1227 3728 ¹(obis
1244 3676 1318 3721 con-

149 3771 241 3829 cessa,
258 3762 322 3822 est,
349 3747 401 3827 qui
417 3747 570 3807 vindicare
589 3747 677 3807 vohis
695 3748 799 3809 soletis
818 3748 907 3808 etiam
927 3767 978 3821 ea,
1007 3767 1084 3826 quae
1101 3747 1191 3828 plane
1204 3746 1248 3821 ,ad
1265 3767 1319 3807 vos

148 3836 226 3896 nihil
245 3831 395 3896 attinent?
425 3835 511 3908 Quae
529 3832 623 3914 igitur
640 3833 672 3892 in
690 3835 777 3894 vobis
796 3852 949 3904 accusem,
976 3832 1051 3893 haec
1068 3843 1147 3891 sunt.
1190 3833 1231 3892 Et
1249 3831 1318 3912 quia

148 3942 203 3981 vos
222 3933 361 3981 auctores
381 3917 452 3977 estis
471 3918 666 3993 iniuriarum,
691 3932 736 3992 et,
759 3932 885 4000 propter
900 3917 1114 3991 verecundiam
1134 3930 1165 3977 et
1182 3917 1319 3997 aequita-

147 4019 211 4066 tem
229 4027 345 4076 meam,
371 4003 465 4085 magis
484 4004 542 4063 iam
561 4004 653 4064 rebus
670 4005 745 4064 meis
764 4005 867 4064 infesti
885 4002 1066 4074 imminetis,
1098 4015 1146 4075 et,
1171 4014 1321 4084 quantum

147 4089 181 4151 in
198 4091 286 4150 vobis
306 4101 366 4161 est,
390 4089 480 4148 nobis
498 4087 689 4149 malefacitis:
708 4090 785 4168 ,iure
809 4087 925 4168 optimo
948 4108 1002 4148 vos
1026 4085 1173 4162 ulciscar,
1199 4086 1322 4166 diisque

20 4203 27 4208 ·
63 4181 124 4253 106
148 4175 280 4238 testibus
298 4173 447 4261 inpocatis
463 4173 510 4235 ius
528 4194 630 4234 meum
648 4196 665 4234 a
683 4174 769 4235 vobis
787 4171 934 4253 consequi
952 4171 1091 4234 studebo.

124 1936 131 1960 h
