2722 4754
213 258 218 268 .
314 132 1048 275 anteususanrseocnaeuu.'
1157 128 1337 284 x31ss

79 339 303 414 obstrinxisse,
328 338 383 400 uhi
400 343 432 399 s'e
458 338 616 399 vobiscum
640 337 890 422 belligeratorum
914 338 1071 421 sperabat,
1096 355 1166 405 cnm
1184 332 1257 396 alibi

58 427 198 509 'passim
214 425 312 487 variae
339 423 530 485 conditiones
551 423 579 485 ei
596 437 718 504 praesto
742 439 858 499 essent,
884 425 1010 498 deinde,
1033 435 1194 505 postquam
1212 420 1257 481 ihi

77 532 139 575 vos
148 512 279 575 ,laedere
297 531 362 569 non
378 509 490 591 potuit,
507 530 612 570 rursus
628 509 688 570 huc
703 530 735 570 se
749 510 925 584 contulisse,
942 510 997 569 uhi
1015 508 1172 570 adversari
1184 527 1256 589 pos·-

78 612 131 660 set
143 595 344 685 reipublicae,
356 607 396 669 et,
415 615 477 674 quo
493 594 593 656 minus
605 588 784 677 Amphipoli
801 595 989 676 potiremini,
1005 617 1102 679 unum
1118 593 1256 655 omnium

82 683 213 747 maxime
232 681 401 742 obstitisse:
420 693 501 740 etex
517 680 623 751 literis,
642 693 674 740 et
692 681 829 758 decreto,
847 693 877 740 ct
894 680 1073 741 testimonio
1091 679 1256 742 audivistis.
1279 678 1341 740 426

81 770 130 831 'Ae
145 767 295 850 principia
313 765 438 847 quidem
455 765 624 827 facinorum
644 762 905 826 Charidemitalia
923 778 1001 826 sunt
1014 768 1089 824 'lam
1107 766 1164 827 alia
1181 784 1263 836 con-¹

78 852 280 937 templamini.
306 851 404 912 Parvo
423 854 520 932 spatio
539 851 685 931 temporis
704 852 877 926 interiecto,
896 850 1040 930 belloque
1059 847 1178 935 Cotyco
1197 844 1258 913 iani

76 941 241 1024 gliscente,
258 935 354 996 mittit
371 937 473 1011 literas
491 937 528 997 ad
546 958 611 1010 vos,
629 937 691 997 imo
702 956 773 997 'non
792 938 829 997 ad
848 956 918 1012 vos,
935 937 990 998 sed
1008 936 1046 996 ad
1064 932 1267 1016 Cephisodo-=
1284 960 1303 1005 f

75 1038 147 1087 tum
166 1024 269 1106 potins
287 1020 401 1106 (usque
419 1023 495 1082 adeo
506 1043 531 1099 a
549 1038 616 1082 sese
640 1022 748 1083 urbem
766 1043 806 1083 ne
822 1022 931 1103 decipi
950 1021 1072 1103 quidem
1090 1042 1180 1102 posse
1198 1045 1257 1104 pu-

75 1111 176 1185 tabat,
192 1129 317 1170 suarum
334 1107 594 1173 machinationum
613 1106 831 1191 conscius).,ln
848 1109 886 1168 iis
904 1107 1002 1177 literis
1019 1128 1052 1168 se
1070 1107 1257 1188 reipublicae

75 1209 205 1257 nostrae
222 1191 450 1267 Chersonesum
473 1192 551 1254 velle
576 1193 738 1255 restituere
763 1193 983 1275 pollicebatur,
1009 1211 1079 1254 cum
1102 1193 1256 1255 diversum
1308 1230 1310 1239 ι

76 1283 113 1343 in
133 1281 234 1343 animo
246 1278 387 1339 ¹haberet,
417 1280 473 1338 Est
490 1291 591 1338 autem
609 1279 697 1338 vohis
716 1280 975 1361 cognoscendum,
993 1298 1071 1359 quae
1089 1277 1171 1339 illius
1190 1278 1255 1360 epi·
1280 1295 1286 1303 ’

79 1368 180 1429 stolae
192 1364 358 1426 mittendae
378 1364 553 1424 occasiones
572 1362 696 1438 fuerint,
714 1363 808 1443 idque
820 1365 938 1445 paucis:
958 1377 989 1424 et
1001 1364 1261 1427 considerandum

80 1451 239 1536 ingenium
258 1449 404 1524 hominis,
421 1462 457 1509 ut
475 1448 585 1523 sciatis,
604 1449 760 1529 quomodo
775 1450 802 1510 is
814 1450 851 1509 ah
865 1449 954 1509 initio
972 1449 1132 1510 vobiscum
1143 1448 1256 1533 egerit.
1329 1475 1337 1483 ’

79 1534 269 1603 (ἶιωιέιιίιη
288 1535 430 1597 dimissus
456 1547 537 1607 esset
554 1556 571 1594 a
588 1534 770 1595 Timotheo:
796 1547 863 1596 tum
880 1535 1060 1616 Amphipoli
1085 1528 1256 1610 discedens,
1285 1532 1288 1551 ¹

76 1623 112 1684 in
131 1623 235 1683 Asiam
247 1620 470 1703 transgressus,
488 1619 528 1679 oh
547 1618 729 1702 Artabazum
748 1619 784 1680 ab
803 1618 1256 1704 Autophradatecomprehen-

76 1731 150 1769 sum
175 1719 208 1769 et
229 1707 396 1781 exercitum
423 1718 455 1765 et
479 1706 676 1786 semetipsum
703 1705 824 1789 generis
842 1705 985 1768 Artabazi
1009 1707 1106 1767 locat:
1130 1708 1254 1788 fideque
1305 1706 1309 1718 “

76 1795 152 1855 data
171 1804 201 1853 et
217 1804 356 1873 accepta,
374 1791 516 1873 neglecto
537 1804 567 1851 et
580 1790 694 1852 violato
712 1784 928 1865 iureiurando,
955 1792 1255 1874 comprovinciales,

79 1879 140 1959 qui
157 1878 194 1938 ah
211 1877 305 1939 amico
325 1877 403 1936 nihil
421 1876 615 1950 metuebant,
634 1877 732 1937 nullas
753 1877 893 1949 excubias
912 1872 1047 1961 agerint,
1065 1891 1127 1938 tres
1142 1899 1254 1957 ‘eorum
1323 1869 1343 1933 s

20 1980 23 1985 '
75 1965 186 2038 urbes,
204 1961 339 2044 Scepsin,
357 1958 495 2023 Cebrena
515 1975 546 2022 et
559 1962 647 2021 Ilium
667 1975 802 2043 occupat
829 1963 885 2023 His
896 1963 1031 2024 urbibus
1049 1963 1178 2044 potitus,
1195 1964 1253 2024 im-
1292 1993 1295 1997 ¹

76 2051 215 2131 prudens
228 2048 342 2120 ineam
360 2047 573 2122 necessitatem
592 2045 715 2121 incidit,
729 2069 818 2127 qnam
836 2068 901 2109 non
920 2049 1012 2108 modo
1028 2048 1066 2127 is,
1083 2049 1136 2129 qui
1151 2070 1183 2109 sc
1196 2049 1254 2127 im·
1296 2077 1298 2082 ·
1318 2103 1320 2107 ,

76 2138 252 2217 peratorein
270 2134 442 2215 profitetur,
459 2133 514 2192 scd
527 2153 585 2192 nec
601 2132 745 2215 epopulo
765 2134 925 2214 quisquam
936 2133 1077 2216 ignorare
1093 2148 1185 2214 atque
1200 2134 1253 2195 ad-

79 2221 203 2283 mittere
223 2216 386 2280 de'buisset
393 2215 484 2278 Cum
498 2217 579 2278 enim
594 2217 713 2278 nullum
731 2219 919 2295 maritimumv
932 2219 1035 2281 locum
1052 2231 1182 2294 teneret,
1200 2231 1254 2280 ant

77 2306 185 2378 alium,
210 2305 293 2365 unde
312 2317 515 2364 commeatum
527 2366 529 2370 ,
541 2304 719 2385 supportare
738 2304 885 2365 militibus
903 2305 1026 2385 posset,
1054 2326 1110 2365 nec
1128 2305 1161 2365 in
1176 2303 1253 2386 ipsis

76 2389 198 2473 oppidis
218 2389 406 2451 frumentum
423 2383 563 2467 haberet:
590 2388 673 2454 intra¹
686 2389 980 2465 moenissuhstitit,
1007 2388 1108 2470 nequ'e
1126 2388 1253 2471 direptis

17 2482 20 2487 ’
75 2475 205 2555 urbibus
225 2474 311 2548 abiit,
329 2487 490 2556 postquam
509 2473 636 2540 omnino
655 2474 800 2536 scelerate
818 2496 909 2559 agere
927 2468 1167 2535 decreverat‘Ut
1178 2492 1253 2537 vero
1321 2491 1324 2494 ’

76 2560 246 2632 Artabazus
260 2560 401 2622 dimissus
414 2560 451 2620 ah
465 2558 707 2640 Autophradate,
726 2560 862 2622 collectis
876 2558 982 2642 copiis,
999 2561 1113 2639 aderat,
1130 2559 1155 2621 is
1171 2580 1187 2620 e
1201 2581 1254 2620 su-

75 2647 199 2730 periore
216 2646 350 2730 Phrygia
370 2658 401 2704 et
417 2644 513 2728 Lydia
532 2656 563 2704 et
579 2642 804 2728 Paphlagonia,
830 2645 1002 2707 coniunctis
1029 2666 1132 2707 secum
1150 2645 1254 2729 regio-

13 2780 38 2809 „
78 2733 186 2805 nibus,
204 2731 326 2792 abunde
345 2744 548 2791 commeatum
565 2728 713 2791 hahebat:
746 2727 929 2791 Charidemo
946 2751 1019 2806 vero
1038 2730 1115 2790 nihil
1130 2743 1255 2812 practer

78 2816 273 2878 ohsidionem
291 2829 455 2897 supererat
485 2811 561 2897 Cum
581 2827 682 2875 autem
701 2815 964 2889 animadverteret,
981 2815 1014 2875 in
1033 2817 1153 2896 quantis
1173 2826 1254 2882 esset
1308 2806 1344 2823 ‘'

75 2900 185 2976 malis,
209 2915 240 2963 et
265 2901 452 2984 cogitatione
479 2911 618 2982 suscepta
645 2899 849 2983 intelligeret,
878 2923 910 2962 se
929 2900 961 2960 in
985 2900 1120 2961 hostium
1145 2921 1251 2960 manus

74 2981 259 3061 venturirm,
284 2987 310 3046 si
328 2987 464 3053 nullane
482 2986 556 3059 alia,
579 2984 658 3045 fame
677 2986 783 3046 saltem
801 2986 974 3048 subactum:
1000 2985 1169 3069 perspexit,
1188 2985 1273 3046 sive‘
1311 3019 1314 3025 ·

75 3073 253 3154 admonitus
271 3071 308 3133 ab
327 3070 397 3146 alio,
415 3072 479 3132 sive
498 3070 628 3132 consilio
646 3071 838 3153 asemetipso
857 3072 966 3153 petito,
985 3092 1049 3132 eam
1068 3092 1152 3152 spem
1170 3069 1252 3130 salu-

75 3157 231 3220 tis-solam
249 3169 363 3218 restare
381 3156 451 3230 sihi,
469 3175 546 3237 quae
566 3175 671 3216 omnes
690 3177 869 3218 conservare
887 3157 1010 3219 soleret.
1026 3157 1070 3217 Ea
1081 3175 1155 3216 vero
1174 3175 1252 3235 quae
1332 3221 1336 3232 Ι

79 3242 145 3303 est?
179 3243 309 3316 Nostra,
332 3241 555 3315 Athenienses,
582 3242 645 3315 sive
665 3241 792 3302 dicenda
811 3255 857 3304 est
874 3234 1060 3316 humanitas,
1085 3238 1252 3322 sivequod

76 3348 194 3389 nomen
212 3328 454 3388 aliud-meretur.
491 3327 584 3404 Quod
602 3324 657 3401 uhi
674 3339 840 3402 statuerat,
865 3327 954 3400 vohis
963 3326 1065 3388 mittit
1083 3322 1253 3409 epistolam,

79 3430 170 3494 quam
187 3413 293 3474 audire
321 3412 581 3493 operaepretium
607 3411 713 3473 fuerit:
742 3425 794 3486 ut,
819 3424 969 3472 ostentata
994 3433 1047 3493 spe
1066 3408 1252 3472 Chersonesi

49 3500 53 3507 ’
77 3494 322 3585 recuperandae,
340 3510 371 3557 et
389 3497 459 3576 quia
478 3498 514 3557 de
534 3493 753 3577 Cephisodoti,
772 3497 825 3577 qui
843 3494 960 3580 Cotyis¹
971 3510 1001 3557 et
1018 3496 1175 3578 Iphicratis
1194 3517 1252 3576 pu-

76 3583 199 3645 tabatur
217 3582 376 3655 inimicus,
395 3582 524 3642 consilio
543 3601 633 3664 agere
650 3582 828 3657 videbatur,
845 3578 1020 3643 triremibus
1039 3604 1061 3646 a·
1073 3582 1160 3661 tobis
1179 3602 1251 3661 sup-
1324 3579 1334 3607 ³

75 3669 221 3750 peditatis
239 3668 314 3730 citra
332 3666 556 3749 periculumlex
572 3666 646 3728 Asia
664 3666 830 3750 aufugeret
865 3670 984 3728 Interea
1003 3666 1077 3748 quid
1095 3668 1151 3741 sit,
1167 3665 1251 3727 unde
1295 3716 1299 3721 ,

40 3776 43 3780 ·
74 3774 126 3815 res
144 3753 210 3835 ipsa
227 3752 326 3836 palam
345 3753 532 3834 deprehensa
551 3751 617 3814 est?
652 3753 800 3814 Mernnon
819 3765 850 3814 et
866 3753 1000 3827 Mentor,
1018 3752 1157 3828 homines
1176 3751 1251 3823 ado·
1273 3760 1334 3823 427

74 3839 252 3916 lescentuli,
265 3838 499 3919 inexspectatam
516 3837 596 3897 nacti
608 3837 783 3899 felicitatem
799 3838 976 3899 affinitatem
982 3836 1134 3913 Artabazi,
1147 3835 1252 3916 cupidi

32 3941 34 3944 ’
74 3926 179 3986 statim
197 3924 360 3987 exercendi
376 3923 498 4008 imperii
510 3936 540 3984 et
551 3922 694 4004 potiundi
711 3922 891 3995 honoribus,
908 3943 973 3982 non
991 3921 1117 4005 gerendi
1132 3920 1205 3981 helli
1220 3933 1252 3982 et
1309 3966 1313 3973 ·
1341 3933 1343 3943 *

75 4011 254 4084 dimicandi,
272 4008 422 4069 Artabazo
440 4009 573 4081 instant,
589 4020 635 4082 ut,
652 4007 772 4068 ultione
786 4004 959 4068 Charidemi
978 4008 1088 4088 omissa
1106 4006 1251 4087 belloque
1283 4039 1285 4047 ν

63 4097 264 4180 composito,
282 4115 337 4176 per
354 4093 489 4155 inducias
509 4082 775 4169 enm'dimitteret,
793 4094 949 4169 docentes,
966 4092 1084 4153 etiamsi
1098 4091 1251 4173 ipsenol-

74 4181 141 4257 let,
162 4203 219 4245 vos
239 4202 309 4241 eum
334 4191 612 4259 transportaturos,
638 4200 697 4239 nec
712 4178 813 4260 ipsum
829 4179 862 4241 id
878 4199 969 4260 posse
994 4175 1166 4259 prohibere.
1200 4177 1251 4255 ,Ut

74 4280 180 4331 autem
200 4264 400 4338 Charidemus
424 4276 544 4345 praeter
563 4285 684 4326 omnem
706 4264 857 4329 rationem
876 4277 907 4324 et
924 4264 1078 4345 insperato
1103 4263 1146 4323 sic
1163 4262 1250 4332 ittco-

75 4351 167 4414 lumis
188 4352 300 4434 evadit,
317 4371 373 4412 sno
392 4351 488 4413 Marte
505 4363 632 4432 propter
647 4349 785 4440 inducias
803 4341 1075 4437 inChersnnesum
1091 4342 1251 4423 traiectus:

696 4546 702 4575 l
