2722 4754
138 185 200 244 tos
337 248 340 251 ,
417 130 805 241 D-EMOS'l'HENlS
818 176 1068 238 ORARIO

52 421 63 445 .
158 300 355 477 ORATIO
392 361 655 459 ADVERSUS
686 352 936 539 ΒΟΕΒΤΒΜ
972 377 1036 497 DE
1073 380 1288 464 NOMINE

433 666 952 801 Vaicuururuu

31 876 41 893 =
88 826 91 837 l
137 813 294 912 Martias,
316 861 396 900 unus
414 860 452 900 ex
469 839 522 913 iis,
542 841 594 919 qui
605 837 741 900 'Athenis
760 840 792 899 in
811 837 987 922 magistratu
1003 841 1146 914 luerunt,
1168 854 1189 900 'e
1209 839 1315 922 legiti-

43 969 46 976 ,
90 944 92 951 ·
137 951 185 993 ma
202 945 297 995 uxore
314 924 579 1006 filium-suscepit,
607 946 694 1000 eum,
721 926 772 1005 qui
797 925 1006 1008 uuuc'litigat:
1039 920 1316 1003 'Consuetudinem

35 1074 37 1087 ,
138 1028 239 1077 autem
262 1009 410 1071 habuerat
432 1020 501 1069 c'um
525 1011 846 1092 quadamPlaugone,
871 1010 981 1070 amoris
1007 1011 1116 1071 ductus
1140 1010 1313 1083 illecebris,

75 1115 98 1140 =,
137 1098 240 1161 Attica
257 1096 393 1155 muliere
417 1093 596 1155 Huiusduo
615 1094 671 1154 filii
689 1095 783 1155 adulti
801 1096 995 1177 Mantiamin
1014 1095 1061 1156 ius
1081 1110 1203 1169 vocant,
1223 1115 1314 1155 suum

77 1176 81 1183 „
139 1205 205 1247 esse
211 1192 339 1280 patrem
359 1180 548 1240 dictitantes.
575 1180 601 1238 is
619 1201 692 1244 vero
711 1193 809 1262 negat
850 1181 969 1240 Deinde
988 1183 1127 1260 agnoscit
1145 1201 1201 1241 eos
1220 1180 1313 1253 filios,

63 1272 67 1282 ’
121 1283 192 1330 sua
209 1265 304 1345 ipsius
321 1264 541 1364 provocatioue
560 1279 689 1326 coactus
699 1279 731 1324 et
749 1267 902 1364 deceptus.
922 1262 1000 1324 Cum
1019 1266 1099 1325 enim
1118 1267 1332 1348 Pla'ugouem

52 1377 76 1414 .·
138 1353 237 1414 iurare
257 1350 300 1412 de
312 1350 409 1409 filiis
400 1347 551 1425 iussisset,
577 1361 615 1418 an
633 1366 672 1409 re
683 1371 753 1410 vera
772 1371 822 1409 ex
820 1351 912 1430 ipso
912 1363 1014 1410 essent
1032 1352 1112 1425 nati,
1138 1364 1170 1410 et
1189 1350 1311 1432 pollici-

37 1447 40 1453 '
138 1451 187 1499 tus
204 1422 315 1510 esset,
331 1437 357 1494 si
376 1435 519 1507 iurasset,
547 1455 579 1495 se
596 1423 806 1495 iusiurandum
824 1448 923 1496 ratum
941 1434 1131 1495 habiturum:
1161 1457 1202 1495 eo
1221 1436 1310 1495 deee-

109 1536 226 1604 ptus
223 1533 290 1594 est,
310 1521 402 1618 quod
411 1518 569 1580 mulierem
589 1541 651 1581 ΒοΒ
671 1520 833 1580 iuraturam
847 1517 983 1620 putabat
1014 1520 1090 1580 Nam
1110 1542 1144 1580 ea
1164 1521 1202 1579 de
1221 1541 1331 1583 causa.

138 1625 281 1690 magnum
300 1605 328 1662 ei
345 1604 512 1704 praemium
529 1606 727 1684 promiserat:
740 1617 841 1683 atque,
859 1619 894 1664 ut
910 1606 944 1664 is·
951 1605 1002 1679 ait,
1021 1604 1074 1684 qui
1093 1626 1214 1665 causam
1231 1605 1306 1666 hauc

34 1735 45 1760 s
139 1693 236 1766 dicit,
246 1692 323 1751 clam
342 1689 370 1748 ei
388 1684 501 1749 iuraret
513 1689 646 1772 Plaugo,
664 1710 697 1749 se
715 1691 847 1761 delatum
866 1690 1076 1770 iusiurandum
1093 1702 1308 1752 recusatumm.

55 1766 115 1836 1'23
137 1778 190 1837 At
197 1756 265 1850 illl,
288 1797 357 1834 cum
375 1774 400 1833 is
420 1795 484 1833 eam
502 1775 719 1861 provocatione
722 1774 914 1848 lacesseret,
932 1771 1042 1835 violata
1059 1765 1203 1856 pactione
1221 1776 1308 1835 iurat

138 1861 189 1922 Sic
203 1862 274 1933 ille,
292 1860 372 1919 filios
390 1880 565 1942 agnoscere
574 1873 720 1949 coactus,
730 1873 815 1940 post
810 1860 966 1919 moritur.
979 1859 1102 1919 Filius
1093 1861 1189 1943 igitur
1203 1860 1317 1943 tegiti-
1336 1873 1342 1881 '

136 1966 207 2007 mae
222 1945 337 2006 uxoris
331 1943 476 2008 alterum
488 1930 701 2024 adoptivorum
716 1944 757 2004 de
775 1946 899 2015 domiue
918 1944 951 2003 iu
968 1945 1015 2003 ius
1032 1958 1139 2019 vocat,
1160 1966 1309 2019 assereus,

107 2036 114 2061 ⁷
139 2054 208 2098 eum
226 2028 391 2091 Boeotum
398 2048 463 2089 esse
481 2029 720 2102 nominandum,
743 2029 833 2089 sicut
841 2029 928 2090 initio
947 2030 1040 2089 fuerit
1058 2031 1248 2104 nominatus,
1276 2039 1311 2090 et

35 2116 38 2119 ’
74 2163 105 2200 ,Ι
139 2138 204 2178 ΒοΒ
214 2111 440 2175 Mantitheum:
474 2112 584 2172 illud
569 2114 651 2173 enim
670 2114 699 2174 ei
712 2135 828 2198 momen
847 2135 863 2174 a
880 2127 964 2203 patre
981 2113 1075 2174 luisse
1094 2114 1159 2174 ab
1150 2114 1239 2175 mitio
1257 2116 1310 2174 in-

126 2201 245 2273 ditum
277 2199 376 2259 Prima
394 2199 522 2258 fronte
513 2199 607 2281 igitur
623 2200 716 2263 homo
735 2200 873 2259 curiosus
892 2220 958 2259 esse
976 2211 1007 2260 et
1023 2200 1132 2265 amaus
1144 2200 1294 2264 litium
1264 2222 1313 2258 vr-

74 2277 81 2287 i
139 2288 278 2361 deatur,
297 2305 359 2364 qur
340 2283 405 2342 d‘e
423 2283 547 2344 nomine
564 2285 697 2345 rixetur:
732 2282 834 2344 sedin
854 2284 1003 2356 oratione
1009 2268 1112 2349 timer
1129 2298 1315 2383 argumenta

49 2367 79 2380 ”
140 2372 216 2432 satis
228 2369 323 2431 multa
346 2367 532 2444 afferuntur,
554 2383 669 2431 curet
687 2361 815 2453 publice
838 2382 871 2429 et
893 2368 1033 2449 privatim
1056 2369 1252 2461 incommoda
1271 2368 1315 2429 sit

126 2455 272 2518 ,nominis
290 2452 465 2515 similitudo

48 2789 57 2796 “
138 2757 238 2844 Nuda
255 2784 430 2845 curiositate
446 2785 602 2846 rixandiue
620 2785 740 2861 studio,
763 2797 861 2847 testor
878 2787 972 2860 deos,
994 2786 1129 2858 ludices,
1153 2774 1312 2846 'actionem

140 2871 218 2930 lianc
246 2882 351 2929 contra
376 2872 528 2930 Boeotum
554 2870 691 2930 institui
701 2870 850 2954 (quamvis
877 2892 940 2931 non
965 2871 1157 2954 ignorarem,
1193 2870 1310 2929 multos

76 2968 77 2971 ’
116 2955 223 3027 lore,
250 2953 392 3032 quibus
383 2968 520 3034 ineptum
538 2955 707 3028 uideretur,
733 2976 798 3015 me
795 2969 966 3036 propterea
984 2958 1016 3016 iu
1034 2957 1081 3016 ius
1093 2957 1234 3036 aliquem
1255 2975 1312 3014 vo·

116 3048 120 3084 ²
141 3059 219 3112 care,
237 3040 320 3117 quod
338 3040 446 3099 eodem
465 3062 497 3100 se
515 3041 656 3113 nomine,
674 3061 735 3119 quo
750 3061 812 3122 ego
831 3061 889 3115 me,
907 3041 1126 3133 appellandum
1137 3037 1312 3122 censeret).

23 3140 31 3153 ‘
58 3156 62 3164 ·
140 3125 194 3186 sed
213 3125 297 3202 quod
315 3125 517 3185 necessarium
528 3125 643 3186 fuisset
661 3125 716 3184 ob
709 3144 770 3198 ea,
803 3146 880 3205 quae
899 3125 1043 3187 ev'eutura
1059 3134 1165 3199 mut,
1198 3125 1261 3195 nisi
1251 3122 1311 3182 id

139 3208 372 3292 praecavissem,
378 3211 463 3290 apud
480 3230 534 3270 uos
552 3210 733 3310 disceptare
744 3210 892 3285 Quodsi
882 3224 939 3270 rste
958 3232 990 3270 se
1008 3205 1131 3270 alterius
1150 3209 1310 3270 cuiusdam

141 3313 207 3355 esse
232 3293 323 3373 patris
349 3293 478 3368 diceret,
502 3306 573 3354 nou
591 3295 665 3353 mei:
688 3295 754 3354 iure
778 3295 874 3354 videri
899 3295 1035 3376 ineptus
1032 3296 1228 3376 potuissem,
1254 3293 1310 3392 qui

44 3434 49 3458 ¹,
142 3399 288 3451 curarem,
306 3400 489 3459 quocunque
505 3379 558 3438 isti
578 3400 609 3439 se
628 3380 777 3460 appellare
793 3379 919 3439 nomine
937 3380 1083 3441 libuisset.
1101 3378 1216 3439 Nuuc
1205 3400 1239 3437 m
1259 3378 1310 3437 ius
1330 3411 1334 3415 -

139 3477 249 3524 vocato
267 3475 351 3544 patre
370 3485 459 3538 meo,
461 3463 664 3564 adscitoque
682 3464 742 3524 sibi
760 3462 1011 3524 calumniatorum
1028 3463 1189 3536 sodalitio,
1217 3460 1310 3522 ΜΒΒ-

35 3558 40 3569 “
139 3549 230 3621 sicle,
256 3569 346 3627 quem
364 3549 444 3608 forte
461 3549 558 3608 nostis
579 3569 708 3622 omnes,
727 3561 757 3608 et
774 3550 912 3627 Meuecle
931 3549 1002 3622 illo,
1021 3572 1074 3629 qur
1065 3549 1207 3608 Ninum
1224 3556 1311 3608 ream

53 3624 65 3685 ἶ
139 3632 276 3717 peregit,
300 3645 330 3692 et
348 3633 412 3692 eius
431 3634 551 3715 generis
567 3632 651 3707 aliis,
677 3655 746 3693 eum
764 3635 928 3696 accusavit
953 3656 1021 3693 cum
1040 3634 1183 3694 filium
1156 3654 1222 3693 erus
1243 3653 1311 3693 esse

140 3736 173 3780 se
192 3740 208 3778 a
225 3716 375 3798 Pamphili
388 3718 470 3791 filia,
494 3731 525 3778 et
543 3719 671 3796 inique
665 3739 767 3778 secum
786 3720 834 3802 agi
852 3720 985 3793 diceret,
1011 3719 1065 3799 qui
1080 3719 1184 3800 patria
1194 3719 1313 3799 spolia-

35 3806 43 3815 ”
136 3795 231 3868 retur.
266 3803 357 3862 Pater
373 3804 474 3862 autem
492 3802 613 3887 (omnis
624 3792 742 3865 dicetur
758 3804 897 3879 veritas,
910 3803 1059 3886 ludices),
1084 3804 1175 3863 simul
1192 3803 1315 3865 ueritus

66 3962 69 3967 Ι
99 3888 110 3896 “
140 3878 245 3958 venire
263 3887 295 3956 io
312 3883 475 3962 iudicium,
493 3909 533 3947 ne
552 3889 636 3967 quis,
653 3901 689 3948 ut
706 3910 723 3948 a
740 3902 858 3950 versato
878 3890 910 3949 in
928 3888 1082 3971 republica
1100 3889 1172 3948 alibi
1190 3889 1313 3970 uspiam

75 3973 77 3977 ’
141 3973 295 4057 offensus,
318 3972 411 4041 ibim
429 3993 462 4033 se
478 3972 663 4074 incursaret,
685 3975 776 4034 simul
794 3977 938 4055 deeeptus
955 3998 973 4034 a
991 3988 1086 4035 matre
1104 3974 1208 4047 istius,
1230 3993 1312 4054 quae

63 4127 66 4134 A
141 4072 253 4121 certam
271 4057 413 4155 stipulata
429 4059 590 4158 pecuniam
607 4059 735 4130 iurarat,
753 4081 811 4131 se,
837 4059 938 4120 dela'to
954 4059 1015 4119 sibi
1033 4057 1249 4152 iureiurando,
1277 4079 1314 4118 ea

45 4178 48 4181 ·
107 4157 110 4160 ’
133 4144 180 4228 de
198 4165 245 4202 re
249 4163 313 4204 ΒοΒ
331 4142 514 4217 iuraturam,
540 4142 646 4223 iisque
656 4143 742 4203 factis
760 4139 902 4204 nullam
893 4158 975 4205 mter
982 4144 1073 4225 ipsos
1092 4144 1222 4224 amplius
1241 4144 1312 4203 sore

54 4231 120 4293 124
141 4220 396 4301 controversiam,
413 4225 469 4288 hac
487 4228 664 4288 conditione
682 4228 891 4290 iusiurandum
910 4252 939 4290 er
930 4230 1061 4289 defert
1097 4229 1169 4304 Quo
1188 4229 1242 4288 illa
1261 4251 1314 4288 ac·

137 4324 230 4395 ‘cepto
248 4334 313 4375 non
331 4271 423 4421 modo
447 4314 555 4426 istum,
579 4314 632 4375 sed
657 4335 718 4374 una
742 4336 810 4375 cum
834 4336 875 4395 eo
897 4316 987 4376 etiam
1010 4315 1138 4397 alterum
1162 4303 1313 4376 iuravite
1353 4324 1357 4336 ¹
