2722 4754
343 230 352 282 J
440 214 793 307 oeconoma,
971 256 984 270 ,
1079 244 1097 269 .-
1157 164 1225 277 aar

56 400 111 448 tem
124 377 317 462 alienigenae
336 395 442 460 parere
460 387 492 438 et
507 372 680 456 principatu
698 370 839 453 spoliari,
853 348 1016 455 indignum
1034 391 1101 431 esse
1121 370 1218 430 Grae-

60 489 152 535 corum
170 458 319 548 gloria'et
335 463 449 545 uirtute
465 460 631 520 maiorum:
656 459 694 518 ad
712 458 787 517 haec
804 479 861 520 nec
879 458 1011 519 alienum
1029 457 1089 519 sihi
1107 459 1219 518 ducere
1316 478 1319 483 ·

64 552 196 643 populum
220 547 444 610 Atheniensem
467 544 684 607 Thebanorum
715 543 864 625 populum
889 544 937 605 vel
962 544 1146 626 cognatione
1171 543 1219 604 vel
1251 608 1257 617 .

30 686 33 691 .
67 637 236 730 gentilitate,
261 646 293 694 et
315 631 470 702 reeordari
493 631 644 691 maiorum
667 641 794 690 suorum
819 628 927 705 collata
952 630 985 689 in
1002 629 1241 690 Thebanorum·
1272 653 1276 661 ¹

68 727 177 793 ardores
202 719 369 782 beneficia:
394 739 462 780 cnm
487 732 518 778 et
535 716 675 776 Herculis
692 715 824 792 liberos,
848 715 910 795 qui·
924 715 1023 796 patrio
1048 715 1178 797 imperio
1202 737 1219 775 a

61 805 336 893 ·Pcloponneusihus'
361 800 810 887 spoliarentur,restituerint,
835 800 916 862 hello
936 800 1061 860 devictis
1087 802 1141 876 iis,
1166 801 1219 882 qui
1275 838 1278 847 .

72 891 269 964 contravenire
285 890 474 951 conabantur
491 888 632 948 Herculis
650 888 770 948 liberis:
799 900 830 951 et
845 899 902 947 nos
919 885 1072 966 Oedipum
1092 887 1220 967 eiusque

73 983 175 1050 comites
193 977 308 1037 eiectos
324 974 511 1057 suscepisse,
548 987 579 1034 ct
602 974 696 1035 multa
720 972 914 1034 humanitatis
934 986 965 1032 et
982 971 1132 1032 celebrata
1151 973 1220 1031 11111-
1274 972 1276 977 ’

73 1072 107 1135 cia
124 1063 304 1150 praestitisse
321 1059 483 1121 Thebanis.
526 1060 735 1135 Quamobrem
758 1081 798 1120 ne
821 1081 904 1129 nunc
927 1058 1051 1138 quidem
1073 1057 1221 1138 populum

73 1150 271 1220 Atheniensem
302 1147 519 1208 Thebanorum
551 1156 803 1224 caeterorumque
834 1145 1021 1206 Graecorum
1051 1142 1221 1204 commodis

56 1240 239 1305 defuturum:
266 1227 299 1293 el
315 1232 430 1314 pacisci
446 1246 515 1293 curn
534 1232 577 1292 eis
596 1230 633 1290 de
650 1231 784 1291 ineunda
803 1242 834 1291 et
848 1230 996 1311 societate
1016 1242 1047 1290 et
1063 1227 1221 1302 affinitate,
1246 1221 1316 1287 186⁴.

27 1372 29 1381 .
72 1319 295 1389 etiureinrando
314 1318 416 1378 dando
435 1330 465 1377 et
482 1317 668 1398 accipiendo.
711 1317 830 1399 Legati:
847 1315 1089 1388 Demosthenes,
1106 1315 1254 1374 Demo.
1326 1315 1329 1325 “

27 1410 35 1435 “
75 1409 175 1475 athenis
187 1406 231 1479 lt,
253 1403 465 1476 Paeaniensis,
482 1403 670 1487 Hyperides,
689 1399 831 1462 Cleandri
849 1400 897 1476 Ε,
914 1401 1089 1482 Sphctti'us,
1106 1399 1221 1460 Mnesi-

74 1497 169 1566 thides,
182 1482 363 1571 Antiphanis
381 1489 431 1562 Ε,
449 1487 645 1562 Phrearrius,
662 1488 870 1562 Democrates,
889 1486 1008 1569 Sophili
1026 1485 1221 1571 F.,-Phlyeu-

74 1582 122 1655 sis,
136 1575 340 1650 Calaeschrus,
357 1573 487 1636 oiotimi
504 1576 551 1648 R,
571 1570 765 1635 Cothocides.
1083 1646 1085 1650 Ι

144 1664 206 1723 Hoc
221 1660 434 1721 Thebanamm
451 1664 554 1746 rerum
571 1658 633 1719 fuit
648 1660 786 1734 initium,
814 1660 894 1721 haec
910 1650 1007 1740 prima
1025 1655 1222 1720 constitutio:

71 1772 131 1819 cnm
147 1760 211 1810 ante
228 1746 260 1805 in
277 1741 451 1814 inimicitias
470 1759 502 1806 et
519 1741 624 1804 odium
642 1759 674 1806 et
691 1745 891 1806 diffidentiam
909 1765 965 1828 per
981 1735 1057 1807 istos
1075 1743 1224 1824 impulsae

73 1825 162 1899 e'ssent
175 1832 316 1897 civitates.
359 1833 428 1891 Hoc
446 1832 603 1891 decretum
622 1831 741 1906 effecit,
758 1844 804 1905 ut,
823 1833 906 1912 qnod
922 1844 988 1891 tum
1005 1827 1224 1911 rempublicam

73 1919 294 1999 circumdederat
310 1915 499 1999 periculum,
520 1929 665 2002 tanquam
683 1917 780 1978 nubes
797 1917 983 1997 praeteriret.
1026 1915 1148 1975 Fuisset
1165 1913 1223 1996 igi·
1292 1950 1297 1955 -

38 2008 42 2019 “
63 2010 117 2071 'tor
132 2004 200 2066 hohi
215 2002 297 2077 civis,
315 2015 380 2063 tum
399 2003 562 2075 ostendere
583 2002 736 2077 omnihus,
754 2003 781 2063 si
798 2002 872 2082 quid
890 2001 937 2061 his
955 2000 1082 2060 haberet
1098 1998 1232 2071 meliusr

75 2092 240 2166 non,*nnnc
261 2087 495 2170 reprehendere.
538 2083 738 2150 Consiliarius
763 2087 894 2159 enimet
912 2087 1128 2159 calumniator,
1154 2105 1224 2145 cum

27 2210 31 2215 ·
76 2178 147 2240 nulla
160 2195 196 2236 re
207 2173 263 2235 alia
281 2174 412 2234 intense
429 2172 722 2254 sintsimiles,tum
741 2174 800 2239 hoe
818 2174 944 2235 maxime
964 2171 1122 2246 differunt,
1140 2171 1224 2251 quod
1291 2178 1295 2183 '

80 2264 198 2338 illeante
214 2280 261 2320 res
280 2258 462 2322 sententiam
482 2244 572 2333 dicit,
597 2272 629 2319 et
646 2281 678 2320 se
695 2260 797 2321 reddit
822 2259 989 2319 obnoxium
1007 2258 1061 2332 iis,
1086 2256 1139 2336 qui
1167 2277 1224 2337 pa-

79 2346 180 2409 ruerint
194 2344 569 2426 fortunam-temporibus,
588 2345 732 2406 cuilibet:
749 2346 820 2419 hic,
839 2344 1089 2411 cum‘dicendurn
1107 2343 1225 2414 suisset,
1257 2344 1262 2349 “

78 2433 174 2506 benit,
195 2431 311 2512 siquid
336 2424 455 2492 adversi
472 2430 599 2505 accidit,
624 2431 656 2490 id
680 2427 817 2516 exagitat.
860 2422 943 2491 lllud
961 2430 1074 2513 igitur,
1098 2441 1134 2489 ut
1154 2426 1226 2500 dixi,
1280 2447 1284 2451 ’

79 2530 184 2600 tempus
199 2516 305 2577 inisset
322 2516 379 2576 viri
395 2517 520 2577 solliciti
538 2518 576 2578 de
600 2517 756 2600 republica
774 2518 867 2597 etde
886 2516 1033 2577 habendis
1049 2515 1138 2589 iustis
1157 2534 1225 2573 ora-

80 2602 206 2680 tionibus
231 2603 312 2685 1Ego
330 2622 403 2664 vero
422 2615 481 2663 tam
499 2602 616 2683 prolixe
634 2624 711 2687 ago,
727 2603 825 2677 ut,si
844 2602 912 2682 quis
929 2623 1011 2663 nunc
1029 2601 1144 2680 aliquid
1162 2618 1226 2658 me-

38 2722 43 2739 ·
79 2691 135 2751 lius
148 2689 272 2770 prolerre
289 2701 409 2770 potest,
445 2700 498 2749 ant
514 2689 540 2749 si
559 2688 778 2768 quid'omnino
794 2689 864 2748 heri
881 2688 984 2770 potuit
1001 2686 1102 2760 alind„
1137 2707 1226 2765 quam
1269 2732 1281 2747 .

83 2796 127 2848 ea,
142 2795 210 2854 quae
225 2794 277 2858 ego
297 2775 408 2858 delegi,
426 2795 474 2833 me
492 2774 639 2834 iniurium
658 2795 723 2835 esse
741 2774 895 2834 confitear.
928 2768 968 2831 si.
979 2771 1052 2852 quid
1071 2771 1153 2830 enim
1172 2781 1229 2843 est,
1308 2802 1314 2811 ,

46 2860 56 2883 ³
80 2861 157 2940 quod
172 2881 247 2920 nnuc
261 2860 370 2940 aliquis
388 2859 481 2933 vidit,
508 2861 592 2940 quod
609 2873 675 2920 tum
693 2860 764 2919 fieri
777 2857 959 2940 profuisset:
990 2857 1021 2916 id
1040 2877 1099 2939 ego
1116 2858 1165 2916 ine
1184 2856 1229 2914 fa·
1273 2870 1301 2897 ·-
1331 2919 1339 2927 .

80 2944 287 3029 teorignorare
305 2966 369 3006 non
388 2944 537 3005 debuisse.
578 2944 611 3005 Si
626 2944 701 3006 'vero
720 2952 821 3025 neque
839 2956 901 3018 est,
920 2962 1020 3024 neque
1032 2941 1111 3016 Ι11111,
1129 2960 1230 3021 neque

79 3030 169 3102 dicere
185 3030 342 3111 quisquam
359 3030 407 3090 vel
432 3030 525 3090 hodie
548 3013 669 3112 possiti
685 3031 760 3112 quid
783 3030 957 3091 consiliario
982 3027 1042 3089 luit
1058 3024 1232 3111 agendum?

79 3114 141 3174 Non
157 3135 275 3191 eorum,
301 3137 378 3196 quae
402 3137 467 3176 esse
489 3116 668 3177 viderentur
685 3110 824 3197 quaeque
849 3117 1010 3188 darentur,
1037 3113 1152 3195 optima
1176 3111 1231 3193 eli-

80 3199 184 3282 gunda?
212 3199 256 3260 At
268 3218 332 3283 ‘ego
351 3202 381 3262 id
399 3201 476 3276 ieci,
494 3222 645 3283 praecone
663 3215 809 3286 rogante,
827 3200 1001 3275 Aeschine,
1020 3199 1088 3280 quis
1107 3193 1231 3258 concio'-
1308 3248 1313 3253 .

78 3285 137 3344 nari
150 3286 257 3347 velleti'·
272 3288 429 3369 numquis
444 3287 606 3369 praeterita
620 3281 791 3349 criminhrii’
808 3309 876 3362 nec,
889 3288 955 3367 quis
969 3298 1121 3368 praestare
1141 3284 1235 3343 vellet

33 3412 37 3419 -
77 3369 235 3432 futurorum
254 3374 418 3435 eventum?
454 3371 532 3435 Cum
549 3394 622 3433 vero
640 3386 674 3434 tu
692 3387 794 3434 mutus
819 3373 879 3433 illis
897 3370 1086 3454 temporibus
1104 3369 1138 3429 in
1156 3390 1233 3429 con-

28 3516 38 3539 ,
82 3455 202 3516 cionihus
221 3459 358 3520 sederes:
383 3478 441 3542 ego
459 3479 637 3542 progressus
655 3459 747 3520 verba
764 3459 831 3520 leci.
874 3458 935 3519 Sed
955 3455 1099 3538 quoniam
1117 3455 1150 3515 id
1167 3467 1233 3514 tum
1263 3516 1267 3525 .

27 3587 31 3597 .
77 3561 136 3600 non
150 3541 260 3619 iecisti,
286 3565 369 3605 nunc
389 3546 495 3625 saltem
514 3548 659 3621 ostende,
685 3545 750 3619 dic,
775 3566 923 3627 quaenam
942 3555 1001 3604 aut·
1012 3542 1129 3612 oratio,
1156 3560 1234 3621 quae

75 3625 159 3686 inerit
172 3628 374 3705 invenienda,
399 3643 452 3691 aut
476 3651 552 3711 quae
576 3630 761 3712 reipublicae
785 3631 869 3693 utilis
893 3629 1011 3701 occasio
1035 3627 1129 3689 suerit
1151 3647 1235 3687 ame

73 3713 294 3791 praetermissa?
324 3739 399 3798 quae
418 3716 570 3778 societas?
601 3738 679 3798 qnae
696 3717 795 3791 actio,
820 3716 858 3777 ad
877 3736 966 3796 quam
984 3714 1016 3774 hi
1035 3713 1139 3797 potius
1157 3711 1234 3772 inci-

72 3797 149 3859 tandi
171 3799 248 3860 mihi
272 3802 408 3864 fuerint?
434 3801 530 3883 Atqui
553 3803 715 3884 praeterita
733 3803 821 3863 missa
840 3801 907 3862 heri
930 3801 1033 3861 solent
1056 3818 1176 3878 semper
1197 3795 1235 3856 ah

37 3940 42 3949 .
70 3883 227 3960 omnihus,
260 3908 363 3970 neque
378 3889 419 3949 de
438 3888 474 3948 iis
492 3911 620 3968 usquam
639 3888 798 3968 quisquam
816 3877 1068 3948 delibirationem
1086 3882 1236 3943 instituit:
1296 3891 1306 3899 ’”

68 3988 132 4028 cum
157 3984 210 4032 aut
234 3973 338 4033 futura
360 3987 412 4035 aut
436 3975 605 4055 praesentia
628 3973 793 4035 consiliarii
816 3997 927 4035 munus
949 3972 1114 4051 requirant
1157 3969 1262 4051 Tum-⁶

59 4074 137 4114 -vcro
155 4056 293 4119 cladium
308 4058 385 4119 aliae
404 4060 619 4142 impendebant
636 4059 685 4144 (nt
703 4056 899 4142 apparebat),
934 4057 1009 4117 aliae
1027 4055 1085 4115 iam
1105 4055 1238 4115 aderant.

56 4140 97 4213 ,ln
115 4141 227 4221 quibus
244 4143 420 4206 institutum
439 4167 572 4207 mearum
587 4145 885 4207 administrationum
902 4154 1048 4222 spectare,
1066 4162 1129 4202 non
1145 4161 1238 4200 even-

66 4237 126 4305 tqm
146 4227 327 4290 calumniari
346 4231 446 4292 debes.
489 4234 602 4295 lterum
621 4232 702 4292 enim
720 4232 858 4292 omnium
877 4228 975 4288 esitus
991 4227 1060 4288 talis
1079 4238 1240 4306 cst,·qua-
1273 4288 1279 4297 .

66 4309 121 4370 lem
140 4306 315 4388 Deus'esse
335 4317 448 4388 voluit:
479 4317 578 4398 ipsum
600 4340 672 4379 vero
691 4313 1088 4400 propositum'consulentis
1104 4311 1241 4372 animum
1287 4352 1315 4370 ,-

63 4391 203 4469 declarat
246 4401 296 4464 Ne
307 4399 411 4490 ¹igitur
428 4403 458 4467 id
476 4395 606 4493 iniuriae
625 4405 694 4466 loco
710 4403 787 4464 mihi
805 4399 1020 4475 nunteres,rsi
1037 4399 1079 4462 ita
1096 4395 1240 4477 contigit,
1264 4396 1323 4454 tta

183 4566 188 4593 l
