2722 4754
188 197 221 267 “,
290 192 557 259 ADVERSUS
592 174 1017 259 ARISTO'GITONEM
1052 198 1096 314 l..

99 361 134 422 ,·ιά
144 348 370 416 satisdationem
379 305 504 411 tabulas
522 349 662 426 babebat,
680 372 748 410 cum
763 371 800 411 eo
815 358 997 434 congressus
1011 361 1046 412 et
1063 350 1167 410 nescio
1184 348 1262 430 quid
1299 358 1302 363 ’

96 442 283 516 colloquens,
300 436 426 516 surripit
442 434 567 496 tabulas.
591 433 674 496 Cum
685 448 787 496 autem
804 435 898 504 borno
916 448 1096 516 quereretur
1109 449 1145 496 et
1161 435 1260 518 gravi-
1288 508 1293 517 Ι
1310 492 1312 497 .

91 545 139 591 ter
154 524 256 584 serens
275 521 406 597 diceret,
432 519 584 580 neminem
603 521 695 580 alium
721 520 918 601 surripuisse:
947 543 984 582 eo
1003 521 1173 583 dementiae
1190 542 1260 603 per·
1330 574 1337 584 ,

88 608 178 674 venit
193 606 261 682 iste,
277 618 314 665 ιιι
333 626 401 666 eum
418 605 578 665 verberare
596 607 819 688 aggrederetur.
845 607 872 665 ls
892 627 976 698 vero,
993 620 1029 668 ut
1045 628 1152 669 recens
1169 620 1260 688 atque
1308 674 1318 683 q

83 701 220 774 integer,
238 703 361 774 superat
378 690 491 763 illum
482 713 542 750 ram
558 692 714 751 rancidum
735 703 767 750 et
782 689 834 749 diu
853 687 1043 751 maceratum.
1062 689 1140 752 Cum
1159 705 1260 754 autem
1314 755 1315 758 ,

80 801 119 842 eo
142 788 271 837 ventum
291 788 381 850 esset,
399 777 592 855 praemordet
608 797 714 836 nasum
733 774 878 835 bominis(
916 774 962 835 Ac
979 790 1045 843 tum
1064 778 1207 856 quidem,
1223 777 1260 838 ba

75 861 259 925 calamitate
276 882 415 941 pressus,
433 860 484 920 ille
503 862 540 920 ab
558 860 776 944 investigandis
791 873 822 922 ct
838 862 1017 961 quaerbpdis
1036 862 1146 922 tabulis
1165 863 1259 924 desti·
1315 856 1325 879 ‘

52 949 133 1013 tie:
169 958 239 1027 post
256 946 417 1008 inveniunt
435 967 484 1005 eas
501 946 535 1005 in
552 946 651 1006 arc'ula
676 947 824 1026 quadam,
849 945 946 1005 cuius
947 946 1010 1006 iste
1036 947 1149 1006 clavem
1167 947 1260 1008 habe·

66 1032 141 1092 bat.
165 1030 295 1104 Deinde,
303 1032 367 1112 qui
383 1030 548 1091 incarcere
567 1045 663 1106 erant,
681 1031 857 1118 huiusmodi
874 1033 1034 1092 decretum
1047 1030 1178 1092 faciunt:
1196 1053 1259 1097 nnn

58 1116 209 1198 ignem,
234 1136 299 1183 non
317 1116 488 1192 lucernam,
507 1138 571 1176 non
588 1131 713 1198 potum,
731 1137 795 1176 non
814 1116 915 1179 cibum
933 1116 1030 1176 ullum
1048 1137 1118 1176 cum
1136 1137 1174 1177 eo
1193 1134 1259 1177 esse

57 1199 373 1261 communicandum
398 1221 456 1261 nec
481 1202 689 1283 accipiendum
708 1202 746 1261 ab
765 1223 819 1275 eo,
845 1202 872 1263 ei
891 1223 948 1261 uec
973 1197 1148 1262 donandir‘rn
1173 1201 1260 1282 quic·¹
1278 1223 1280 1227 ’
1318 1200 1321 1206 ’

51 1305 187 1362 quarn.
216 1286 300 1346 Haec
317 1298 353 1346 ιιι
370 1307 386 1345 a
405 1307 453 1347 me
471 1307 542 1346 vere
561 1287 621 1346 dici
640 1299 770 1362 constet,
787 1287 887 1367 ipsum
901 1285 981 1348 mihi
999 1287 1155 1348 hominem
1172 1307 1260 1361 voca,

51 1369 174 1431 euius
191 1392 308 1435 nasum
318 1370 478 1432 nolanus
468 1385 526 1435 rste
543 1392 751 1456 praemorsam
770 1371 933 1444 devoravit
945 1391 948 1395 ’
1071 1382 1073 1386 ’

369 1558 372 1562 .
466 1506 880 1575 ιιιιιιιιοιιιιιιι
1003 1564 1005 1569 ,
1093 1489 1095 1494 “
1220 1488 1341 1568 ss'501

159 1625 380 1725 Egregiqrum
394 1623 511 1686 seilicet
534 1629 661 1706 operum
685 1627 772 1688 vobis
799 1638 903 1691 orator
927 1625 984 1687 iste
1002 1626 1109 1688 artifex
1136 1626 1258 1689 exstitit

44 1702 359 1791 operaepretium
374 1731 447 1770 vero
467 1710 528 1784 est,
547 1733 583 1771 ex
599 1710 653 1770 tali
672 1733 726 1771 ore
744 1711 875 1791 aliquam
894 1712 1063 1772 orationem
1082 1713 1187 1773 audire
1205 1726 1257 1794 aut
1328 1768 1331 1784 Ι

18 1845 27 1852 .
48 1796 257 1874 consilium.
268 1795 382 1877 Recita
400 1796 489 1856 etiam
508 1797 694 1878 praeclarum
712 1796 788 1858 illud
807 1799 963 1860 decretum
982 1798 1019 1858 de
1037 1817 1075 1857 eo
1093 1799 1213 1863 factum.

477 1910 855 1994 ιὟιιιιιΜ
1084 1907 1094 1937 ’
1174 1954 1177 1961 ’

172 2050 213 2112 Ει
230 2070 292 2110 non
310 2011 432 2131 pudeat,
451 2049 672 2126 Athenienses,
691 2074 759 2112 cum
778 2052 918 2114 homines
936 2065 1061 2133 propter
1068 2006 1317 2151 improbitati*

52 2140 144 2193 tem
166 2148 199 2196 et
216 2135 391 2198 foedissima
408 2136 542 2195 facinora
561 2093 718 2197 coniebti'
709 2161 741 2198 ιιι
762 2158 915 2198 carcerem
932 2150 1017 2197 tauto
1036 2136 1129 2197 istum
1147 2156 1180 2195 se
1198 2137 1256 2195 im-

51 2220 264 2298 probiorem
281 2242 347 2282 esse
366 2221 523 2295 duxerint,
546 2234 582 2282 ut
599 2244 676 2301 aqua
695 2237 726 2284 et
749 2223 814 2304 igur
805 2221 1112 2296 interdixerint,
1087 2242 1186 2282 srvos
1204 2214 1256 2281 ex'
1305 2224 1316 2268 ‘'-

55 2305 208 2383 pulsum
228 2329 298 2367 eum
324 2306 476 2390 legibus
462 2327 498 2365 ex
522 2307 704 2407 republica
695 2331 727 2366 ιιι
745 2319 878 2367 vestrum
899 2327 1063 2366 numerum
1080 2305 1256 2387 recipietis?

58 2390 228 2465 Quod
200 2413 265 2452 erus
284 2392 410 2464 facinus,
428 2414 517 2470 quam
535 2393 613 2452 vitae
632 2392 781 2453 rationem
799 2392 971 2466 laudabitis,
989 2404 1042 2452 aut
1060 2391 1143 2472 quid·
1152 2390 1255 2472 potius
1305 2396 1310 2401 ’

61 2475 223 2535 omnium
243 2498 306 2538 non
324 2495 414 2558 aegre
431 2476 558 2537 feretis?
602 2476 740 2536 Nonne
731 2477 841 2557 impius
862 2477 950 2537 esti.
962 2477 1074 2536 Nonne
1100 2475 1257 2536 crudelis?
1277 2508 1306 2551 4

60 2560 197 2622 Nonne'
215 2561 374 2643 impurus?
391 2561 503 2621 Nonne
522 2561 741 2623 calumniator?
759 2562 800 2621 Et
815 2575 928 2635 tamen,
945 2562 1014 2621 talis
1031 2583 1100 2622 eum
1113 2561 1154 2621 sit
1167 2573 1255 2621 etta-

65 2646 121 2706 lia
141 2645 335 2728 designet,
326 2670 358 2705 ιιι
378 2647 519 2708 omnibus
545 2667 665 2729 semper
691 2646 892 2708 concionibus
910 2647 1059 2708 clamitate
1079 2648 1151 2730 Ego
1170 2646 1254 2706 solus

72 2732 184 2792 adbuc
200 2731 287 2792 vobis
307 2733 385 2792 bene
401 2732 508 2812 cupio:
528 2733 695 2792 omnesisti
710 2733 937 2832 conspiraruntc
924 2726 1070 2812 proditi
1084 2731 1172 2791 estis:
1190 2718 1255 2791 sola

73 2838 154 2877 mea
170 2816 382 2877 benevolentia
402 2829 447 2877 est
462 2816 587 2897 reliqua
605 2817 758 2897 lnquiram
777 2830 879 2878 autem
893 2818 926 2877 in
941 2816 1176 2878 vehementem'
1167 2828 1256 2876 istam

73 2901 149 2962 eius
167 2915 199 2963 et
209 2902 367 2985 ingentem
386 2901 640 2977 benevolentiam,
658 2902 740 2962 und'e
757 2923 791 2962 ea
804 2904 853 2978 sit,
871 2903 996 2963 etunde
1014 2923 1048 2962 re
1063 2922 1135 2961 vera
1153 2912 1255 2961 ortona

77 2986 219 3048 duxerit:
236 3001 280 3062 ut,
299 2987 324 3046 si
339 2999 386 3046 est
402 2987 489 3063 talis,
507 3009 541 3048 ea
559 2987 688 3048 utamini
706 3000 737 3048 et
754 2987 825 3048 frati
843 2988 925 3048 sitis:
942 2987 990 3048 sin
1005 2988 1123 3061 minus,
1138 2986 1186 3048 uti
1203 3006 1260 3046 ca·.

78 3071 186 3132 veatis.
230 3073 386 3153 Numquid
405 3073 495 3146 inde,
516 3075 599 3153 quod
617 3085 733 3155 patrem
752 3074 818 3135 eius
836 3073 940 3154 capitis
960 3073 1127 3134 damnastis·
1141 3084 1254 3132 etma-
1308 3067 1311 3071 ’

82 3170 160 3217 trem
172 3158 246 3217 eius
274 3157 446 3219 convictam
469 3159 605 3218 desertae
631 3159 788 3235 clientelae
813 3158 1009 3259 vendidistis,
1037 3169 1164 3240 propter
1180 3155 1262 3235 baec!

85 3243 154 3327 euin
168 3243 259 3302 robis
280 3244 357 3303 bene
375 3243 453 3303 velle
481 3243 677 3304 existimatis?
721 3243 891 3317 Atboc,
882 3257 923 3304 ιιι
941 3266 990 3303 me
999 3245 1126 3324 'lupiter
1149 3241 1254 3322 diique
1330 3293 1331 3297 ,

84 3328 189 3388 omnes
209 3341 329 3403 ament,
348 3328 511 3390 absurdum
531 3342 583 3388 est
592 3329 737 3387 'Nam
712 3351 738 3389 ει
756 3329 815 3391 illi's
834 3329 913 3393 bene
932 3329 1016 3410 cupit
1034 3341 1065 3396 et
1083 3330 1183 3412 legem
1201 3348 1255 3387 na·
1289 3404 1292 3412 Ι

84 3425 175 3493 turae
186 3424 311 3486 tuetur,
338 3435 418 3494 quae
431 3437 492 3473 una
510 3427 541 3474 et
558 3410 732 3474 hominibus
759 3427 790 3476 et
806 3414 880 3474 feris
898 3435 1049 3501 exaequo
1068 3427 1115 3480 est
1131 3411 1258 3485 sancita,

85 3509 118 3557 ιι
134 3512 277 3579 parentes
296 3499 440 3580 diligantt
468 3500 546 3560 male
563 3499 667 3559 vult”
645 3522 701 3574 us,
727 3522 780 3580 qur
771 3499 866 3559 illos
892 3509 1104 3581 peremerunt:
1132 3506 1255 3580 apparet

85 3582 178 3666 igitur
202 3586 312 3644 eodem
337 3605 404 3644 esse
429 3585 580 3646 animo-et
596 3583 629 3643 in
647 3585 748 3668 leges,
774 3599 806 3646 et
823 3585 854 3645 in
880 3584 1097 3666 rempublicam
1121 3584 1254 3644 illorum.

85 3668 134 3728 Sin
153 3668 270 3730 nullam
289 3669 400 3728 horum
416 3669 567 3729 rationem
586 3670 687 3743 ducit,
705 3692 852 3753 perquam
870 3671 947 3730 scire
964 3670 1066 3744 velim,
1085 3669 1153 3769 quis
1172 3688 1253 3742 eum,
1293 3718 1303 3743 ,

85 3775 172 3834 quem
191 3754 465 3815 benevolentiam
456 3776 488 3814 ιιι
513 3767 653 3835 parentes
671 3757 817 3817 abiecisse
835 3756 970 3830 videret,
995 3777 1029 3815 ea
1048 3777 1114 3816 esse
1111 3751 1251 3834 praedi

85 3852 154 3912 tum,
175 3863 235 3930 qua
254 3862 286 3900 se
304 3840 451 3921 populum
470 3863 551 3899 nunc
569 3842 716 3921 prosequi
734 3843 833 3915 iactat,
852 3841 1012 3903 crederet?
1029 3838 1180 3920 Equidem
1199 3836 1252 3899 ad·
1313 3831 1316 3839 ¹

84 3924 234 3986 ducinon
252 3946 417 4006 possum,
413 3925 545 3985 etdiis'
536 3926 683 3999 invisum,
702 3947 764 3987 uon
782 3928 875 3986 modo
894 3925 1079 3999 hominibus,
1097 3945 1167 3984 eum
1185 3944 1252 3984 esse
1293 3942 1296 3947 ’
1342 3982 1345 3987 ,

82 4025 166 4090 puto,
185 4033 203 4071 a
222 4031 284 4092 quo
303 4025 443 4092 parentes
463 4008 663 4094 negligantur.
707 4011 758 4084 At,
777 4012 917 4085 hercule,
936 4009 1066 4092 quod
1038 4032 1104 4070 erus
1123 4009 1251 4077 delatior

80 4117 132 4157 nes
152 4097 337 4170 damnastis,
365 4098 447 4175 quod
467 4095 539 4156 bis
531 4118 563 4155 ιιι
591 4116 740 4157 carcerem
760 4096 950 4168 coniecistis,
976 4109 1008 4157 et
1025 4095 1124 4191 ipsum
1143 4108 1173 4156 at
1190 4095 1250 4156 fra-

79 4193 175 4243 trem:
194 4194 356 4282 propterea
374 4180 460 4240 vobis
479 4181 558 4240 bene
577 4181 681 4262 cupit?
717 4183 778 4242 Sed
797 4195 828 4242 et
844 4182 904 4242 hoc
922 4182 1091 4243 absurdum
1105 4182 1158 4242 dat
1195 4180 1250 4239 An

76 4270 163 4349 quod
182 4267 409 4350 magistratum,
421 4265 474 4346 qui
492 4286 520 4325 er
530 4280 612 4328 sorte
627 4268 801 4342 obvenerat,
820 4267 1015 4351 abrogastis?
1023 4266 1073 4327 An
1087 4265 1214 4347 quod'
1184 4285 1251 4326 vro-
1266 4320 1273 4334 Ι

75 4352 210 4416 latarum
228 4353 331 4436 legum
345 4350 591 4453 condemnastis?
608 4352 658 4479 An
673 4355 756 4434 quod
770 4353 907 4435 quinque
924 4353 1045 4415 talentis
1063 4351 1260 4416 ιιιιιιιιιιιιῖιΡΙ

654 4526 784 4565 ,λ’

709 4586 711 4591 ’
1149 4596 1158 4625 ι
