2722 4754
341 164 869 297 :-·„1›'1s“cononmg
1130 163 1229 269 ·s121
1322 212 1329 221 ·

70 368 183 432 boribus
202 368 397 440 devastante,
416 384 504 447 opem
523 364 594 425 tulit
612 363 739 427 navibus
759 375 881 423 centum
902 364 935 423 et‘
950 362 1077 445 viginti,
1095 362 1231 431 frumen·
1265 379 1274 417 3
1306 406 1309 411 Δ
1334 396 1337 400 -

48 472 117 531 ·to,
140 452 207 514 telis
226 465 257 512 et
274 448 469 534 legionibus,
499 468 618 531 nosque
639 471 654 509 e
672 444 951 532 magnis'periculis
971 450 1100 530 eripuit,
1131 463 1161 510 et
1178 471 1231 530 pa·
1336 524 1337 528 Ἰ

77 544 148 608 triam
170 537 390 620 rempublicam
407 537 600 598 restituit·et
617 525 700 618 leges
720 548 750 595 et
768 547 965 594 monumenta
984 536 1148 595 maiorum:
1166 535 1231 615 pla·
1245 528 1269 567 Ψ
1326 550 1331 561 ··

39 648 47 675 ··
81 624 260 705 ,mpopulo
279 613 497 706 Byzantiorum
516 635 547 682 et
564 621 810 695 Perinthiorum,
838 621 908 679 dare
925 620 1168 681 Atheniensibus
1187 614 1230 680 al·
1323 631 1325 636 '

39 770 41 777 ,
83 715 223 783 finitatem,
248 709 418 788 civitatem,
436 709 500 791 agri
518 701 761 788 possessionem,
786 719 817 766 et
834 708 991 787 proprium
1009 728 1044 766 ac
1062 708 1230 788 principem
1248 762 1250 771 ,
1324 761 1335 766 .,

86 806 163 867 turum
185 795 217 853 in
243 793 439 875 spectaculis,
466 794 545 874 apud
570 788 719 882 Tholyrm,
746 793 826 873 apud
852 799 989 852 senatum
1018 806 1048 851 et
1073 795 1232 875 populum,
1322 838 1329 849 c

89 891 148 950 irrta
157 876 340 958 sacerdotes:
355 893 385 939 et
395 879 427 938 in
441 879 516 939 urbe
529 878 664 955 habitare
675 878 851 940 volentibus
861 879 1082 937 immunitatem
1095 880 1234 963 omnium
1252 927 1257 936 .
1329 894 1333 904 “

89 989 189 1036 ,nerum
206 965 355 1025 civilium:
383 965 540 1047 erigendas
559 965 632 1023 item
653 986 719 1025 esse
737 978 849 1025 statuas
869 964 901 1023 in
919 965 1058 1045 Bosporo
1078 976 1156 1043 tres,
1183 985 1230 1023 se-

90 1061 175 1122 dennm
202 1051 337 1111 cubitum
364 1051 515 1132 singulas,
550 1051 658 1132 populi
684 1049 882 1111 Atheniensis
909 1050 1047 1110 coronati
1072 1071 1088 1108 a
1114 1049 1230 1130 populo
1280 1125 1283 1129 ἱ
1330 1104 1336 1113 ,

50 1134 274 1230 “Byzantiorum
294 1148 326 1195 et
341 1136 585 1206 Perinthiorum:
609 1137 757 1197 mittenda
781 1137 870 1206 etiam
897 1152 962 1196 esse
986 1156 1111 1194 munera
1130 1135 1162 1194 in
1181 1155 1230 1194 ce-

89 1229 166 1305 lebres
180 1222 322 1283 Graeciae
341 1236 520 1296 conventus,
539 1222 672 1296 isthmia,
689 1222 814 1296 Nemea,
834 1221 991 1306 Olympia,
1010 1220 1181 1304 et-Pythia,
1201 1234 1232 1281 et

91 1306 301 1399 proclamandam
328 1329 490 1380 coronam,
508 1330 580 1387 =qua
606 1309 735 1371 donatus
764 1321 810 1368 est
833 1308 964 1389 populus
991 1305 1188 1389 Atheniensis
1214 1328 1244 1387 a¹

93 1399 177 1462 nobis:
201 1405 232 1452 nt
249 1396 356 1455 norint
375 1393 486 1456 Graeci
512 1414 626 1454 omnes.
638 1407 668 1454 et
684 1393 922 1463 Atheniensium
950 1392 1093 1465 virtutem
1122 1405 1151 1452 et
1168 1392 1230 1476 By-

94 1485 228 1548 zantiorum
244 1501 279 1538 ac
292 1479 525 1552 ›Perinthiorum
544 1480 694 1560 pietatem.

97 1634 101 1644 ‚
157 1565 250 1640 Recita
269 1565 361 1626 etiam
380 1566 505 1626 donatas
524 1588 540 1625 a
559 1563 784 1631 Chersonesitis
805 1588 940 1628 coronas.
986 1631 989 1635 ‚

243 1769 249 1776 ,
299 1721 528 1783 neccarum
564 1721 991 1777 chersones-reanum.
1257 1703 1317 1766 164

47 1814 64 1900 ἶ
157 1814 395 1898 Chersone‘sitae,
431 1826 484 1905 qui
509 1825 630 1885 Sestum
658 1826 813 1899 incolunt,
848 1825 1028 1897 Elcuntem,
1064 1825 1233 1908 Madytum,

92 1913 465 1994 Alopeconesnm,‘ornant
486 1909 721 1971 Atheniensium
747 1925 886 1970 senatum
913 1924 944 1970 et
969 1909 1117 1991 populum
1142 1932 1243 1977 aurea
1319 1916 1327 1935 '

91 2019 182 2060 corona
202 1997 352 2079 sexaginta
369 1997 570 2070 talentorum,
599 2011 629 2057 et
648 1996 770 2057 Gratiae
795 2003 874 2056 ara't'n
900 1990 1061 2070 exstruunt
1078 2009 1108 2055 et
1125 1996 1233 2076 pop'ull

91 2081 274 2144 Atheniensis:
307 2084 441 2163 quodpin
461 2079 689 2142 Chersonesitas
709 2081 891 2142 beneficium
910 2080 1075 2143 contulerit
1094 2072 1231 2141 omnium

91 2169 238 2241 marimum,
256 2182 377 2250 ereptos
398 2191 413 2228 e
430 2168 564 2249 Philippi
581 2168 893 2251 manibus3··i·‘estituta
911 2168 1022 2253 patria,
1035 2167 1174 2249 legibus,
1193 2166 1230 2226 li-

93 2255 199 2329 bertate,
222 2254 327 2313 sacris:
357 2267 387 2313 et
405 2254 545 2334 sequenti
564 2276 638 2316 aevo
658 2255 742 2313 omni
760 2276 824 2313 non
843 2254 985 2314 desinent
1002 2261 1091 2335 agere
1110 2253 1231 2335 gratias,

93 2352 125 2413 et,
139 2361 301 2419 quacunque
320 2339 440 2400 ratione
457 2352 613 2421 poterunt,
631 2340 709 2400 bene
728 2340 845 2407 mereri.
879 2342 961 2400 Haec
981 2341 1180 2421 decreverunt
1197 2339 1230 2399 in
1253 2361 1257 2366 ’

91 2425 219 2485 conmuni
235 2425 373 2486 concilio.
707 2440 709 2444 '
980 2439 987 2452 “
1042 2470 1045 2475 -

98 2508 107 2522 ‘
161 2511 221 2569 Non
237 2511 331 2594 igitur
348 2512 380 2571 id
398 2512 507 2586 solum,
525 2527 560 2573 ut
575 2510 785 2574 Chersonesus
805 2526 836 2574 et
852 2513 1032 2598 Byzantium
1051 2509 1280 2588 servaretur,'·'-
1308 2519 1311 2523 ’

93 2596 303 2678 et·Hellesponti
323 2597 481 2658 dominatu
499 2599 656 2681 Philippus
674 2613 740 2661 tum
759 2599 979 2674 excluderetur,
999 2615 1029 2661 et
1045 2601 1259 2683 reipublicae:

67 2686 70 2691 ’
91 2682 277 2761 propterhaec
292 2683 392 2743 honos
411 2684 584 2761 haberetur,
603 2686 732 2745 consilio
752 2707 820 2744 meo
840 2700 871 2746 et
884 2685 1145 2746 administratione
1161 2688 1231 2766 p'er-
1293 2756 1296 2760 4

92 2765 190 2852 lectum
206 2780 259 2827 est:
286 2771 340 2851 sed
358 2769 434 2829 illud
454 2770 542 2831 etiam
562 2772 739 2831 mortalibus
759 2769 900 2830 omnibus
920 2763 1095 2845 ostensum,
1121 2772 1233 2852 quanta

91 2863 160 2910 essct
180 2864 206 2911 et
225 2853 404 2934 reipublicae
430 2868 553 2915 nostrae
579 2857 700 2916 bonitas
727 2869 758 2915 et
775 2857 909 2937 Philippi
926 2857 1110 2937 improbitas.
1154 2856 1231 2916 Nam

91 2936 112 2996 is
130 2937 249 3015 quidem,
272 2941 385 3000 amicus
405 2955 434 3001 et
453 2942 553 3003 socius
571 2942 802 3026 Byzantiorum,
826 2943 924 3022 palam
943 2944 1084 3003 omnibns
1105 2964 1156 3004 cos
1176 2942 1231 3001 ob-

90 3021 202 3082 sidebat:
224 3046 289 3105 quo
309 3024 386 3106 quid
401 3027 468 3087 fieri
486 3027 583 3108 possit
601 3028 720 3087 foedius
739 3041 791 3087 aut
808 3027 1003 3089 sceleratius?
1039 3033 1102 3089 Vos
1121 3037 1232 3100 autem,

39 3120 42 3124 '
92 3107 207 3185 quinon
228 3110 338 3171 iniuria
362 3112 455 3173 multa
479 3134 575 3192 eaque
598 3114 698 3196 gravia
718 3116 754 3174 de
775 3114 817 3173 eis
837 3115 923 3193 queri
941 3114 1134 3194 potuissetis,
1160 3135 1232 3195 pro-

90 3203 211 3272 pterea,
236 3218 312 3276 quae
336 3199 546 3279 superioribus
570 3200 760 3281 temporibus
784 3199 815 3259 in
834 3221 888 3259 vos
913 3201 1143 3275 commiserant,
1169 3220 1232 3259 non

67 3277 168 3337 mollo
187 3283 357 3350 memoriam
382 3285 560 3344 iniuriarum
581 3282 781 3357 obliterastis,
809 3298 854 3359 et,
880 3304 919 3345 ne
938 3285 1056 3345 iniuriis
1075 3284 1236 3345 afficeren:
1295 3289 1325 3304 “’

50 3429 56 3435 ,
90 3375 144 3435 tur,
158 3366 363 3450 prohibuistis:
388 3372 441 3430 sed
460 3382 512 3432 eo's
532 3371 623 3430 etiam
642 3372 849 3432 conservastis.
876 3372 958 3430 unde
977 3364 1121 3454 gloriam,
1139 3371 1233 3430 bene-

91 3449 228 3510 volentiam
240 3454 319 3537 -estis
339 3456 375 3514 ab
395 3458 536 3516 omnibus
554 3458 692 3518 assecuti.
723 3457 768 3516 Ac
786 3457 898 3516 multos
916 3453 975 3515 iam
995 3479 1010 3516 a
1028 3458 1114 3518 vohis
1133 3474 1233 3517 tersa-

90 3545 133 3592 tos
152 3534 178 3593 in
201 3539 357 3619 republica
389 3542 511 3602 coronis
543 3553 608 3602 e'sse
642 3545 789 3616 donatos,
820 3540 921 3602 sciunt
951 3564 1087 3617 omnes:
1110 3555 1236 3625 propter
1283 3534 1290 3547 ⁸

87 3638 164 3697 quem
187 3636 285 3684 autem
311 3626 405 3702 alium
430 3628 601 3710 respublica
629 3642 772 3688 coronata
797 3628 836 3688 sit
862 3625 1093 3710 (consiliarium.
1109 3630 1178 3688 dico
1205 3639 1237 3687 et

86 3707 244 3791 oratorem),
264 3710 324 3770 nisi
342 3718 468 3795 pr'upter
484 3736 543 3788 me,
561 3734 652 3773 nemo
672 3714 807 3774 omnium
826 3713 927 3775 dicere
946 3728 1044 3794 queat.
1061 3717 1118 3775 'Ut
1135 3726 1235 3774 autem

84 3802 111 3865 et
129 3793 297 3869 maledicta,
324 3798 434 3877 quibus
458 3800 656 3860 Euboeenses
683 3814 715 3861 et
736 3799 899 3884 Byzantios
926 3799 1066 3874 incessit,
1091 3800 1235 3860 refricans
1295 3802 1305 3813 ⁵

82 3897 176 3936 comm
193 3878 379 3956 memoriani,
402 3885 427 3943 si
446 3884 519 3964 quid
538 3886 570 3944 in
588 3907 641 3948 vos
661 3886 873 3951 commiserant
891 3883 1055 3957 incivilius,
1074 3885 1240 3945 calumnias
1285 3898 1292 3905 ·

80 3981 138 4029 esse
156 3967 325 4026 ostendam:
344 3991 408 4029 non
425 3984 585 4051 propterea
603 3964 736 4046 tantum,
751 3972 834 4054 quod
851 3970 1007 4033 mendacia
1026 3973 1087 4031 sint
1104 3970 1187 4054 (nam
1206 3969 1237 4028 id
1329 4041 1337 4052 ,

48 4064 56 4075 “
77 4069 125 4108 vos
143 4052 291 4131 praescire
309 4053 470 4137 arbitror),
489 4058 552 4128 sed,
573 4071 607 4117 ut
625 4057 753 4121 inanime
771 4077 840 4116 vera
859 4061 969 4129 essent,
989 4057 1057 4135 quia
1076 4069 1177 4117 tamen
1196 4058 1241 4115 ita¹

56 4134 134 4216 ,³552
163 4149 198 4196 nt
216 4156 274 4219 ego
294 4141 358 4222 egi,
388 4141 583 4201 utilissimdm
602 4142 673 4202 luit:
703 4166 799 4207 ununt
818 4155 908 4223 atque
927 4143 1054 4201 alterum
1074 4141 1237 4203 honestum
1266 4148 1270 4157 “
1296 4138 1308 4157 ‘

72 4220 253 4302 reipublicae
272 4224 388 4285 lacinus
408 4226 571 4307 eiponam,
590 4228 682 4308 idque
700 4229 810 4311 paucis.
840 4228 961 4303 Etenim
981 4240 1011 4288 et
1029 4228 1157 4312 singulis
1176 4227 1237 4310 pri-

71 4306 160 4366 vatim
180 4321 210 4368 et
226 4309 350 4389 publice
369 4313 509 4373 omnibns
528 4335 648 4396 semper
665 4316 762 4376 danda
782 4328 826 4374 est
845 4334 953 4394 opera,
978 4327 1014 4381 ut
1033 4314 1063 4383 in
1083 4336 1135 4388 ea,
1161 4333 1238 4394 quae

56 4391 184 4454 -habent
199 4393 421 4473 honestissima,
431 4400 594 4461 'intuentes
611 4414 728 4462 caetera
744 4398 895 4461 consimili
911 4400 1003 4460 modo
1020 4400 1238 4465 administrent

241 4473 256 4489 ⁶
312 4496 321 4504 c
1082 4476 1118 4507 ,ἰ
1335 4491 1337 4496 .

1280 2096 1283 2100 -
1293 2082 1320 2109 d
