2722 4754
152 188 245 261 ιιιξ
388 141 1048 283 [ἰιιιιοιιιιιιιιις(ιιιιίιο

145 360 238 400 *surus
265 350 350 396 esset
383 333 551 395 Audieram
572 332 669 416 euim,
693 354 764 392 eum
788 353 849 391 ιιοιι
868 298 979 392 habere
1000 336 1133 392 uxorem
1169 335 1309 416 Ingresso

116 478 129 493 „
146 430 251 486 'autem
268 421 343 479 mihi
353 418 547 519 colaphum
538 419 680 500 impingit
696 418 728 488 ἰιι
746 438 781 479 οι
795 417 1017 505 l'heophemus.
1034 413 1099 498 Ego
1114 438 1201 488 vero,
1219 430 1311 479 testa-

137 523 200 567 ·‘tus
220 505 515 605 eots,qu1aderant,
534 524 581 562 me
600 503 739 569 defendo.
766 500 823 560 An
841 515 941 572 autem
959 523 1028 561 vera
1046 503 1160 575 dicam,
1174 513 1212 560 et
1228 523 1312 580 prror
1347 514 1351 520 “

47 591 54 599 ’
93 615 95 619 ’
151 611 207 672 per
219 611 359 648 ιιιιιιιιιιιιι
373 583 599 669 Theophemus
604 587 676 646 ιιιιΙιι
690 607 795 645 manus
810 584 959 659 attulerit,
978 606 1040 645 non
1056 587 1115 645 al1o
1130 598 1311 668 argumento

69 673 129 736 228
152 672 398 756 cognoscendum
423 694 488 732 esse
512 694 598 745 reor,
625 669 714 750 qu'am
739 666 916 768 emuliere,
941 692 1031 769 quam
1054 674 1147 731 testes
1172 671 1315 730 dixerunt

147 719 381 858 Theophemum
406 757 539 817 voluisse
562 754 688 818 tradere
730 753 801 813 Eo
800 753 975 819 testimonio
1001 754 1137 828 nitens,
1145 754 1240 834 prior
1266 755 1312 812 iu-

129 906 134 913 ,
152 854 289 927 gressus,
306 864 369 902 non
388 843 555 923 excipiente
574 861 632 912 me,
650 860 751 918 neque
768 829 914 897 iudicium
932 840 1106 911 differente,
1126 840 1211 917 quod
1228 839 1312 918 prius

119 996 129 1005 ,
154 930 242 988 etiam
262 949 313 986 eae
331 949 379 986 res
396 926 505 1009 inalio
525 925 637 984 iudicio
657 924 731 982 mihi
748 935 936 996 nocuerant,
956 918 1083 1004 decepit
1101 924 1236 995 iudices,
1268 923 1316 981 dt

63 1066 71 1074 .
134 1007 136 1012 ¹
153 1013 266 1083 condo,
285 1032 360 1090 quos
380 1005 437 1091 ego
455 1000 678 1093 produxissem
680 1020 783 1080 testes,
802 1026 853 1067 eos
870 1007 1007 1092 mentiri,
1025 1009 1183 1068 mulierem
1203 1020 1313 1080 autem,

93 1102 97 1107 ’
153 1109 258 1177 quaest
247 1088 381 1154 tionibus
399 1094 525 1166 habitis,
542 1114 611 1153 vera
630 1088 784 1156 dicturam
803 1072 922 1166 Quibus
940 1105 1038 1160 autem
1057 1093 1156 1151 uerbis
1176 1105 1242 1150 tum
1262 1092 1313 1150 ab-

149 1179 378 1252 utebantur,'''
358 1201 405 1237 ιιι
412 1178 562 1242 contraria
579 1179 676 1236 lacere
695 1199 776 1237 nunc
794 1197 857 1237 non
877 1176 1029 1255 dubitant:
1055 1176 1213 1236 mulierem
1233 1176 1329 1234 enim‘

127 1294 129 1299 ’
153 1270 241 1364 saepe
265 1264 322 1322 iam
340 1263 519 1362 postulatam
540 1277 726 1342 extorquere
737 1282 803 1320 ιιοιι
818 1277 956 1340 possum,
991 1274 1027 1320 ιιι
1036 1282 1060 1324 e
1078 1261 1209 1323 testibus
1228 1261 1314 1319 audi-

101 1376 103 1378 *
148 1349 247 1408 ¹visti-s.
272 1348 425 1422 Quonim
448 1347 541 1439 igitur
559 1347 603 1406 illi
621 1347 777 1405 mulierem
796 1367 858 1405 ιιοιι
876 1346 1008 1444 tradunt,
1021 1368 1116 1424 quam
1135 1344 1314 1424 semetipsos

143 1433 300 1493 'obtulisse
319 1433 434 1505 dicunt,
456 1451 513 1513 ego
531 1433 696 1511 producam
714 1443 817 1503 testes,
836 1431 888 1508 qui
907 1450 954 1490 me
966 1431 1124 1531 priorem·
1114 1429 1331 1489 verberatum

66 1563 72 1571 ,
132 1507 135 1522 ’
155 1517 296 1576 viderunt
318 1539 334 1574 a
358 1516 564 1596 Theophemo.
595 1517 646 1574 Ea
659 1531 731 1576 vero
749 1515 919 1574 verberatio
939 1529 1003 1588 est,
1025 1517 1053 1574 si
1073 1516 1141 1592 quis
1159 1514 1251 1594 prior
1259 1535 1314 1594 per
1334 1515 1337 1519 ’

154 1601 294 1659 iniuriam
313 1600 399 1658 alteri
417 1621 527 1660 manus
540 1600 691 1674 attulerit,
722 1600 751 1658 ei
770 1600 963 1679 praesertim,
994 1622 1057 1679 qm
1038 1599 1141 1697 legis
1162 1609 1194 1656 et·
1207 1600 1313 1658 decre-

83 1720 88 1724 -
154 1696 256 1744 torum
272 1698 443 1744 vestrorum
459 1685 638 1745 auctoritate
656 1706 708 1775 ea,
727 1704 806 1771 quae
822 1683 988 1759 debentur,
1007 1683 1107 1813 exigit.
1141 1683 1218 1789 laege
1231 1683 1312 1742 mihi
1353 1720 1355 1725 <

28 1773 36 1780 ’
156 1769 275 1830 decreta
294 1781 326 1830 et
340 1767 522 1889 testimonia.
639 1777 641 1784 ’

483 1919 694 1964 bucnero.
711 1919 983 1986 TESTIMONIA.

143 2074 147 2078 .
181 2019 318 2083 Cum
335 2036 437 2084 autem
454 2030 557 2102 erepta
573 2021 688 2081 mihi
673 2032 780 2081 essent·
788 2021 916 2103 pignora
935 2043 951 2081 a
968 2020 1184 2102 Theophemo,
1201 2032 1239 2080 et
1257 2022 1330 2102 ego*

154 2107 330 2170 verberibus
349 2097 489 2169 affectus:
503 2125 683 2204 progressus
698 2106 729 2165 in
741 2119 888 2166 senatum
890 2107 1019 2178 verbera
1039 2105 1170 2178 ostendi,
1187 2118 1219 2165 et
1237 2125 1316 2203 quae

61 2250 65 2260 ,
154 2201 314 2274 perpessus
334 2212 429 2252 essem
439 2190 581 2262 narravi,
601 2191 705 2271 idque
725 2191 879 2272 exigendis
903 2187 1102 2283 reipublicae
1114 2189 1315 2249 armamentis.

155 2277 211 2336 At·
214 2288 336 2335 senatus
354 2277 394 2336 ob
413 2297 456 2348 ea,
468 2295 551 2365 quae
568 2274 648 2333 mihi
658 2274 839 2347 acciderant,
857 2275 1040 2357 indignatus,
1059 2296 1126 2334 cum
1141 2296 1200 2346 me,
1218 2288 1255 2334 ut
1273 2273 1316 2331 ai-

44 2391 46 2396 ·
140 2362 253 2421 *lectus
271 2380 377 2432 essem,
393 2354 549 2433 vidisset,
554 2379 679 2459 eamque
697 2361 910 2419 contumeliam
916 2381 991 2418 ιιοιι
1008 2359 1098 2433 mihi,
1108 2360 1161 2419 sed
1179 2359 1268 2418 sibi
1258 2357 1317 2438 rpsi

35 2440 46 2447 “
157 2459 189 2506 ct
188 2434 337 2525 populo,
360 2445 474 2505 decreti
492 2444 624 2516 auctori,
650 2457 681 2503 et
698 2444 775 2525 legi,
792 2452 868 2523 quae
888 2444 1005 2526 exigere
1024 2454 1204 2517 armamenta
1222 2463 1316 2524 coge-

156 2542 220 2603 ret,
243 2529 564 2590 factam-existimaret:
588 2527 662 2586 mihi
678 2529 848 2601 mandavit,
873 2542 908 2588 ut
925 2549 995 2588 eum
1013 2529 1176 2588 maiestatis
1194 2548 1313 2586 accusa-

141 2641 145 2684 .'
156 2634 238 2673 rem:
262 2610 465 2689 ιιῦιιιίοιιιι
486 2613 514 2672 ei
533 2613 646 2673 dictare
669 2612 814 2672 iudicium
832 2614 910 2673 intra
934 2614 1077 2690 biduum,
1102 2626 1138 2672 ut
1153 2613 1314 2691 iniurioet

48 2719 52 2727 ·
109 2739 118 2767 ,·
157 2692 532 2784 navalemexpeditionem
549 2696 744 2796 impedienti,
766 2697 869 2771 iussit,
893 2705 1054 2779 propterea
1070 2699 1155 2778 quod
1176 2711 1207 2756 et
1224 2719 1312 2757 arma-

99 2811 100 2816 *
157 2795 258 2841 menta
277 2803 341 2841 ιιοιι
358 2780 515 2883 redderet,
534 2795 565 2841 et
580 2781 709 2863 pignora
728 2782 896 2862 eripuisset,
912 2797 946 2843 'et
963 2805 1027 2855 me,
1046 2784 1099 2882 qui
1118 2783 1269 2864 exigerem
1286 2795 1311 2841 et

63 2901 68 2907 -
156 2865 366 2945 reipublicae
357 2865 560 2955 inservirem,
559 2865 749 2926 ¹uerberibus·
755 2867 912 2932 affecisset,
937 2867 1055 2928 Facto
1046 2869 1142 2949 igitur
1160 2868 1198 2927 de
1217 2867 1311 2926 Theo

156 2951 266 3031 phemo
293 2950 457 3010 iudicium
481 2945 587 3011 senatu
606 2972 640 3010 ea
665 2951 799 3024 actiohe,
816 2974 880 3030 qua
903 2967 965 3034 ego
984 2973 1053 3010 eum
1076 2951 1259 3024 detuleram,
1282 2963 1310 3009 et

60 3055 68 3068 ·
125 3079 130 3087 .
155 3036 277 3113 utrique
296 3036 362 3095 data
380 3035 500 3095 dicendi
516 3044 677 3116 potestate,
697 3036 814 3094 occulte
832 3037 958 3095 seorsim
977 3037 1213 3096 decernentibus
1229 3056 1309 3094 seua·

135 3119 289 3222 toribus,
305 3120 472 3180 damnatus.
478 3134 525 3180 est
541 3121 573 3178 in
592 3120 684 3192 curia,
703 3132 733 3178 et
750 3120 861 3180 iniuste
877 3120 1031 3180 secisse
1003 3131 1093 3179 vrsu‘s.
1121 3117 1200 3179 Cum
1212 3130 1312 3184 autem

157 3202 277 3269 iamin
284 3224 321 3266 eo
339 3217 460 3264 senatus
480 3216 586 3276 esset,
598 3217 633 3263 ut
637 3205 843 3283 decerneret,
868 3218 970 3264 utrum
989 3225 1058 3262 eum
1085 3205 1210 3263 iudicio
1219 3204 1314 3267 uade-
1343 3250 1347 3256 .

120 3285 145 3335 -‘
158 3297 215 3358 ιιι,
234 3298 271 3346 an
289 3288 476 3370 quingentis
473 3289 627 3348 drachmis
646 3288 821 3361 mulctaret,
840 3303 967 3386 quantae
986 3290 1114 3348 mulctae
1134 3289 1315 3386 infligendae

74 3443 82 3459 l
160 3393 196 3431 ex
213 3371 291 3451 lege
298 3385 478 3466 potestatem
496 3373 661 3433 habebant:
683 3372 864 3431 orantibus'
855 3375 919 3433 rstis
939 3375 1079 3433 omnihus
1099 3384 1130 3433 et
1147 3373 1315 3454 supplican
1323 3392 1348 3426 ’.ι

67 3510 76 3518 .
129 3476 131 3480 ·
159 3456 273 3527 tibus,
281 3459 313 3515 ιι
328 3477 419 3534 quem
437 3477 500 3516 non
519 3459 741 3554 deprecatorem
761 3454 1011 3534 subornantibus,
1035 3471 1065 3518 et
1074 3457 1335 3557 descriptionem

120 3616 121 3620 ι
160 3552 413 3599 armamentorum
437 3541 635 3600 reddentibus
660 3540 760 3600 statim
783 3541 816 3598 iu
834 3555 956 3616 senatu,
981 3546 1067 3606 etde
1091 3542 1270 3601 verberibus
1285 3561 1314 3599 se

107 3632 120 3709 J
159 3625 303 3684 arbitrum
323 3638 474 3684 sumturus
494 3625 680 3697 dicentibus,
701 3645 795 3703 quem
814 3626 948 3686 iuberem
967 3627 1222 3701 Atheniensium,
1247 3645 1314 3684 con-

160 3709 254 3781 cessi,
289 3714 325 3768 ut
353 3709 559 3789 ''Theophemo
575 3710 611 3769 lis
634 3705 742 3790 viginti
763 3709 896 3790 quinque
922 3690 1070 3770 drachmis
1103 3711 1332 3775 aestimaretur..

77 3797 137 3853 229
161 3794 248 3868 Quae
264 3804 301 3851 ut
317 3814 387 3852 vere
405 3810 421 3853 a·
439 3794 565 3854 medici
573 3796 717 3863 constet,
741 3806 805 3852 tum
824 3816 878 3854 vos
895 3802 989 3877 rogo,
1008 3796 1061 3875 qui
1079 3808 1222 3874 praetore
1240 3795 1315 3875 Aga-

120 3877 289 3940 thocle'
281 3899 315 3936 m
330 3891 467 3938 senatum
484 3878 590 3949 itastis,
607 3888 643 3937 ut
658 3877 858 3938 assidentibus
878 3880 998 3939 dicatis:
1015 3892 1099 3952 tum,
1119 3898 1315 3958 quoscunque

34 3964 38 3971 ’
103 3997 105 4001 ⁴
162 3982 198 4022 ex
215 3957 274 4022 illis
292 3962 484 4024 senatoribus.
501 3983 558 4043 ego
575 3962 709 4041 reperire
725 3964 824 4042 potui,
841 3972 933 4024 testes
951 3964 1037 4026 vobis
1035 3965 1271 4069 producam.
1291 3986 1296 4001 ⁸

371 4159 376 4170 ,
531 4101 922 4185 ιιιιιιιοιιιι.

59 4197 67 4225 r
184 4214 339 4298 Ego
330 4213 442 4315 igitur,
450 4213 590 4286 ludices,
616 4214 691 4273 adeo
710 4235 823 4294 aequus
842 4214 873 4274 in
891 4216 965 4276 istos
982 4217 1043 4289 tui,
1067 4206 1249 4317 quamquam
1266 4218 1315 4276 de

74 4296 80 4306 ’
148 4279 279 4361 cretum
296 4298 444 4382 publicari
461 4299 626 4389 facultates
634 4298 767 4374 iubebat,
784 4321 847 4361 ιιοιι
865 4300 929 4361 eius
947 4301 1051 4374 modo,
1068 4302 1123 4381 qui
1139 4313 1315 4364 armamenta
1356 4327 1359 4331 ¹
