<?xml version="1.0" encoding="UTF-8"?>
<!DOCTYPE html PUBLIC "-//W3C//DTD XHTML 1.0 Transitional//EN"
    "http://www.w3.org/TR/xhtml1/DTD/xhtml1-transitional.dtd">
<html xmlns="http://www.w3.org/1999/xhtml" xml:lang="en" lang="en">
 <head>
  <title>
</title>
<meta http-equiv="Content-Type" content="text/html;charset=utf-8" />
  <meta name='ocr-system' content='tesseract 3.04.00' />
  <meta name='ocr-capabilities' content='ocr_page ocr_carea ocr_par ocr_line ocrx_word'/>
</head>
<body>
  <div class='ocr_page' id='page_1' title='image "./demosthenisquae04schgoog_0197.png"; bbox 0 0 2722 4754; ppageno 0'>
   <div class='ocr_carea' id='block_1_1' title="bbox 26 180 1028 309">
    <p class='ocr_par' dir='ltr' id='par_1_1' title="bbox 26 180 1028 309">
     <span class='ocr_line' id='line_1_1' title="bbox 26 180 1028 309; baseline -0.007 -27"><span class='ocrx_word' id='word_1_1' title='bbox 26 248 29 255; x_wconf 65' lang='lat'><em>‹</em></span> <span class='ocrx_word' id='word_1_2' title='bbox 132 225 237 309; x_wconf 67' lang='lat' dir='ltr'><strong>aas</strong></span> <span class='ocrx_word' id='word_1_3' title='bbox 430 180 1028 287; x_wconf 78' lang='lat' dir='ltr'><strong>nnnosrnnnmonnrio</strong></span> 
     </span>
    </p>
   </div>
   <div class='ocr_carea' id='block_1_2' title="bbox 25 323 1337 4471">
    <p class='ocr_par' dir='ltr' id='par_1_2' title="bbox 25 323 1337 4471">
     <span class='ocr_line' id='line_1_2' title="bbox 127 323 1327 472; baseline -0.001 -40"><span class='ocrx_word' id='word_1_4' title='bbox 127 373 218 453; x_wconf 63' lang='lat' dir='ltr'><strong>⁴quid</strong></span> <span class='ocrx_word' id='word_1_5' title='bbox 236 383 398 455; x_wconf 82' lang='lat' dir='ltr'><strong>propterea</strong></span> <span class='ocrx_word' id='word_1_6' title='bbox 417 349 542 450; x_wconf 77' lang='lat' dir='ltr'><strong>collegis</strong></span> <span class='ocrx_word' id='word_1_7' title='bbox 563 323 811 449; x_wconf 74' lang='lat' dir='ltr'><strong>delinquentibus</strong></span> <span class='ocrx_word' id='word_1_8' title='bbox 831 369 904 432; x_wconf 88' lang='lat' dir='ltr'><strong>dant</strong></span> <span class='ocrx_word' id='word_1_9' title='bbox 920 371 1154 472; x_wconf 74' lang='lat' dir='ltr'><strong>impunitatem?</strong></span> <span class='ocrx_word' id='word_1_10' title='bbox 1188 368 1327 431; x_wconf 84' lang='lat' dir='ltr'><strong>Minime</strong></span> 
     </span>
     <span class='ocr_line' id='line_1_3' title="bbox 56 452 1323 543; baseline -0.003 -25"><span class='ocrx_word' id='word_1_11' title='bbox 56 512 60 523; x_wconf 62' lang='lat'><em>„</em></span> <span class='ocrx_word' id='word_1_12' title='bbox 142 479 225 519; x_wconf 87' lang='lat' dir='ltr'><strong>vero</strong></span> <span class='ocrx_word' id='word_1_13' title='bbox 267 459 353 516; x_wconf 92' lang='lat' dir='ltr'><strong>Leon</strong></span> <span class='ocrx_word' id='word_1_14' title='bbox 371 452 562 537; x_wconf 81' lang='lat' dir='ltr'><strong>Timagoram</strong></span> <span class='ocrx_word' id='word_1_15' title='bbox 581 455 745 529; x_wconf 85' lang='lat' dir='ltr'><strong>accusavit,</strong></span> <span class='ocrx_word' id='word_1_16' title='bbox 772 477 840 516; x_wconf 86' lang='lat' dir='ltr'><strong>cum</strong></span> <span class='ocrx_word' id='word_1_17' title='bbox 859 453 1119 536; x_wconf 76' lang='lat' dir='ltr'><strong>quadriennium</strong></span> <span class='ocrx_word' id='word_1_18' title='bbox 1110 479 1143 516; x_wconf 90' lang='grc' dir='ltr'><strong>ιιι</strong></span> <span class='ocrx_word' id='word_1_19' title='bbox 1161 455 1323 543; x_wconf 74' lang='lat' dir='ltr'><strong>legatione</strong></span> 
     </span>
     <span class='ocr_line' id='line_1_4' title="bbox 52 534 1322 624; baseline 0 -21"><span class='ocrx_word' id='word_1_20' title='bbox 52 534 63 542; x_wconf 26' lang='lat' dir='ltr'><strong>i</strong></span> <span class='ocrx_word' id='word_1_21' title='bbox 144 564 213 604; x_wconf 88' lang='lat' dir='ltr'><strong>curn</strong></span> <span class='ocrx_word' id='word_1_22' title='bbox 239 563 276 601; x_wconf 91' lang='lat' dir='ltr'><strong>eo</strong></span> <span class='ocrx_word' id='word_1_23' title='bbox 302 541 424 600; x_wconf 83' lang='lat' dir='ltr'><strong>fuisset:</strong></span> <span class='ocrx_word' id='word_1_24' title='bbox 460 539 598 600; x_wconf 83' lang='lat' dir='ltr'><strong>Eubulus</strong></span> <span class='ocrx_word' id='word_1_25' title='bbox 616 541 798 601; x_wconf 87' lang='lat' dir='ltr'><strong>Tharrecem</strong></span> <span class='ocrx_word' id='word_1_26' title='bbox 827 554 857 601; x_wconf 90' lang='lat' dir='ltr'><strong>et</strong></span> <span class='ocrx_word' id='word_1_27' title='bbox 875 541 1083 624; x_wconf 81' lang='lat' dir='ltr'><strong>Smicytbnm,</strong></span> <span class='ocrx_word' id='word_1_28' title='bbox 1103 541 1179 601; x_wconf 87' lang='lat' dir='ltr'><strong>curn</strong></span> <span class='ocrx_word' id='word_1_29' title='bbox 1196 540 1322 622; x_wconf 87' lang='lat' dir='ltr'><strong>quibus</strong></span> 
     </span>
     <span class='ocr_line' id='line_1_5' title="bbox 82 622 1324 705; baseline -0.002 -17"><span class='ocrx_word' id='word_1_30' title='bbox 82 634 89 645; x_wconf 78' lang='grc'><em>“</em></span> <span class='ocrx_word' id='word_1_31' title='bbox 143 646 336 688; x_wconf 89' lang='lat' dir='ltr'><strong>communem</strong></span> <span class='ocrx_word' id='word_1_32' title='bbox 354 647 489 687; x_wconf 89' lang='lat' dir='ltr'><strong>mensam</strong></span> <span class='ocrx_word' id='word_1_33' title='bbox 506 625 629 686; x_wconf 86' lang='lat' dir='ltr'><strong>babuit:</strong></span> <span class='ocrx_word' id='word_1_34' title='bbox 648 622 781 685; x_wconf 89' lang='lat' dir='ltr'><strong>Conon</strong></span> <span class='ocrx_word' id='word_1_35' title='bbox 767 626 936 705; x_wconf 88' lang='lat' dir='ltr'><strong>,antiquus</strong></span> <span class='ocrx_word' id='word_1_36' title='bbox 954 626 1024 700; x_wconf 90' lang='lat' dir='ltr'><strong>ille,</strong></span> <span class='ocrx_word' id='word_1_37' title='bbox 1042 626 1274 687; x_wconf 70' lang='lat' dir='ltr'><strong>Adimantum</strong></span> <span class='ocrx_word' id='word_1_38' title='bbox 1262 648 1324 686; x_wconf 91' lang='lat' dir='ltr'><strong>nu</strong></span> 
     </span>
     <span class='ocr_line' id='line_1_6' title="bbox 63 709 1325 794; baseline 0.001 -21"><span class='ocrx_word' id='word_1_39' title='bbox 63 768 65 773; x_wconf 81' lang='grc'>,</span> <span class='ocrx_word' id='word_1_40' title='bbox 142 712 220 794; x_wconf 85' lang='lat' dir='ltr'><strong>perir</strong></span> <span class='ocrx_word' id='word_1_41' title='bbox 211 711 376 772; x_wconf 89' lang='lat' dir='ltr'><strong>militaris</strong></span> <span class='ocrx_word' id='word_1_42' title='bbox 395 712 538 772; x_wconf 89' lang='lat' dir='ltr'><strong>socium</strong></span> <span class='ocrx_word' id='word_1_43' title='bbox 564 711 632 770; x_wconf 88' lang='lat' dir='ltr'><strong>Utri</strong></span> <span class='ocrx_word' id='word_1_44' title='bbox 650 712 760 793; x_wconf 90' lang='lat' dir='ltr'><strong>igitur,</strong></span> <span class='ocrx_word' id='word_1_45' title='bbox 785 711 958 793; x_wconf 82' lang='lat' dir='ltr'><strong>Aeschine,</strong></span> <span class='ocrx_word' id='word_1_46' title='bbox 983 713 1085 773; x_wconf 89' lang='lat' dir='ltr'><strong>salem</strong></span> <span class='ocrx_word' id='word_1_47' title='bbox 1081 725 1126 772; x_wconf 88' lang='lat' dir='ltr'><strong>et</strong></span> <span class='ocrx_word' id='word_1_48' title='bbox 1151 709 1325 774; x_wconf 74' lang='lat' dir='ltr'><strong>libationes</strong></span> 
     </span>
     <span class='ocr_line' id='line_1_7' title="bbox 141 796 1321 879; baseline 0.003 -24"><span class='ocrx_word' id='word_1_49' title='bbox 141 797 360 879; x_wconf 77' lang='lat' dir='ltr'><strong>negligebant?</strong></span> <span class='ocrx_word' id='word_1_50' title='bbox 379 798 465 871; x_wconf 91' lang='lat' dir='ltr'><strong>line,</strong></span> <span class='ocrx_word' id='word_1_51' title='bbox 462 820 534 877; x_wconf 84' lang='lat' dir='ltr'><strong>qur</strong></span> <span class='ocrx_word' id='word_1_52' title='bbox 526 796 734 879; x_wconf 77' lang='lat' dir='ltr'><strong>prodebant,</strong></span> <span class='ocrx_word' id='word_1_53' title='bbox 753 809 784 856; x_wconf 87' lang='lat' dir='ltr'><strong>et</strong></span> <span class='ocrx_word' id='word_1_54' title='bbox 801 796 986 878; x_wconf 81' lang='lat' dir='ltr'><strong>legationem</strong></span> <span class='ocrx_word' id='word_1_55' title='bbox 1005 798 1271 874; x_wconf 79' lang='lat' dir='ltr'><strong>ementiebantur,</strong></span> <span class='ocrx_word' id='word_1_56' title='bbox 1290 808 1321 860; x_wconf 79' lang='lat' dir='ltr'><strong>at</strong></span> 
     </span>
     <span class='ocr_line' id='line_1_8' title="bbox 70 840 1323 984; baseline 0.002 -42"><span class='ocrx_word' id='word_1_57' title='bbox 70 958 75 963; x_wconf 29' lang='lat'><strong>¹</strong></span> <span class='ocrx_word' id='word_1_58' title='bbox 141 882 356 984; x_wconf 80' lang='lat' dir='ltr'><strong>largitionibus</strong></span> <span class='ocrx_word' id='word_1_59' title='bbox 375 840 664 963; x_wconf 63' lang='lat' dir='ltr'><strong>corrumpebantur,</strong></span> <span class='ocrx_word' id='word_1_60' title='bbox 691 903 729 939; x_wconf 92' lang='lat' dir='ltr'><strong>an</strong></span> <span class='ocrx_word' id='word_1_61' title='bbox 746 881 784 955; x_wconf 92' lang='lat' dir='ltr'><strong>ii,</strong></span> <span class='ocrx_word' id='word_1_62' title='bbox 811 904 863 961; x_wconf 83' lang='lat' dir='ltr'><strong>qur</strong></span> <span class='ocrx_word' id='word_1_63' title='bbox 854 882 1081 945; x_wconf 73' lang='lat' dir='ltr'><strong>&#39;accusabanti</strong></span> <span class='ocrx_word' id='word_1_64' title='bbox 1117 883 1323 960; x_wconf 84' lang='grc' dir='ltr'>ιιιιιιιιιιιιιι,</span> 
     </span>
     <span class='ocr_line' id='line_1_9' title="bbox 109 959 1319 1051; baseline 0.004 -24"><span class='ocrx_word' id='word_1_65' title='bbox 109 1032 114 1042; x_wconf 59' lang='grc'><em>,</em></span> <span class='ocrx_word' id='word_1_66' title='bbox 137 969 197 1049; x_wconf 92' lang='lat' dir='ltr'><strong>qui</strong></span> <span class='ocrx_word' id='word_1_67' title='bbox 214 969 310 1029; x_wconf 89' lang='lat' dir='ltr'><strong>totius</strong></span> <span class='ocrx_word' id='word_1_68' title='bbox 328 969 442 1051; x_wconf 87' lang='lat' dir='ltr'><strong>patriae</strong></span> <span class='ocrx_word' id='word_1_69' title='bbox 461 966 622 1027; x_wconf 83' lang='lat' dir='ltr'><strong>libationes</strong></span> <span class='ocrx_word' id='word_1_70' title='bbox 635 959 812 1040; x_wconf 71' lang='lat' dir='ltr'><strong>violabant,</strong></span> <span class='ocrx_word' id='word_1_71' title='bbox 838 980 873 1027; x_wconf 92' lang='lat' dir='ltr'><strong>ut</strong></span> <span class='ocrx_word' id='word_1_72' title='bbox 890 982 942 1044; x_wconf 91' lang='lat' dir='ltr'><strong>tu,</strong></span> <span class='ocrx_word' id='word_1_73' title='bbox 967 982 999 1029; x_wconf 89' lang='lat' dir='ltr'><strong>et</strong></span> <span class='ocrx_word' id='word_1_74' title='bbox 1014 990 1079 1029; x_wconf 92' lang='lat' dir='ltr'><strong>non</strong></span> <span class='ocrx_word' id='word_1_75' title='bbox 1096 969 1199 1042; x_wconf 86' lang='lat' dir='ltr'><strong>solum</strong></span> <span class='ocrx_word' id='word_1_76' title='bbox 1217 969 1319 1050; x_wconf 80' lang='lat' dir='ltr'><strong>priva-</strong></span> 
     </span>
     <span class='ocr_line' id='line_1_10' title="bbox 142 1052 1320 1137; baseline 0.002 -23"><span class='ocrx_word' id='word_1_77' title='bbox 142 1066 201 1121; x_wconf 91' lang='lat' dir='ltr'><strong>tas</strong></span> <span class='ocrx_word' id='word_1_78' title='bbox 215 1056 258 1114; x_wconf 91' lang='lat' dir='ltr'><strong>Ut</strong></span> <span class='ocrx_word' id='word_1_79' title='bbox 275 1069 376 1115; x_wconf 88' lang='lat' dir='ltr'><strong>autem</strong></span> <span class='ocrx_word' id='word_1_80' title='bbox 395 1053 506 1126; x_wconf 89' lang='lat' dir='ltr'><strong>sciatis,</strong></span> <span class='ocrx_word' id='word_1_81' title='bbox 524 1052 599 1111; x_wconf 88' lang='lat' dir='ltr'><strong>istos</strong></span> <span class='ocrx_word' id='word_1_82' title='bbox 618 1072 682 1111; x_wconf 91' lang='lat' dir='ltr'><strong>non</strong></span> <span class='ocrx_word' id='word_1_83' title='bbox 703 1072 808 1111; x_wconf 87' lang='lat' dir='ltr'><strong>eorum</strong></span> <span class='ocrx_word' id='word_1_84' title='bbox 827 1055 939 1130; x_wconf 82' lang='lat' dir='ltr'><strong>modo,</strong></span> <span class='ocrx_word' id='word_1_85' title='bbox 958 1077 1010 1135; x_wconf 83' lang='lat' dir='ltr'><strong>qur</strong></span> <span class='ocrx_word' id='word_1_86' title='bbox 1002 1055 1151 1137; x_wconf 90' lang='lat' dir='ltr'><strong>publice</strong></span> <span class='ocrx_word' id='word_1_87' title='bbox 1168 1062 1320 1136; x_wconf 82' lang='lat' dir='ltr'><strong>utiquam,</strong></span> 
     </span>
     <span class='ocr_line' id='line_1_11' title="bbox 142 1137 1318 1241; baseline 0.003 -41"><span class='ocrx_word' id='word_1_88' title='bbox 142 1141 198 1200; x_wconf 88' lang='lat' dir='ltr'><strong>sed</strong></span> <span class='ocrx_word' id='word_1_89' title='bbox 216 1161 323 1200; x_wconf 86' lang='lat' dir='ltr'><strong>eorum</strong></span> <span class='ocrx_word' id='word_1_90' title='bbox 343 1138 450 1237; x_wconf 78' lang='lat' dir='ltr'><strong>etiam,</strong></span> <span class='ocrx_word' id='word_1_91' title='bbox 469 1138 522 1217; x_wconf 91' lang='lat' dir='ltr'><strong>qui</strong></span> <span class='ocrx_word' id='word_1_92' title='bbox 539 1137 678 1237; x_wconf 74' lang='lat' dir='ltr'><strong>privatim</strong></span> <span class='ocrx_word' id='word_1_93' title='bbox 696 1137 733 1199; x_wconf 89' lang='lat' dir='ltr'><strong>ad</strong></span> <span class='ocrx_word' id='word_1_94' title='bbox 752 1137 926 1219; x_wconf 88' lang='lat' dir='ltr'><strong>Philippum</strong></span> <span class='ocrx_word' id='word_1_95' title='bbox 943 1155 1114 1240; x_wconf 72' lang='lat' dir='ltr'><strong>venerunt,</strong></span> <span class='ocrx_word' id='word_1_96' title='bbox 1121 1152 1221 1241; x_wconf 42' lang='lat' dir='ltr'><strong>&#39;atque</strong></span> <span class='ocrx_word' id='word_1_97' title='bbox 1239 1143 1318 1203; x_wconf 85' lang='lat' dir='ltr'><strong>adeo</strong></span> 
     </span>
     <span class='ocr_line' id='line_1_12' title="bbox 143 1222 1327 1308; baseline 0.003 -24"><span class='ocrx_word' id='word_1_98' title='bbox 143 1225 316 1286; x_wconf 88' lang='lat' dir='ltr'><strong>mortalium</strong></span> <span class='ocrx_word' id='word_1_99' title='bbox 335 1223 473 1283; x_wconf 88' lang='lat' dir='ltr'><strong>omnium</strong></span> <span class='ocrx_word' id='word_1_100' title='bbox 497 1222 701 1302; x_wconf 88' lang='lat' dir='ltr'><strong>nequissimos</strong></span> <span class='ocrx_word' id='word_1_101' title='bbox 721 1237 751 1283; x_wconf 90' lang='lat' dir='ltr'><strong>et</strong></span> <span class='ocrx_word' id='word_1_102' title='bbox 768 1224 1009 1304; x_wconf 89' lang='lat' dir='ltr'><strong>improbissimos</strong></span> <span class='ocrx_word' id='word_1_103' title='bbox 1029 1225 1194 1287; x_wconf 80' lang='lat' dir='ltr'><strong>exstitisset</strong></span> <span class='ocrx_word' id='word_1_104' title='bbox 1221 1226 1327 1308; x_wconf 78' lang='lat' dir='ltr'><strong>paucis</strong></span> 
     </span>
     <span class='ocr_line' id='line_1_13' title="bbox 144 1308 1337 1405; baseline -0.001 -33"><span class='ocrx_word' id='word_1_105' title='bbox 144 1332 181 1372; x_wconf 81' lang='lat' dir='ltr'><strong>ex</strong></span> <span class='ocrx_word' id='word_1_106' title='bbox 198 1333 247 1371; x_wconf 88' lang='lat' dir='ltr'><strong>mc</strong></span> <span class='ocrx_word' id='word_1_107' title='bbox 273 1310 393 1383; x_wconf 87' lang='lat' dir='ltr'><strong>audite,</strong></span> <span class='ocrx_word' id='word_1_108' title='bbox 430 1321 506 1388; x_wconf 82' lang='lat' dir='ltr'><strong>quae</strong></span> <span class='ocrx_word' id='word_1_109' title='bbox 525 1309 562 1367; x_wconf 90' lang='lat' dir='ltr'><strong>ad</strong></span> <span class='ocrx_word' id='word_1_110' title='bbox 581 1308 658 1367; x_wconf 91' lang='lat' dir='ltr'><strong>hanc</strong></span> <span class='ocrx_word' id='word_1_111' title='bbox 682 1309 867 1391; x_wconf 83' lang='lat' dir='ltr'><strong>legationem</strong></span> <span class='ocrx_word' id='word_1_112' title='bbox 891 1310 968 1370; x_wconf 91' lang='lat' dir='ltr'><strong>nihil</strong></span> <span class='ocrx_word' id='word_1_113' title='bbox 994 1311 1130 1372; x_wconf 84' lang='lat' dir='ltr'><strong>attinent</strong></span> <span class='ocrx_word' id='word_1_114' title='bbox 1176 1311 1337 1405; x_wconf 78' lang='lat' dir='ltr'><strong>Olyntho.</strong></span> 
     </span>
     <span class='ocr_line' id='line_1_14' title="bbox 57 1378 1326 1478; baseline 0 -21"><span class='ocrx_word' id='word_1_115' title='bbox 57 1378 119 1438; x_wconf 78' lang='lat'><strong>²55</strong></span> <span class='ocrx_word' id='word_1_116' title='bbox 144 1409 230 1478; x_wconf 88' lang='lat' dir='ltr'><strong>capta</strong></span> <span class='ocrx_word' id='word_1_117' title='bbox 248 1393 406 1474; x_wconf 89' lang='lat' dir='ltr'><strong>Philippus</strong></span> <span class='ocrx_word' id='word_1_118' title='bbox 426 1393 568 1478; x_wconf 64' lang='lat' dir='ltr'><strong>Olympia</strong></span> <span class='ocrx_word' id='word_1_119' title='bbox 587 1392 773 1454; x_wconf 89' lang='lat' dir='ltr'><strong>celebrabat:</strong></span> <span class='ocrx_word' id='word_1_120' title='bbox 791 1397 828 1455; x_wconf 89' lang='lat' dir='ltr'><strong>ad</strong></span> <span class='ocrx_word' id='word_1_121' title='bbox 846 1396 878 1455; x_wconf 92' lang='lat' dir='ltr'><strong>id</strong></span> <span class='ocrx_word' id='word_1_122' title='bbox 896 1411 997 1457; x_wconf 91' lang='lat' dir='ltr'><strong>autern</strong></span> <span class='ocrx_word' id='word_1_123' title='bbox 1015 1397 1198 1458; x_wconf 80' lang='lat' dir='ltr'><strong>sacrificium</strong></span> <span class='ocrx_word' id='word_1_124' title='bbox 1217 1410 1250 1458; x_wconf 89' lang='lat' dir='ltr'><strong>et</strong></span> <span class='ocrx_word' id='word_1_125' title='bbox 1264 1418 1326 1457; x_wconf 84' lang='lat' dir='ltr'><strong>.-ee</strong></span> 
     </span>
     <span class='ocr_line' id='line_1_15' title="bbox 141 1480 1335 1579; baseline 0 -36"><span class='ocrx_word' id='word_1_126' title='bbox 141 1483 312 1543; x_wconf 86' lang='lat' dir='ltr'><strong>lebritatem</strong></span> <span class='ocrx_word' id='word_1_127' title='bbox 332 1499 437 1539; x_wconf 88' lang='lat' dir='ltr'><strong>omnes</strong></span> <span class='ocrx_word' id='word_1_128' title='bbox 456 1480 585 1540; x_wconf 88' lang='lat' dir='ltr'><strong>artifices</strong></span> <span class='ocrx_word' id='word_1_129' title='bbox 604 1493 809 1579; x_wconf 85' lang='lat' dir='ltr'><strong>congregarat</strong></span> <span class='ocrx_word' id='word_1_130' title='bbox 842 1482 954 1556; x_wconf 86' lang='lat' dir='ltr'><strong>Quos</strong></span> <span class='ocrx_word' id='word_1_131' title='bbox 950 1484 1018 1542; x_wconf 90' lang='lat' dir='ltr'><strong>curn</strong></span> <span class='ocrx_word' id='word_1_132' title='bbox 1038 1482 1191 1564; x_wconf 84' lang='lat' dir='ltr'><strong>exciperet</strong></span> <span class='ocrx_word' id='word_1_133' title='bbox 1207 1482 1335 1565; x_wconf 79' lang='lat' dir='ltr'><strong>epulis,-</strong></span> 
     </span>
     <span class='ocr_line' id='line_1_16' title="bbox 95 1563 1333 1650; baseline 0 -21"><span class='ocrx_word' id='word_1_134' title='bbox 95 1624 97 1634; x_wconf 84' lang='lat'><strong><em>‚</em></strong></span> <span class='ocrx_word' id='word_1_135' title='bbox 143 1581 174 1628; x_wconf 92' lang='lat' dir='ltr'><strong>et</strong></span> <span class='ocrx_word' id='word_1_136' title='bbox 186 1568 316 1628; x_wconf 79' lang='lat' dir='ltr'><strong>victores</strong></span> <span class='ocrx_word' id='word_1_137' title='bbox 335 1586 457 1625; x_wconf 78' lang='lat' dir='ltr'><strong>coronis</strong></span> <span class='ocrx_word' id='word_1_138' title='bbox 472 1579 612 1626; x_wconf 88' lang='lat' dir='ltr'><strong>ornaret</strong></span> <span class='ocrx_word' id='word_1_139' title='bbox 631 1563 839 1649; x_wconf 75' lang='lat' dir='ltr'><strong>interrogabat</strong></span> <span class='ocrx_word' id='word_1_140' title='bbox 851 1567 1003 1650; x_wconf 83' lang='lat' dir='ltr'><strong>Satyrum,</strong></span> <span class='ocrx_word' id='word_1_141' title='bbox 1021 1569 1171 1629; x_wconf 86' lang='lat' dir='ltr'><strong>comicum</strong></span> <span class='ocrx_word' id='word_1_142' title='bbox 1191 1568 1333 1629; x_wconf 77' lang='lat' dir='ltr'><strong>histrio-</strong></span> 
     </span>
     <span class='ocr_line' id='line_1_17' title="bbox 142 1651 1330 1734; baseline 0 -20"><span class='ocrx_word' id='word_1_143' title='bbox 142 1672 231 1726; x_wconf 87' lang='lat' dir='ltr'><strong>nem,</strong></span> <span class='ocrx_word' id='word_1_144' title='bbox 257 1674 311 1711; x_wconf 90' lang='lat' dir='ltr'><strong>cur</strong></span> <span class='ocrx_word' id='word_1_145' title='bbox 328 1653 451 1712; x_wconf 89' lang='lat' dir='ltr'><strong>tandem</strong></span> <span class='ocrx_word' id='word_1_146' title='bbox 470 1653 552 1712; x_wconf 92' lang='lat' dir='ltr'><strong>solus</strong></span> <span class='ocrx_word' id='word_1_147' title='bbox 570 1651 647 1710; x_wconf 89' lang='lat' dir='ltr'><strong>nihil</strong></span> <span class='ocrx_word' id='word_1_148' title='bbox 666 1653 851 1732; x_wconf 86' lang='lat' dir='ltr'><strong>postularet,</strong></span> <span class='ocrx_word' id='word_1_149' title='bbox 880 1675 953 1712; x_wconf 90' lang='lat' dir='ltr'><strong>num</strong></span> <span class='ocrx_word' id='word_1_150' title='bbox 971 1654 1004 1713; x_wconf 90' lang='lat' dir='ltr'><strong>in</strong></span> <span class='ocrx_word' id='word_1_151' title='bbox 1022 1676 1054 1714; x_wconf 92' lang='lat' dir='ltr'><strong>se</strong></span> <span class='ocrx_word' id='word_1_152' title='bbox 1073 1654 1205 1734; x_wconf 90' lang='lat' dir='ltr'><strong>aliquas</strong></span> <span class='ocrx_word' id='word_1_153' title='bbox 1202 1654 1330 1714; x_wconf 63' lang='lat' dir='ltr'><strong>sordes</strong></span> 
     </span>
     <span class='ocr_line' id='line_1_18' title="bbox 134 1732 1325 1838; baseline 0.002 -40"><span class='ocrx_word' id='word_1_154' title='bbox 134 1751 196 1807; x_wconf 85' lang='lat' dir='ltr'><strong>¹aut</strong></span> <span class='ocrx_word' id='word_1_155' title='bbox 212 1737 343 1838; x_wconf 83' lang='lat' dir='ltr'><strong>aliquam</strong></span> <span class='ocrx_word' id='word_1_156' title='bbox 361 1738 454 1796; x_wconf 88' lang='lat' dir='ltr'><strong>animi</strong></span> <span class='ocrx_word' id='word_1_157' title='bbox 473 1732 550 1820; x_wconf 77' lang='lat' dir='ltr'><strong>er‘ga</strong></span> <span class='ocrx_word' id='word_1_158' title='bbox 568 1737 666 1817; x_wconf 89' lang='lat' dir='ltr'><strong>ipsum</strong></span> <span class='ocrx_word' id='word_1_159' title='bbox 693 1737 897 1796; x_wconf 83' lang='lat' dir='ltr'><strong>offensionem</strong></span> <span class='ocrx_word' id='word_1_160' title='bbox 921 1740 1130 1820; x_wconf 74' lang='lat' dir='ltr'><strong>perspexisset</strong></span> <span class='ocrx_word' id='word_1_161' title='bbox 1173 1740 1325 1822; x_wconf 81' lang='lat' dir='ltr'><strong>Respon-</strong></span> 
     </span>
     <span class='ocr_line' id='line_1_19' title="bbox 85 1808 1322 1907; baseline 0.002 -23"><span class='ocrx_word' id='word_1_162' title='bbox 85 1883 90 1898; x_wconf 66' lang='grc'><em>,</em></span> <span class='ocrx_word' id='word_1_163' title='bbox 142 1825 223 1884; x_wconf 87' lang='lat' dir='ltr'><strong>disse</strong></span> <span class='ocrx_word' id='word_1_164' title='bbox 248 1822 335 1884; x_wconf 78' lang='lat' dir='ltr'><strong>aiunt</strong></span> <span class='ocrx_word' id='word_1_165' title='bbox 352 1822 512 1907; x_wconf 75' lang='lat' dir='ltr'><strong>Satyrum,</strong></span> <span class='ocrx_word' id='word_1_166' title='bbox 530 1836 606 1903; x_wconf 88' lang='lat' dir='ltr'><strong>q&#39;uae</strong></span> <span class='ocrx_word' id='word_1_167' title='bbox 625 1822 676 1881; x_wconf 89' lang='lat' dir='ltr'><strong>alii</strong></span> <span class='ocrx_word' id='word_1_168' title='bbox 701 1808 910 1903; x_wconf 81' lang='lat' dir='ltr'><strong>requirerent,</strong></span> <span class='ocrx_word' id='word_1_169' title='bbox 939 1845 1045 1884; x_wconf 88' lang='lat' dir='ltr'><strong>eorum</strong></span> <span class='ocrx_word' id='word_1_170' title='bbox 1069 1824 1127 1884; x_wconf 87' lang='lat' dir='ltr'><strong>sibi</strong></span> <span class='ocrx_word' id='word_1_171' title='bbox 1153 1825 1239 1884; x_wconf 91' lang='lat' dir='ltr'><strong>nibil</strong></span> <span class='ocrx_word' id='word_1_172' title='bbox 1253 1836 1322 1887; x_wconf 80' lang='lat' dir='ltr'><strong>es&#39;se</strong></span> 
     </span>
     <span class='ocr_line' id='line_1_20' title="bbox 78 1908 1319 2000; baseline 0.002 -30"><span class='ocrx_word' id='word_1_173' title='bbox 78 1974 80 1979; x_wconf 66' lang='grc'><strong>,</strong></span> <span class='ocrx_word' id='word_1_174' title='bbox 144 1931 233 2000; x_wconf 86' lang='lat' dir='ltr'><strong>opus:</strong></span> <span class='ocrx_word' id='word_1_175' title='bbox 255 1929 424 1990; x_wconf 72' lang='lat' dir='ltr'><strong>quaerero</strong></span> <span class='ocrx_word' id='word_1_176' title='bbox 443 1908 508 1988; x_wconf 88' lang='lat' dir='ltr'><strong>ipsc</strong></span> <span class='ocrx_word' id='word_1_177' title='bbox 527 1908 665 1968; x_wconf 90' lang='lat' dir='ltr'><strong>libenter</strong></span> <span class='ocrx_word' id='word_1_178' title='bbox 676 1908 859 1987; x_wconf 85' lang='lat' dir='ltr'><strong>postularet,</strong></span> <span class='ocrx_word' id='word_1_179' title='bbox 886 1930 919 1967; x_wconf 92' lang='lat' dir='ltr'><strong>ea</strong></span> <span class='ocrx_word' id='word_1_180' title='bbox 937 1909 1084 1992; x_wconf 86' lang='lat' dir='ltr'><strong>Philippo</strong></span> <span class='ocrx_word' id='word_1_181' title='bbox 1099 1909 1238 1990; x_wconf 85' lang='lat' dir='ltr'><strong>quidem</strong></span> <span class='ocrx_word' id='word_1_182' title='bbox 1246 1911 1319 1972; x_wconf 88' lang='lat' dir='ltr'><strong>datu</strong></span> 
     </span>
     <span class='ocr_line' id='line_1_21' title="bbox 42 1993 1315 2076; baseline -0.001 -20"><span class='ocrx_word' id='word_1_183' title='bbox 42 2019 46 2031; x_wconf 61' lang='lat'><em>¹</em></span> <span class='ocrx_word' id='word_1_184' title='bbox 143 2017 210 2057; x_wconf 88' lang='lat' dir='ltr'><strong>esse</strong></span> <span class='ocrx_word' id='word_1_185' title='bbox 229 1994 366 2054; x_wconf 90' lang='lat' dir='ltr'><strong>omnium</strong></span> <span class='ocrx_word' id='word_1_186' title='bbox 391 1993 532 2054; x_wconf 85' lang='lat' dir='ltr'><strong>facillima</strong></span> <span class='ocrx_word' id='word_1_187' title='bbox 552 2007 583 2054; x_wconf 90' lang='lat' dir='ltr'><strong>et</strong></span> <span class='ocrx_word' id='word_1_188' title='bbox 607 1995 739 2067; x_wconf 88' lang='lat' dir='ltr'><strong>donatu,</strong></span> <span class='ocrx_word' id='word_1_189' title='bbox 768 1995 822 2053; x_wconf 88' lang='lat' dir='ltr'><strong>sed</strong></span> <span class='ocrx_word' id='word_1_190' title='bbox 840 1995 938 2054; x_wconf 85' lang='lat' dir='ltr'><strong>vereri</strong></span> <span class='ocrx_word' id='word_1_191' title='bbox 956 2017 1005 2068; x_wconf 90' lang='lat' dir='ltr'><strong>se,</strong></span> <span class='ocrx_word' id='word_1_192' title='bbox 1023 2017 1085 2056; x_wconf 90' lang='lat' dir='ltr'><strong>ne</strong></span> <span class='ocrx_word' id='word_1_193' title='bbox 1095 1994 1315 2076; x_wconf 80' lang='lat' dir='ltr'><strong>repudiaretur.</strong></span> 
     </span>
     <span class='ocr_line' id='line_1_22' title="bbox 143 2075 1316 2161; baseline 0.002 -21"><span class='ocrx_word' id='word_1_194' title='bbox 143 2075 221 2140; x_wconf 82' lang='lat' dir='ltr'><strong>Curn</strong></span> <span class='ocrx_word' id='word_1_195' title='bbox 239 2093 340 2139; x_wconf 86' lang='lat' dir='ltr'><strong>autem</strong></span> <span class='ocrx_word' id='word_1_196' title='bbox 359 2078 409 2147; x_wconf 82' lang='lat' dir='ltr'><strong>ille</strong></span> <span class='ocrx_word' id='word_1_197' title='bbox 428 2079 529 2143; x_wconf 84' lang='lat' dir='ltr'><strong>dicere</strong></span> <span class='ocrx_word' id='word_1_198' title='bbox 554 2078 692 2139; x_wconf 84' lang='lat' dir='ltr'><strong>iussisset</strong></span> <span class='ocrx_word' id='word_1_199' title='bbox 710 2092 740 2138; x_wconf 92' lang='lat' dir='ltr'><strong>et</strong></span> <span class='ocrx_word' id='word_1_200' title='bbox 757 2078 920 2139; x_wconf 90' lang='lat' dir='ltr'><strong>iuvenilius</strong></span> <span class='ocrx_word' id='word_1_201' title='bbox 939 2081 1054 2161; x_wconf 92' lang='lat' dir='ltr'><strong>aliquid</strong></span> <span class='ocrx_word' id='word_1_202' title='bbox 1072 2081 1273 2154; x_wconf 86' lang='lat' dir='ltr'><strong>addidisset,</strong></span> <span class='ocrx_word' id='word_1_203' title='bbox 1274 2103 1316 2143; x_wconf 89' lang='lat' dir='ltr'><strong>se</strong></span> 
     </span>
     <span class='ocr_line' id='line_1_23' title="bbox 121 2164 1315 2248; baseline 0.001 -22"><span class='ocrx_word' id='word_1_204' title='bbox 121 2225 124 2231; x_wconf 24' lang='lat'><em>⁴</em></span> <span class='ocrx_word' id='word_1_205' title='bbox 143 2165 220 2227; x_wconf 94' lang='lat' dir='ltr'><strong>nihil</strong></span> <span class='ocrx_word' id='word_1_206' title='bbox 239 2187 303 2224; x_wconf 89' lang='lat' dir='ltr'><strong>non</strong></span> <span class='ocrx_word' id='word_1_207' title='bbox 323 2179 387 2224; x_wconf 86' lang='lat' dir='ltr'><strong>esse</strong></span> <span class='ocrx_word' id='word_1_208' title='bbox 406 2165 572 2237; x_wconf 84' lang='lat' dir='ltr'><strong>facturum,</strong></span> <span class='ocrx_word' id='word_1_209' title='bbox 597 2164 790 2244; x_wconf 81' lang='lat' dir='ltr'><strong>respondisse</strong></span> <span class='ocrx_word' id='word_1_210' title='bbox 808 2164 895 2225; x_wconf 89' lang='lat' dir='ltr'><strong>illum</strong></span> <span class='ocrx_word' id='word_1_211' title='bbox 913 2165 1039 2225; x_wconf 85' lang='lat' dir='ltr'><strong>ferunt:</strong></span> <span class='ocrx_word' id='word_1_212' title='bbox 1057 2167 1315 2248; x_wconf 71' lang='lat' dir='ltr'><strong>Apollophanem,</strong></span> 
     </span>
     <span class='ocr_line' id='line_1_24' title="bbox 71 2249 1322 2350; baseline -0.002 -38"><span class='ocrx_word' id='word_1_213' title='bbox 71 2296 74 2301; x_wconf 86' lang='lat'><em>-</em></span> <span class='ocrx_word' id='word_1_214' title='bbox 110 2256 114 2277; x_wconf 77' lang='lat'>³</span> <span class='ocrx_word' id='word_1_215' title='bbox 143 2253 331 2350; x_wconf 78' lang='lat' dir='ltr'><strong>Pydnaeum,</strong></span> <span class='ocrx_word' id='word_1_216' title='bbox 349 2250 408 2309; x_wconf 89' lang='lat' dir='ltr'><strong>sibi</strong></span> <span class='ocrx_word' id='word_1_217' title='bbox 426 2251 518 2310; x_wconf 90' lang='lat' dir='ltr'><strong>suisse</strong></span> <span class='ocrx_word' id='word_1_218' title='bbox 538 2249 689 2330; x_wconf 78' lang='lat' dir='ltr'><strong>hospitem</strong></span> <span class='ocrx_word' id='word_1_219' title='bbox 703 2249 892 2309; x_wconf 83' lang='lat' dir='ltr'><strong>etamrcum</strong></span> <span class='ocrx_word' id='word_1_220' title='bbox 910 2273 972 2331; x_wconf 91' lang='lat' dir='ltr'><strong>quo</strong></span> <span class='ocrx_word' id='word_1_221' title='bbox 988 2272 1043 2332; x_wconf 89' lang='lat' dir='ltr'><strong>per</strong></span> <span class='ocrx_word' id='word_1_222' title='bbox 1059 2252 1184 2312; x_wconf 78' lang='lat' dir='ltr'><strong>insidias</strong></span> <span class='ocrx_word' id='word_1_223' title='bbox 1205 2252 1322 2328; x_wconf 38' lang='lat' dir='ltr'><strong>occisa*</strong></span> 
     </span>
     <span class='ocr_line' id='line_1_25' title="bbox 62 2333 1314 2427; baseline -0.002 -29"><span class='ocrx_word' id='word_1_224' title='bbox 62 2364 64 2369; x_wconf 59' lang='lat'><strong><em>¹</em></strong></span> <span class='ocrx_word' id='word_1_225' title='bbox 143 2336 316 2420; x_wconf 86' lang='lat' dir='ltr'><strong>acognatis</strong></span> <span class='ocrx_word' id='word_1_226' title='bbox 343 2336 407 2394; x_wconf 90' lang='lat' dir='ltr'><strong>eius</strong></span> <span class='ocrx_word' id='word_1_227' title='bbox 441 2349 525 2394; x_wconf 88' lang='lat' dir='ltr'><strong>metu</strong></span> <span class='ocrx_word' id='word_1_228' title='bbox 552 2333 722 2414; x_wconf 87' lang='lat' dir='ltr'><strong>perterritis</strong></span> <span class='ocrx_word' id='word_1_229' title='bbox 753 2335 909 2395; x_wconf 87' lang='lat' dir='ltr'><strong>filiolas</strong></span> <span class='ocrx_word' id='word_1_230' title='bbox 882 2357 946 2396; x_wconf 79' lang='lat' dir='ltr'><strong>erus</strong></span> <span class='ocrx_word' id='word_1_231' title='bbox 964 2337 1113 2418; x_wconf 89' lang='lat' dir='ltr'><strong>puellulas</strong></span> <span class='ocrx_word' id='word_1_232' title='bbox 1133 2337 1314 2427; x_wconf 79' lang='lat' dir='ltr'><strong>Olynthum,</strong></span> 
     </span>
     <span class='ocr_line' id='line_1_26' title="bbox 95 2420 1314 2507; baseline 0.002 -26"><span class='ocrx_word' id='word_1_233' title='bbox 95 2434 98 2438; x_wconf 77' lang='grc'><em>’</em></span> <span class='ocrx_word' id='word_1_234' title='bbox 144 2444 206 2502; x_wconf 92' lang='lat' dir='ltr'><strong>quo</strong></span> <span class='ocrx_word' id='word_1_235' title='bbox 225 2422 354 2483; x_wconf 86' lang='lat' dir='ltr'><strong>tutiores</strong></span> <span class='ocrx_word' id='word_1_236' title='bbox 373 2435 483 2494; x_wconf 85' lang='lat' dir='ltr'><strong>essent,</strong></span> <span class='ocrx_word' id='word_1_237' title='bbox 502 2441 567 2479; x_wconf 87' lang='lat' dir='ltr'><strong>esse</strong></span> <span class='ocrx_word' id='word_1_238' title='bbox 585 2420 698 2479; x_wconf 90' lang='lat' dir='ltr'><strong>missas</strong></span> <span class='ocrx_word' id='word_1_239' title='bbox 723 2421 785 2479; x_wconf 86' lang='lat' dir='ltr'><strong>Eae</strong></span> <span class='ocrx_word' id='word_1_240' title='bbox 803 2444 895 2495; x_wconf 91' lang='lat' dir='ltr'><strong>nunc,</strong></span> <span class='ocrx_word' id='word_1_241' title='bbox 913 2423 1022 2502; x_wconf 90' lang='lat' dir='ltr'><strong>inquit,</strong></span> <span class='ocrx_word' id='word_1_242' title='bbox 1042 2436 1213 2507; x_wconf 85' lang='lat' dir='ltr'><strong>expugnata</strong></span> <span class='ocrx_word' id='word_1_243' title='bbox 1229 2422 1314 2499; x_wconf 82' lang='lat' dir='ltr'><strong>urbe,</strong></span> 
     </span>
     <span class='ocr_line' id='line_1_27' title="bbox 144 2504 1315 2590; baseline 0.002 -21"><span class='ocrx_word' id='word_1_244' title='bbox 144 2519 247 2589; x_wconf 88' lang='lat' dir='ltr'><strong>captae</strong></span> <span class='ocrx_word' id='word_1_245' title='bbox 265 2527 358 2587; x_wconf 87' lang='lat' dir='ltr'><strong>penes</strong></span> <span class='ocrx_word' id='word_1_246' title='bbox 377 2504 407 2564; x_wconf 87' lang='lat' dir='ltr'><strong>te</strong></span> <span class='ocrx_word' id='word_1_247' title='bbox 426 2519 506 2579; x_wconf 85' lang='lat' dir='ltr'><strong>sunt,</strong></span> <span class='ocrx_word' id='word_1_248' title='bbox 525 2518 630 2566; x_wconf 86' lang='lat' dir='ltr'><strong>aetate</strong></span> <span class='ocrx_word' id='word_1_249' title='bbox 641 2505 699 2564; x_wconf 90' lang='lat' dir='ltr'><strong>iam</strong></span> <span class='ocrx_word' id='word_1_250' title='bbox 718 2506 824 2566; x_wconf 89' lang='lat' dir='ltr'><strong>nubili</strong></span> <span class='ocrx_word' id='word_1_251' title='bbox 842 2506 924 2567; x_wconf 84' lang='lat' dir='ltr'><strong>Eas</strong></span> <span class='ocrx_word' id='word_1_252' title='bbox 917 2521 978 2567; x_wconf 92' lang='lat' dir='ltr'><strong>ate</strong></span> <span class='ocrx_word' id='word_1_253' title='bbox 992 2520 1074 2590; x_wconf 87' lang='lat' dir='ltr'><strong>peto,</strong></span> <span class='ocrx_word' id='word_1_254' title='bbox 1094 2522 1125 2569; x_wconf 90' lang='lat' dir='ltr'><strong>et</strong></span> <span class='ocrx_word' id='word_1_255' title='bbox 1139 2529 1266 2589; x_wconf 84' lang='lat' dir='ltr'><strong>quaeso,</strong></span> <span class='ocrx_word' id='word_1_256' title='bbox 1282 2521 1315 2571; x_wconf 87' lang='lat' dir='ltr'><strong>ut</strong></span> 
     </span>
     <span class='ocr_line' id='line_1_28' title="bbox 95 2591 1316 2676; baseline 0.002 -23"><span class='ocrx_word' id='word_1_257' title='bbox 95 2665 106 2676; x_wconf 68' lang='lat'>‚</span> <span class='ocrx_word' id='word_1_258' title='bbox 142 2592 219 2654; x_wconf 90' lang='lat' dir='ltr'><strong>mihi</strong></span> <span class='ocrx_word' id='word_1_259' title='bbox 237 2593 298 2651; x_wconf 90' lang='lat' dir='ltr'><strong>des</strong></span> <span class='ocrx_word' id='word_1_260' title='bbox 325 2593 407 2666; x_wconf 83' lang='lat' dir='ltr'><strong>Quas</strong></span> <span class='ocrx_word' id='word_1_261' title='bbox 426 2591 452 2650; x_wconf 90' lang='lat' dir='ltr'><strong>sl</strong></span> <span class='ocrx_word' id='word_1_262' title='bbox 470 2591 545 2651; x_wconf 91' lang='lat' dir='ltr'><strong>mihi</strong></span> <span class='ocrx_word' id='word_1_263' title='bbox 564 2591 694 2664; x_wconf 87' lang='lat' dir='ltr'><strong>dederis,</strong></span> <span class='ocrx_word' id='word_1_264' title='bbox 713 2592 800 2670; x_wconf 92' lang='lat' dir='ltr'><strong>quale</strong></span> <span class='ocrx_word' id='word_1_265' title='bbox 819 2615 929 2653; x_wconf 89' lang='lat' dir='ltr'><strong>munus</strong></span> <span class='ocrx_word' id='word_1_266' title='bbox 949 2594 1116 2659; x_wconf 85' lang='lat' dir='ltr'><strong>daturus</strong></span> <span class='ocrx_word' id='word_1_267' title='bbox 1091 2615 1143 2667; x_wconf 79' lang='lat' dir='ltr'><strong>sss,</strong></span> <span class='ocrx_word' id='word_1_268' title='bbox 1160 2594 1268 2654; x_wconf 91' lang='lat' dir='ltr'><strong>audire</strong></span> <span class='ocrx_word' id='word_1_269' title='bbox 1285 2607 1316 2656; x_wconf 88' lang='lat' dir='ltr'><strong>et</strong></span> 
     </span>
     <span class='ocr_line' id='line_1_29' title="bbox 144 2677 1315 2777; baseline 0.002 -40"><span class='ocrx_word' id='word_1_270' title='bbox 144 2697 328 2762; x_wconf 76' lang='lat' dir='ltr'><strong>cognoscere</strong></span> <span class='ocrx_word' id='word_1_271' title='bbox 347 2690 377 2735; x_wconf 89' lang='lat' dir='ltr'><strong>te</strong></span> <span class='ocrx_word' id='word_1_272' title='bbox 396 2677 501 2736; x_wconf 84' lang='lat' dir='ltr'><strong>velim:</strong></span> <span class='ocrx_word' id='word_1_273' title='bbox 502 2698 589 2777; x_wconf 84' lang='lat' dir='ltr'><strong>quo</strong></span> <span class='ocrx_word' id='word_1_274' title='bbox 610 2698 681 2760; x_wconf 90' lang='lat' dir='ltr'><strong>ego</strong></span> <span class='ocrx_word' id='word_1_275' title='bbox 686 2678 762 2737; x_wconf 87' lang='lat' dir='ltr'><strong>lucri</strong></span> <span class='ocrx_word' id='word_1_276' title='bbox 780 2678 856 2737; x_wconf 92' lang='lat' dir='ltr'><strong>nihil</strong></span> <span class='ocrx_word' id='word_1_277' title='bbox 875 2679 998 2752; x_wconf 85' lang='lat' dir='ltr'><strong>faciam,</strong></span> <span class='ocrx_word' id='word_1_278' title='bbox 1017 2680 1069 2738; x_wconf 92' lang='lat' dir='ltr'><strong>sed</strong></span> <span class='ocrx_word' id='word_1_279' title='bbox 1089 2701 1138 2739; x_wconf 91' lang='lat' dir='ltr'><strong>eas</strong></span> <span class='ocrx_word' id='word_1_280' title='bbox 1157 2681 1230 2739; x_wconf 92' lang='lat' dir='ltr'><strong>dote</strong></span> <span class='ocrx_word' id='word_1_281' title='bbox 1249 2679 1315 2745; x_wconf 84' lang='lat' dir='ltr'><strong>data</strong></span> 
     </span>
     <span class='ocr_line' id='line_1_30' title="bbox 112 2750 1317 2847; baseline 0.003 -25"><span class='ocrx_word' id='word_1_282' title='bbox 112 2813 117 2822; x_wconf 36' lang='lat' dir='ltr'><strong><em>s</em></strong></span> <span class='ocrx_word' id='word_1_283' title='bbox 144 2763 288 2836; x_wconf 82' lang='lat' dir='ltr'><strong>elocabo,</strong></span> <span class='ocrx_word' id='word_1_284' title='bbox 307 2782 408 2841; x_wconf 91' lang='lat' dir='ltr'><strong>neque</strong></span> <span class='ocrx_word' id='word_1_285' title='bbox 428 2750 623 2835; x_wconf 86' lang='lat' dir='ltr'><strong>committam,</strong></span> <span class='ocrx_word' id='word_1_286' title='bbox 635 2775 676 2821; x_wconf 90' lang='lat' dir='ltr'><strong>ut</strong></span> <span class='ocrx_word' id='word_1_287' title='bbox 694 2761 807 2842; x_wconf 89' lang='lat' dir='ltr'><strong>aliquid</strong></span> <span class='ocrx_word' id='word_1_288' title='bbox 827 2764 1000 2847; x_wconf 87' lang='lat' dir='ltr'><strong>indignum</strong></span> <span class='ocrx_word' id='word_1_289' title='bbox 1004 2765 1052 2825; x_wconf 81' lang='lat' dir='ltr'><strong>vel</strong></span> <span class='ocrx_word' id='word_1_290' title='bbox 1071 2765 1179 2840; x_wconf 90' lang='lat' dir='ltr'><strong>nohis,</strong></span> <span class='ocrx_word' id='word_1_291' title='bbox 1197 2764 1245 2826; x_wconf 86' lang='lat' dir='ltr'><strong>vel</strong></span> <span class='ocrx_word' id='word_1_292' title='bbox 1262 2786 1317 2846; x_wconf 90' lang='lat' dir='ltr'><strong>pa-</strong></span> 
     </span>
     <span class='ocr_line' id='line_1_31' title="bbox 39 2846 1315 2932; baseline -0.001 -21"><span class='ocrx_word' id='word_1_293' title='bbox 39 2882 44 2887; x_wconf 87' lang='lat'><em>-</em></span> <span class='ocrx_word' id='word_1_294' title='bbox 75 2864 84 2903; x_wconf 75' lang='lat' dir='ltr'><strong>l</strong></span> <span class='ocrx_word' id='word_1_295' title='bbox 142 2863 189 2911; x_wconf 90' lang='lat' dir='ltr'><strong>tre</strong></span> <span class='ocrx_word' id='word_1_296' title='bbox 207 2846 367 2930; x_wconf 88' lang='lat' dir='ltr'><strong>patiantur</strong></span> <span class='ocrx_word' id='word_1_297' title='bbox 411 2848 505 2923; x_wconf 78' lang='lat' dir='ltr'><strong>Quod</strong></span> <span class='ocrx_word' id='word_1_298' title='bbox 522 2860 558 2907; x_wconf 89' lang='lat' dir='ltr'><strong>ut</strong></span> <span class='ocrx_word' id='word_1_299' title='bbox 576 2849 719 2909; x_wconf 81' lang='lat' dir='ltr'><strong>convivae</strong></span> <span class='ocrx_word' id='word_1_300' title='bbox 737 2848 935 2925; x_wconf 78' lang='lat' dir='ltr'><strong>audiverunt,</strong></span> <span class='ocrx_word' id='word_1_301' title='bbox 953 2863 1055 2918; x_wconf 85' lang='lat' dir='ltr'><strong>tantus</strong></span> <span class='ocrx_word' id='word_1_302' title='bbox 1074 2851 1228 2932; x_wconf 87' lang='lat' dir='ltr'><strong>plausus,</strong></span> <span class='ocrx_word' id='word_1_303' title='bbox 1230 2863 1315 2910; x_wconf 89' lang='lat' dir='ltr'><strong>tanta</strong></span> 
     </span>
     <span class='ocr_line' id='line_1_32' title="bbox 62 2893 1325 3025; baseline 0.002 -34"><span class='ocrx_word' id='word_1_304' title='bbox 62 2989 64 2991; x_wconf 73' lang='grc'><strong>,</strong></span> <span class='ocrx_word' id='word_1_305' title='bbox 140 2933 338 3006; x_wconf 87' lang='lat' dir='ltr'><strong>collaudatio,</strong></span> <span class='ocrx_word' id='word_1_306' title='bbox 356 2945 457 3010; x_wconf 78' lang='lat' dir='ltr'><strong>tantus</strong></span> <span class='ocrx_word' id='word_1_307' title='bbox 475 2934 624 2995; x_wconf 88' lang='lat' dir='ltr'><strong>tumultus</strong></span> <span class='ocrx_word' id='word_1_308' title='bbox 645 2936 789 2994; x_wconf 84' lang='lat' dir='ltr'><strong>excitatns</strong></span> <span class='ocrx_word' id='word_1_309' title='bbox 809 2948 855 2995; x_wconf 90' lang='lat' dir='ltr'><strong>est</strong></span> <span class='ocrx_word' id='word_1_310' title='bbox 871 2935 908 2995; x_wconf 88' lang='lat' dir='ltr'><strong>ab</strong></span> <span class='ocrx_word' id='word_1_311' title='bbox 925 2893 1086 3008; x_wconf 80' lang='lat' dir='ltr'><strong>bmnibus,</strong></span> <span class='ocrx_word' id='word_1_312' title='bbox 1104 2949 1140 2996; x_wconf 90' lang='lat' dir='ltr'><strong>ut</strong></span> <span class='ocrx_word' id='word_1_313' title='bbox 1157 2934 1325 3025; x_wconf 89' lang='lat' dir='ltr'><strong>Philippus</strong></span> 
     </span>
     <span class='ocr_line' id='line_1_33' title="bbox 142 3019 1318 3101; baseline -0.001 -20"><span class='ocrx_word' id='word_1_314' title='bbox 142 3019 330 3081; x_wconf 86' lang='lat' dir='ltr'><strong>humanitate</strong></span> <span class='ocrx_word' id='word_1_315' title='bbox 349 3022 449 3080; x_wconf 86' lang='lat' dir='ltr'><strong>motus</strong></span> <span class='ocrx_word' id='word_1_316' title='bbox 468 3021 660 3095; x_wconf 88' lang='lat' dir='ltr'><strong>concederet,</strong></span> <span class='ocrx_word' id='word_1_317' title='bbox 680 3043 860 3101; x_wconf 87' lang='lat' dir='ltr'><strong>quamquam</strong></span> <span class='ocrx_word' id='word_1_318' title='bbox 876 3021 1170 3082; x_wconf 82' lang='lat' dir='ltr'><strong>exinterlectoribue</strong></span> <span class='ocrx_word' id='word_1_319' title='bbox 1183 3020 1318 3080; x_wconf 84' lang='lat' dir='ltr'><strong>Alexan-</strong></span> 
     </span>
     <span class='ocr_line' id='line_1_34' title="bbox 50 3105 1317 3208; baseline -0.001 -42"><span class='ocrx_word' id='word_1_320' title='bbox 50 3118 54 3125; x_wconf 85' lang='lat'><em>&#39;</em></span> <span class='ocrx_word' id='word_1_321' title='bbox 144 3106 201 3179; x_wconf 91' lang='lat' dir='ltr'><strong>dri,</strong></span> <span class='ocrx_word' id='word_1_322' title='bbox 219 3105 318 3169; x_wconf 80' lang='lat' dir='ltr'><strong>fratris</strong></span> <span class='ocrx_word' id='word_1_323' title='bbox 337 3105 481 3205; x_wconf 89' lang='lat' dir='ltr'><strong>Philippi,</strong></span> <span class='ocrx_word' id='word_1_324' title='bbox 499 3107 624 3166; x_wconf 86' lang='lat' dir='ltr'><strong>fuerat</strong></span> <span class='ocrx_word' id='word_1_325' title='bbox 614 3129 640 3165; x_wconf 90' lang='lat' dir='ltr'><strong>rs</strong></span> <span class='ocrx_word' id='word_1_326' title='bbox 657 3105 897 3208; x_wconf 85' lang='lat' dir='ltr'><strong>Apollophanes.</strong></span> <span class='ocrx_word' id='word_1_327' title='bbox 915 3107 1018 3190; x_wconf 83' lang='lat' dir='ltr'><strong>Agite,</strong></span> <span class='ocrx_word' id='word_1_328' title='bbox 1037 3108 1227 3170; x_wconf 86' lang='lat' dir='ltr'><strong>conferamus</strong></span> <span class='ocrx_word' id='word_1_329' title='bbox 1248 3126 1317 3166; x_wconf 89' lang='lat' dir='ltr'><strong>cum</strong></span> 
     </span>
     <span class='ocr_line' id='line_1_35' title="bbox 38 3190 1317 3274; baseline -0.005 -19"><span class='ocrx_word' id='word_1_330' title='bbox 38 3268 43 3274; x_wconf 13' lang='grc' dir='ltr'><em>ὁ</em></span> <span class='ocrx_word' id='word_1_331' title='bbox 143 3191 203 3255; x_wconf 91' lang='lat' dir='ltr'><strong>boc</strong></span> <span class='ocrx_word' id='word_1_332' title='bbox 221 3190 323 3274; x_wconf 80' lang='lat' dir='ltr'><strong>Satyri</strong></span> <span class='ocrx_word' id='word_1_333' title='bbox 342 3191 481 3251; x_wconf 84' lang='lat' dir='ltr'><strong>convivio</strong></span> <span class='ocrx_word' id='word_1_334' title='bbox 500 3192 582 3251; x_wconf 90' lang='lat' dir='ltr'><strong>aliud</strong></span> <span class='ocrx_word' id='word_1_335' title='bbox 600 3192 773 3252; x_wconf 84' lang='lat' dir='ltr'><strong>convivium</strong></span> <span class='ocrx_word' id='word_1_336' title='bbox 792 3194 920 3253; x_wconf 83' lang='lat' dir='ltr'><strong>istorum</strong></span> <span class='ocrx_word' id='word_1_337' title='bbox 939 3194 971 3252; x_wconf 91' lang='lat' dir='ltr'><strong>in</strong></span> <span class='ocrx_word' id='word_1_338' title='bbox 985 3192 1163 3253; x_wconf 88' lang='lat' dir='ltr'><strong>Macedonia</strong></span> <span class='ocrx_word' id='word_1_339' title='bbox 1181 3191 1317 3252; x_wconf 80' lang='lat' dir='ltr'><strong>celebra-</strong></span> 
     </span>
     <span class='ocr_line' id='line_1_36' title="bbox 27 3275 1318 3357; baseline -0.004 -18"><span class='ocrx_word' id='word_1_340' title='bbox 27 3344 30 3353; x_wconf 49' lang='lat'><strong>,</strong></span> <span class='ocrx_word' id='word_1_341' title='bbox 142 3290 227 3349; x_wconf 84' lang='lat' dir='ltr'><strong>tum,</strong></span> <span class='ocrx_word' id='word_1_342' title='bbox 244 3289 280 3334; x_wconf 90' lang='lat' dir='ltr'><strong>ut</strong></span> <span class='ocrx_word' id='word_1_343' title='bbox 297 3277 457 3356; x_wconf 89' lang='lat' dir='ltr'><strong>spectetis,</strong></span> <span class='ocrx_word' id='word_1_344' title='bbox 483 3299 520 3336; x_wconf 89' lang='lat' dir='ltr'><strong>an</strong></span> <span class='ocrx_word' id='word_1_345' title='bbox 539 3278 663 3357; x_wconf 90' lang='lat' dir='ltr'><strong>aequale</strong></span> <span class='ocrx_word' id='word_1_346' title='bbox 681 3279 753 3338; x_wconf 92' lang='lat' dir='ltr'><strong>huic</strong></span> <span class='ocrx_word' id='word_1_347' title='bbox 773 3291 803 3338; x_wconf 92' lang='lat' dir='ltr'><strong>et</strong></span> <span class='ocrx_word' id='word_1_348' title='bbox 821 3278 918 3338; x_wconf 88' lang='lat' dir='ltr'><strong>simile</strong></span> <span class='ocrx_word' id='word_1_349' title='bbox 936 3279 1081 3339; x_wconf 82' lang='lat' dir='ltr'><strong>videatur.</strong></span> <span class='ocrx_word' id='word_1_350' title='bbox 1125 3276 1246 3339; x_wconf 82' lang='lat' dir='ltr'><strong>Inuitati</strong></span> <span class='ocrx_word' id='word_1_351' title='bbox 1264 3275 1318 3336; x_wconf 89' lang='lat' dir='ltr'><strong>isti</strong></span> 
     </span>
     <span class='ocr_line' id='line_1_37' title="bbox 25 3356 1319 3449; baseline -0.002 -26"><span class='ocrx_word' id='word_1_352' title='bbox 25 3394 31 3404; x_wconf 94' lang='lat'>·</span> <span class='ocrx_word' id='word_1_353' title='bbox 76 3356 85 3369; x_wconf 60' lang='grc'><strong>“</strong></span> <span class='ocrx_word' id='word_1_354' title='bbox 144 3362 181 3424; x_wconf 89' lang='lat' dir='ltr'><strong>ad</strong></span> <span class='ocrx_word' id='word_1_355' title='bbox 200 3359 459 3442; x_wconf 86' lang='lat' dir='ltr'><strong>Xenopbronem,</strong></span> <span class='ocrx_word' id='word_1_356' title='bbox 478 3363 700 3437; x_wconf 71' lang='lat' dir='ltr'><strong>Phaedimilt,</strong></span> <span class='ocrx_word' id='word_1_357' title='bbox 718 3364 814 3423; x_wconf 89' lang='lat' dir='ltr'><strong>unius</strong></span> <span class='ocrx_word' id='word_1_358' title='bbox 828 3387 844 3424; x_wconf 90' lang='lat' dir='ltr'><strong>e</strong></span> <span class='ocrx_word' id='word_1_359' title='bbox 862 3364 986 3449; x_wconf 87' lang='lat' dir='ltr'><strong>triginta</strong></span> <span class='ocrx_word' id='word_1_360' title='bbox 1004 3362 1164 3449; x_wconf 82' lang='lat' dir='ltr'><strong>tyrannis,</strong></span> <span class='ocrx_word' id='word_1_361' title='bbox 1182 3381 1319 3444; x_wconf 88' lang='lat' dir='ltr'><strong>propere</strong></span> 
     </span>
     <span class='ocr_line' id='line_1_38' title="bbox 111 3446 1318 3530; baseline -0.002 -22"><span class='ocrx_word' id='word_1_362' title='bbox 111 3466 117 3476; x_wconf 84' lang='lat'>&#39;</span> <span class='ocrx_word' id='word_1_363' title='bbox 143 3446 297 3508; x_wconf 86' lang='lat' dir='ltr'><strong>abierunt.</strong></span> <span class='ocrx_word' id='word_1_364' title='bbox 317 3468 374 3529; x_wconf 87' lang='lat' dir='ltr'><strong>ego</strong></span> <span class='ocrx_word' id='word_1_365' title='bbox 393 3468 466 3508; x_wconf 83' lang='lat' dir='ltr'><strong>vero</strong></span> <span class='ocrx_word' id='word_1_366' title='bbox 485 3469 548 3507; x_wconf 92' lang='lat' dir='ltr'><strong>non</strong></span> <span class='ocrx_word' id='word_1_367' title='bbox 567 3450 635 3509; x_wconf 89' lang='lat' dir='ltr'><strong>abii.</strong></span> <span class='ocrx_word' id='word_1_368' title='bbox 678 3452 719 3509; x_wconf 94' lang='lat' dir='ltr'><strong>Ut</strong></span> <span class='ocrx_word' id='word_1_369' title='bbox 737 3463 837 3509; x_wconf 89' lang='lat' dir='ltr'><strong>autem</strong></span> <span class='ocrx_word' id='word_1_370' title='bbox 856 3451 893 3509; x_wconf 92' lang='lat' dir='ltr'><strong>ad</strong></span> <span class='ocrx_word' id='word_1_371' title='bbox 911 3450 1021 3530; x_wconf 90' lang='lat' dir='ltr'><strong>pocula</strong></span> <span class='ocrx_word' id='word_1_372' title='bbox 1039 3461 1163 3510; x_wconf 86' lang='lat' dir='ltr'><strong>ventum</strong></span> <span class='ocrx_word' id='word_1_373' title='bbox 1182 3459 1261 3522; x_wconf 88' lang='lat' dir='ltr'><strong>est,</strong></span> <span class='ocrx_word' id='word_1_374' title='bbox 1269 3446 1318 3506; x_wconf 82' lang='lat' dir='ltr'><strong>in&#39;-</strong></span> 
     </span>
     <span class='ocr_line' id='line_1_39' title="bbox 109 3522 1318 3634; baseline -0.003 -40"><span class='ocrx_word' id='word_1_375' title='bbox 109 3601 117 3621; x_wconf 23' lang='lat'>&amp;</span> <span class='ocrx_word' id='word_1_376' title='bbox 142 3532 305 3595; x_wconf 87' lang='lat' dir='ltr'><strong>troducit</strong></span> <span class='ocrx_word' id='word_1_377' title='bbox 296 3555 320 3591; x_wconf 88' lang='lat' dir='ltr'><strong>rs</strong></span> <span class='ocrx_word' id='word_1_378' title='bbox 340 3532 498 3594; x_wconf 85' lang='lat' dir='ltr'><strong>mulierem</strong></span> <span class='ocrx_word' id='word_1_379' title='bbox 518 3537 667 3613; x_wconf 89' lang='lat' dir='ltr'><strong>quandam</strong></span> <span class='ocrx_word' id='word_1_380' title='bbox 687 3534 880 3618; x_wconf 81' lang='lat' dir='ltr'><strong>Olynthiam,</strong></span> <span class='ocrx_word' id='word_1_381' title='bbox 898 3535 1062 3595; x_wconf 86' lang='lat' dir='ltr'><strong>formosam</strong></span> <span class='ocrx_word' id='word_1_382' title='bbox 1082 3534 1213 3634; x_wconf 82' lang='lat' dir='ltr'><strong>quidem</strong></span> <span class='ocrx_word' id='word_1_383' title='bbox 1223 3522 1318 3611; x_wconf 82' lang='lat' dir='ltr'><strong>illam,</strong></span> 
     </span>
     <span class='ocr_line' id='line_1_40' title="bbox 119 3616 1318 3702; baseline -0.004 -22"><span class='ocrx_word' id='word_1_384' title='bbox 119 3617 224 3696; x_wconf 46' lang='lat' dir='ltr'><strong>¹sed</strong></span> <span class='ocrx_word' id='word_1_385' title='bbox 216 3630 379 3700; x_wconf 78' lang='lat' dir='ltr'><strong>rngenuam</strong></span> <span class='ocrx_word' id='word_1_386' title='bbox 399 3633 429 3680; x_wconf 92' lang='lat' dir='ltr'><strong>et</strong></span> <span class='ocrx_word' id='word_1_387' title='bbox 447 3620 633 3694; x_wconf 89' lang='lat' dir='ltr'><strong>modestam,</strong></span> <span class='ocrx_word' id='word_1_388' title='bbox 652 3634 686 3680; x_wconf 92' lang='lat' dir='ltr'><strong>ut</strong></span> <span class='ocrx_word' id='word_1_389' title='bbox 705 3621 801 3679; x_wconf 86' lang='lat' dir='ltr'><strong>exitus</strong></span> <span class='ocrx_word' id='word_1_390' title='bbox 821 3621 990 3680; x_wconf 79' lang='lat' dir='ltr'><strong>declaravit.</strong></span> <span class='ocrx_word' id='word_1_391' title='bbox 1010 3622 1100 3680; x_wconf 84' lang='lat' dir='ltr'><strong>.Eatn</strong></span> <span class='ocrx_word' id='word_1_392' title='bbox 1118 3620 1252 3702; x_wconf 88' lang='lat' dir='ltr'><strong>primum</strong></span> <span class='ocrx_word' id='word_1_393' title='bbox 1268 3616 1318 3676; x_wconf 89' lang='lat' dir='ltr'><strong>bi-</strong></span> 
     </span>
     <span class='ocr_line' id='line_1_41' title="bbox 106 3702 1318 3789; baseline -0.002 -25"><span class='ocrx_word' id='word_1_394' title='bbox 106 3716 117 3789; x_wconf 70' lang='lat'><strong>,¹</strong></span> <span class='ocrx_word' id='word_1_395' title='bbox 142 3702 379 3785; x_wconf 69' lang='lat' dir='ltr'><strong>tempsanum</strong></span> <span class='ocrx_word' id='word_1_396' title='bbox 399 3705 567 3788; x_wconf 85' lang='lat' dir='ltr'><strong>cogebant,</strong></span> <span class='ocrx_word' id='word_1_397' title='bbox 595 3721 686 3786; x_wconf 84' lang='lat' dir='ltr'><strong>atque</strong></span> <span class='ocrx_word' id='word_1_398' title='bbox 705 3707 795 3766; x_wconf 84' lang='lat' dir='ltr'><strong>edere</strong></span> <span class='ocrx_word' id='word_1_399' title='bbox 814 3704 887 3788; x_wconf 91' lang='lat' dir='ltr'><strong>(nisi</strong></span> <span class='ocrx_word' id='word_1_400' title='bbox 905 3705 1035 3789; x_wconf 79' lang='lat' dir='ltr'><strong>fallor)</strong></span> <span class='ocrx_word' id='word_1_401' title='bbox 1026 3705 1095 3779; x_wconf 79' lang='lat' dir='ltr'><strong>isti,</strong></span> <span class='ocrx_word' id='word_1_402' title='bbox 1114 3718 1150 3764; x_wconf 89' lang='lat' dir='ltr'><strong>ut</strong></span> <span class='ocrx_word' id='word_1_403' title='bbox 1167 3703 1243 3763; x_wconf 90' lang='lat' dir='ltr'><strong>mibi</strong></span> <span class='ocrx_word' id='word_1_404' title='bbox 1261 3721 1318 3784; x_wconf 89' lang='lat' dir='ltr'><strong>po·-</strong></span> 
     </span>
     <span class='ocr_line' id='line_1_42' title="bbox 52 3787 1320 3872; baseline -0.001 -22"><span class='ocrx_word' id='word_1_405' title='bbox 52 3796 62 3819; x_wconf 58' lang='lat'>⁸</span> <span class='ocrx_word' id='word_1_406' title='bbox 142 3789 248 3851; x_wconf 89' lang='lat' dir='ltr'><strong>stridie</strong></span> <span class='ocrx_word' id='word_1_407' title='bbox 266 3789 409 3849; x_wconf 85' lang='lat' dir='ltr'><strong>Iatrocles</strong></span> <span class='ocrx_word' id='word_1_408' title='bbox 428 3790 566 3850; x_wconf 75' lang='lat' dir='ltr'><strong>narrarit</strong></span> <span class='ocrx_word' id='word_1_409' title='bbox 609 3794 651 3851; x_wconf 92' lang='lat' dir='ltr'><strong>Ut</strong></span> <span class='ocrx_word' id='word_1_410' title='bbox 669 3804 768 3851; x_wconf 85' lang='lat' dir='ltr'><strong>autem</strong></span> <span class='ocrx_word' id='word_1_411' title='bbox 787 3812 835 3850; x_wconf 90' lang='lat' dir='ltr'><strong>res</strong></span> <span class='ocrx_word' id='word_1_412' title='bbox 854 3792 1054 3872; x_wconf 88' lang='lat' dir='ltr'><strong>procedebat,</strong></span> <span class='ocrx_word' id='word_1_413' title='bbox 1081 3803 1111 3850; x_wconf 88' lang='lat' dir='ltr'><strong>et</strong></span> <span class='ocrx_word' id='word_1_414' title='bbox 1128 3789 1214 3848; x_wconf 82' lang='lat' dir='ltr'><strong>mero</strong></span> <span class='ocrx_word' id='word_1_415' title='bbox 1235 3787 1320 3849; x_wconf 81' lang='lat' dir='ltr'><strong>inca·</strong></span> 
     </span>
     <span class='ocr_line' id='line_1_43' title="bbox 63 3873 1319 3957; baseline -0.003 -20"><span class='ocrx_word' id='word_1_416' title='bbox 63 3932 66 3937; x_wconf 67' lang='lat'><strong>,</strong></span> <span class='ocrx_word' id='word_1_417' title='bbox 142 3875 299 3949; x_wconf 88' lang='lat' dir='ltr'><strong>lescebant</strong></span> <span class='ocrx_word' id='word_1_418' title='bbox 316 3875 425 3935; x_wconf 89' lang='lat' dir='ltr'><strong>animi:</strong></span> <span class='ocrx_word' id='word_1_419' title='bbox 450 3876 583 3936; x_wconf 89' lang='lat' dir='ltr'><strong>assidere</strong></span> <span class='ocrx_word' id='word_1_420' title='bbox 600 3891 692 3956; x_wconf 90' lang='lat' dir='ltr'><strong>atque</strong></span> <span class='ocrx_word' id='word_1_421' title='bbox 712 3875 801 3936; x_wconf 85' lang='lat' dir='ltr'><strong>etiam</strong></span> <span class='ocrx_word' id='word_1_422' title='bbox 820 3876 934 3957; x_wconf 91' lang='lat' dir='ltr'><strong>aliquid</strong></span> <span class='ocrx_word' id='word_1_423' title='bbox 954 3897 1060 3936; x_wconf 87' lang='lat' dir='ltr'><strong>canere</strong></span> <span class='ocrx_word' id='word_1_424' title='bbox 1079 3875 1237 3935; x_wconf 86' lang='lat' dir='ltr'><strong>iubebant</strong></span> <span class='ocrx_word' id='word_1_425' title='bbox 1255 3873 1319 3934; x_wconf 87' lang='lat' dir='ltr'><strong>Ae·</strong></span> 
     </span>
     <span class='ocr_line' id='line_1_44' title="bbox 141 3958 1320 4043; baseline -0.004 -21"><span class='ocrx_word' id='word_1_426' title='bbox 141 3974 263 4022; x_wconf 87' lang='lat' dir='ltr'><strong>stuante</strong></span> <span class='ocrx_word' id='word_1_427' title='bbox 281 3960 427 4035; x_wconf 88' lang='lat' dir='ltr'><strong>muliere,</strong></span> <span class='ocrx_word' id='word_1_428' title='bbox 445 3975 480 4022; x_wconf 89' lang='lat' dir='ltr'><strong>ut</strong></span> <span class='ocrx_word' id='word_1_429' title='bbox 499 3983 576 4042; x_wconf 86' lang='lat' dir='ltr'><strong>quae</strong></span> <span class='ocrx_word' id='word_1_430' title='bbox 595 3983 696 4043; x_wconf 89' lang='lat' dir='ltr'><strong>neque</strong></span> <span class='ocrx_word' id='word_1_431' title='bbox 712 3963 823 4035; x_wconf 84' lang='lat' dir='ltr'><strong>vellet,</strong></span> <span class='ocrx_word' id='word_1_432' title='bbox 851 3983 953 4042; x_wconf 87' lang='lat' dir='ltr'><strong>neque</strong></span> <span class='ocrx_word' id='word_1_433' title='bbox 973 3961 1080 4033; x_wconf 89' lang='lat' dir='ltr'><strong>sciret,</strong></span> <span class='ocrx_word' id='word_1_434' title='bbox 1099 3958 1320 4021; x_wconf 85' lang='lat' dir='ltr'><strong>contumeliam</strong></span> 
     </span>
     <span class='ocr_line' id='line_1_45' title="bbox 142 4046 1322 4131; baseline -0.003 -24"><span class='ocrx_word' id='word_1_435' title='bbox 142 4047 174 4107; x_wconf 91' lang='lat' dir='ltr'><strong>id</strong></span> <span class='ocrx_word' id='word_1_436' title='bbox 198 4047 310 4107; x_wconf 90' lang='lat' dir='ltr'><strong>sactum</strong></span> <span class='ocrx_word' id='word_1_437' title='bbox 336 4046 575 4127; x_wconf 87' lang='lat' dir='ltr'><strong>interpretantur</strong></span> <span class='ocrx_word' id='word_1_438' title='bbox 598 4049 656 4109; x_wconf 90' lang='lat' dir='ltr'><strong>iste</strong></span> <span class='ocrx_word' id='word_1_439' title='bbox 675 4061 706 4109; x_wconf 90' lang='lat' dir='ltr'><strong>et</strong></span> <span class='ocrx_word' id='word_1_440' title='bbox 723 4047 888 4131; x_wconf 83' lang='lat' dir='ltr'><strong>Phrynon,</strong></span> <span class='ocrx_word' id='word_1_441' title='bbox 916 4061 947 4109; x_wconf 92' lang='lat' dir='ltr'><strong>et</strong></span> <span class='ocrx_word' id='word_1_442' title='bbox 971 4069 1036 4108; x_wconf 88' lang='lat' dir='ltr'><strong>non</strong></span> <span class='ocrx_word' id='word_1_443' title='bbox 1061 4047 1225 4107; x_wconf 82' lang='lat' dir='ltr'><strong>serendum</strong></span> <span class='ocrx_word' id='word_1_444' title='bbox 1253 4063 1322 4105; x_wconf 87' lang='lat' dir='ltr'><strong>esse</strong></span> 
     </span>
     <span class='ocr_line' id='line_1_46' title="bbox 54 4129 1321 4217; baseline -0.004 -24"><span class='ocrx_word' id='word_1_445' title='bbox 54 4143 70 4166; x_wconf 67' lang='lat'>⁸</span> <span class='ocrx_word' id='word_1_446' title='bbox 143 4131 315 4206; x_wconf 80' lang='lat' dir='ltr'><strong>dictitant,</strong></span> <span class='ocrx_word' id='word_1_447' title='bbox 324 4145 360 4203; x_wconf 86' lang='lat' dir='ltr'><strong>ut</strong></span> <span class='ocrx_word' id='word_1_448' title='bbox 375 4133 491 4216; x_wconf 81' lang='lat' dir='ltr'><strong>captiva</strong></span> <span class='ocrx_word' id='word_1_449' title='bbox 510 4153 546 4193; x_wconf 84' lang='lat' dir='ltr'><strong>ex</strong></span> <span class='ocrx_word' id='word_1_450' title='bbox 565 4133 649 4194; x_wconf 75' lang='lat' dir='ltr'><strong>diis&#39;</strong></span> <span class='ocrx_word' id='word_1_451' title='bbox 640 4134 745 4193; x_wconf 80' lang='lat' dir='ltr'><strong>invisis</strong></span> <span class='ocrx_word' id='word_1_452' title='bbox 764 4145 795 4192; x_wconf 88' lang='lat' dir='ltr'><strong>et</strong></span> <span class='ocrx_word' id='word_1_453' title='bbox 812 4131 939 4201; x_wconf 83' lang='lat' dir='ltr'><strong>nefariis</strong></span> <span class='ocrx_word' id='word_1_454' title='bbox 954 4131 1110 4217; x_wconf 80' lang='lat' dir='ltr'><strong>Olynthiis</strong></span> <span class='ocrx_word' id='word_1_455' title='bbox 1130 4130 1256 4192; x_wconf 88' lang='lat' dir='ltr'><strong>delicias</strong></span> <span class='ocrx_word' id='word_1_456' title='bbox 1275 4129 1321 4188; x_wconf 81' lang='lat' dir='ltr'><strong>fa</strong></span> 
     </span>
     <span class='ocr_line' id='line_1_47' title="bbox 144 4217 1323 4318; baseline -0.006 -38"><span class='ocrx_word' id='word_1_457' title='bbox 144 4230 233 4280; x_wconf 89' lang='lat' dir='ltr'><strong>ceret</strong></span> <span class='ocrx_word' id='word_1_458' title='bbox 246 4217 329 4318; x_wconf 85' lang='lat' dir='ltr'><strong>Age,</strong></span> <span class='ocrx_word' id='word_1_459' title='bbox 347 4237 421 4278; x_wconf 84' lang='lat' dir='ltr'><strong>voca</strong></span> <span class='ocrx_word' id='word_1_460' title='bbox 440 4240 570 4292; x_wconf 85' lang='lat' dir='ltr'><strong>servum,</strong></span> <span class='ocrx_word' id='word_1_461' title='bbox 588 4219 699 4299; x_wconf 88' lang='lat' dir='ltr'><strong>inquit,</strong></span> <span class='ocrx_word' id='word_1_462' title='bbox 718 4230 748 4278; x_wconf 88' lang='lat' dir='ltr'><strong>et</strong></span> <span class='ocrx_word' id='word_1_463' title='bbox 760 4218 862 4277; x_wconf 89' lang='lat' dir='ltr'><strong>lorum</strong></span> <span class='ocrx_word' id='word_1_464' title='bbox 881 4218 989 4298; x_wconf 87' lang='lat' dir='ltr'><strong>aliquis</strong></span> <span class='ocrx_word' id='word_1_465' title='bbox 1007 4217 1121 4279; x_wconf 81' lang='lat' dir='ltr'><strong>afferat</strong></span> <span class='ocrx_word' id='word_1_466' title='bbox 1139 4217 1238 4276; x_wconf 86' lang='lat' dir='ltr'><strong>Venit</strong></span> <span class='ocrx_word' id='word_1_467' title='bbox 1256 4235 1323 4274; x_wconf 90' lang='lat' dir='ltr'><strong>ser-</strong></span> 
     </span>
     <span class='ocr_line' id='line_1_48' title="bbox 143 4301 1322 4386; baseline -0.001 -21"><span class='ocrx_word' id='word_1_468' title='bbox 143 4326 209 4377; x_wconf 81' lang='lat' dir='ltr'><strong>vus,</strong></span> <span class='ocrx_word' id='word_1_469' title='bbox 198 4303 371 4364; x_wconf 86' lang='lat' dir='ltr'><strong>scuticam</strong></span> <span class='ocrx_word' id='word_1_470' title='bbox 389 4317 519 4386; x_wconf 88' lang='lat' dir='ltr'><strong>gestans.</strong></span> <span class='ocrx_word' id='word_1_471' title='bbox 538 4301 615 4378; x_wconf 79' lang='lat' dir='ltr'><strong>Cum</strong></span> <span class='ocrx_word' id='word_1_472' title='bbox 634 4308 736 4365; x_wconf 77' lang='lat' dir='ltr'><strong>autent.</strong></span> <span class='ocrx_word' id='word_1_473' title='bbox 751 4315 909 4384; x_wconf 86' lang='lat' dir='ltr'><strong>potassent</strong></span> <span class='ocrx_word' id='word_1_474' title='bbox 926 4303 1042 4364; x_wconf 88' lang='lat' dir='ltr'><strong>scilicet</strong></span> <span class='ocrx_word' id='word_1_475' title='bbox 1060 4316 1091 4363; x_wconf 92' lang='lat' dir='ltr'><strong>et</strong></span> <span class='ocrx_word' id='word_1_476' title='bbox 1108 4302 1170 4373; x_wconf 86' lang='lat' dir='ltr'><strong>levi</strong></span> <span class='ocrx_word' id='word_1_477' title='bbox 1190 4303 1230 4362; x_wconf 86' lang='lat' dir='ltr'><strong>de</strong></span> <span class='ocrx_word' id='word_1_478' title='bbox 1248 4321 1322 4364; x_wconf 85' lang='lat' dir='ltr'><strong>cau-</strong></span> 
     </span>
     <span class='ocr_line' id='line_1_49' title="bbox 145 4386 1322 4471; baseline -0.007 -17"><span class='ocrx_word' id='word_1_479' title='bbox 145 4411 177 4454; x_wconf 80' lang='lat' dir='ltr'><strong>sa</strong></span> <span class='ocrx_word' id='word_1_480' title='bbox 194 4388 263 4449; x_wconf 90' lang='lat' dir='ltr'><strong>bilis</strong></span> <span class='ocrx_word' id='word_1_481' title='bbox 282 4386 473 4464; x_wconf 70' lang='lat' dir='ltr'><strong>moreretur,</strong></span> <span class='ocrx_word' id='word_1_482' title='bbox 501 4400 537 4449; x_wconf 87' lang='lat' dir='ltr'><strong>ut</strong></span> <span class='ocrx_word' id='word_1_483' title='bbox 553 4387 738 4468; x_wconf 72' lang='lat' dir='ltr'><strong>aliquisita</strong></span> <span class='ocrx_word' id='word_1_484' title='bbox 755 4387 874 4450; x_wconf 81' lang='lat' dir='ltr'><strong>dixerat</strong></span> <span class='ocrx_word' id='word_1_485' title='bbox 889 4401 921 4448; x_wconf 91' lang='lat' dir='ltr'><strong>et</strong></span> <span class='ocrx_word' id='word_1_486' title='bbox 946 4388 1168 4471; x_wconf 74' lang='lat' dir='ltr'><strong>illacrymaret,</strong></span> <span class='ocrx_word' id='word_1_487' title='bbox 1185 4387 1322 4447; x_wconf 66' lang='lat' dir='ltr'><strong>tacent«</strong></span> 
     </span>
    </p>
   </div>
   <div class='ocr_carea' id='block_1_3' title="bbox 365 4544 513 4591">
    <p class='ocr_par' dir='ltr' id='par_1_3' title="bbox 365 4544 513 4591">
     <span class='ocr_line' id='line_1_50' title="bbox 365 4544 513 4591; baseline -0.007 -20"><span class='ocrx_word' id='word_1_488' title='bbox 365 4563 369 4571; x_wconf 86' lang='lat'>.</span> <span class='ocrx_word' id='word_1_489' title='bbox 397 4544 409 4575; x_wconf 94' lang='grc' dir='ltr'><strong><em>Ι</em></strong></span> <span class='ocrx_word' id='word_1_490' title='bbox 509 4584 513 4591; x_wconf 46' lang='grc' dir='ltr'>Ι</span> 
     </span>
    </p>
   </div>
   <div class='ocr_carea' id='block_1_4' title="bbox 0 0 1371 4754">
    <p class='ocr_par' dir='ltr' id='par_1_4' title="bbox 0 0 1371 4754">
     <span class='ocr_line' id='line_1_51' title="bbox 0 0 1371 4754; baseline 0 0"><span class='ocrx_word' id='word_1_491' title='bbox 0 0 1371 4754; x_wconf 95' lang='lat' dir='ltr'><strong> </strong></span> 
     </span>
    </p>
   </div>
  </div>
 </body>
</html>
