2722 4754
173 231 174 234 a
217 227 226 250 ·.
309 156 590 312 anteusus·
616 143 1028 286 ιιιιιοοιιιιιι.
1167 196 1298 284 [ιιι.

89 365 149 430 cet,
165 373 227 414 cum
246 349 385 430 quibus
376 362 418 409 na
420 297 615 429 simpliciter
632 348 706 432 egit,
723 368 781 408 nec
798 348 895 409 ullum
910 301 1104 408 mendacium
1122 343 1254 439 scripsit,
1312 368 1316 381 ·

90 448 185 541 neque
201 436 287 496 vobis
307 437 410 496 lucum
427 434 507 494 fecit
541 433 686 494 Nondum
707 445 807 493 autem
827 434 898 494 hinc
913 446 1052 507 constet,
1072 452 1253 532 quamquam

77 523 136 587 ita
152 525 238 610 palam
257 533 386 594 constat,
404 519 480 579 nihil
501 541 566 579 esse
585 520 649 583 fide
659 519 796 601 dignum,
815 519 960 599 quicquid
979 541 1010 579 se
1029 519 1139 579 studio
1149 516 1253 597 reipu-

97 611 182 676 blicae
199 621 318 669 nostrae
337 606 473 666 factitare
501 605 574 673 dicit
593 619 634 665 et
631 603 799 665 simulat?
819 604 878 663 Sed
899 625 934 664 ex
952 605 1097 682 insecutis
1116 603 1202 664 lactis
1222 601 1253 661 id
1309 674 1314 678 .

105 703 155 764 erit
167 693 340 758 evidentius
382 692 459 751 Nam
478 688 591 775 Cotym
618 690 700 750 bono
726 674 855 749 consilio
874 688 985 770 (hostis
1006 691 1087 750 enim
1097 703 1206 750 vester
1223 700 1255 748 et

104 788 242 849 sceleratus
257 778 361 838 homo
374 775 488 859 fuerat)
507 763 631 859 Python
658 775 776 836 occidit
820 772 1035 856 Cersobleptes
1054 789 1174 850 autem,
1200 772 1256 854 qut

94 870 174 960 ⁴taum
184 877 304 948 regnat,
331 861 591 929 adolescentulus
589 875 660 922 erat
679 875 709 921 et
727 866 833 922 omnes
853 857 972 946 Cotyos
989 860 1086 920 liberi.
1129 862 1264 931 Summa„
1290 878 1294 884 ’

103 955 311 1023 resonantem,
328 961 394 1009 tum
414 949 485 1028 quia
502 964 644 1028 praesens
664 959 742 1021 erat,
760 959 825 1007 tum
846 947 914 1029 quia
933 968 1035 1007 secum
1053 946 1185 1015 habebat
1202 967 1254 1005 ex·
1301 953 1310 1024 j

84 1045 218 1112 *ercitum
235 1040 330 1116 penes
350 1031 564 1094 Charidemum
584 1046 654 1094 erat
672 1033 774 1094 Venit
779 1029 1033 1115 Cephisodotus'
1019 1045 1199 1134 imperator,
1216 1031 1255 1090 ad
1304 1040 1306 1047 ’

104 1149 178 1212 quan
192 1123 240 1182 ille
260 1121 393 1180 miserat
399 1119 563 1201 epistolam
582 1106 674 1194 illam,
694 1132 725 1180 et
741 1119 892 1192 triremes,
910 1142 979 1180 cum
998 1119 1058 1179 vita
1073 1119 1138 1179 eius
1151 1118 1184 1178 in
1198 1119 1255 1177 du-

103 1217 146 1277 bio
156 1221 234 1281 esset,
248 1205 400 1266 Artabazo
416 1205 515 1265 adhuc
530 1204 641 1264 infesto
655 1226 723 1265 eum
737 1200 927 1266 liberaturae
942 1206 1049 1281 Quid'
1039 1209 1143 1288 igitur,
1153 1203 1252 1264 Athe·
1277 1201 1338 1269 429

83 1302 236 1402 «ιιὶιιιιιι-
232 1313 281 1352 -cx
300 1291 403 1352 officio
428 1290 600 1351 laciendum
618 1291 732 1350 suisset
752 1290 870 1350 homini
896 1292 1009 1352 fraudis
1029 1291 1145 1373 experti
1163 1303 1255 1376 atque

102 1385 199 1460 amico,
220 1379 406 1460 imperatore
425 1386 602 1458 praesente,
627 1397 692 1456 pon
712 1397 767 1451 eo,
787 1398 884 1478 quem
896 1375 1032 1436 invidere
1051 1376 1110 1438 sibi
1130 1365 1255 1437 dixisset

103 1472 250 1552 qrricquam,
269 1465 324 1524 sed
338 1463 403 1537 illo,
422 1462 507 1522 cuius
521 1462 554 1521 in
568 1472 666 1522 vestra
681 1461 758 1522 urbe
772 1461 937 1522 amicitiam
952 1465 1136 1565 praetulerat
1154 1460 1254 1522 omni·
1318 1455 1320 1459 ’

100 1559 162 1633 bus,
184 1551 266 1610 etad
286 1571 377 1629 quem
402 1549 503 1608 literas
522 1547 662 1621 miserat,
692 1544 774 1632 Coty
791 1549 936 1609 defuncto
964 1551 1048 1620 omni
1073 1549 1253 1610 auctoritate

79 1682 83 1708 ,
99 1663 125 1700 ιι
140 1660 168 1699 se
184 1635 310 1697 collata?
345 1635 417 1694 Non
435 1633 537 1694 statim
554 1634 710 1695 reddenda
728 1633 815 1694 vobis
833 1635 941 1717 regio?
958 1635 1031 1696 Non
1049 1648 1151 1697 vestro
1166 1657 1254 1698 com

98 1742 170 1786 num
162 1720 310 1823 'consilio
324 1741 380 1779 rex
391 1713 536 1779 Thraciae
556 1719 782 1802 designandus?
800 1721 883 1794 Non,
900 1733 982 1781 tanta
996 1721 1156 1783 occasione
1169 1720 1253 1781 obla·
1278 1730 1280 1736 '

96 1824 145 1885 ta,
149 1822 195 1870 s'ua
210 1807 250 1867 in
247 1827 313 1870 vos
331 1806 488 1887 probanda
507 1797 742 1865 benevolentia?
778 1804 969 1881 Omnino,
944 1829 970 1867 st
989 1807 1061 1888 quid
1073 1829 1140 1901 ego
1158 1808 1254 1874 modo
1272 1860 1278 1870 ,
1330 1817 1335 1828 ’

96 1895 183 1956 video.
205 1893 284 1953 Num
302 1913 376 1952 vero
394 1892 468 1952 tale
480 1891 642 1972 quicquam
661 1890 753 1950 fecit?
778 1891 947 1952 Plurimum
966 1906 1048 1953 certe
1072 1886 1166 1954 abest.
1193 1892 1276 1973 Sed¹
1314 1890 1328 1955 Ϊ

94 1993 155 2039 toto
170 1979 285 2059 reliquo
296 1977 490 2077 septimestri
513 1989 652 2056 tempore
670 1975 785 2036 vobis
776 1999 809 2035 ru
826 1979 917 2037 mora
929 1978 988 2038 fuit
1005 1980 1141 2062 gerendo
1161 1971 1255 2053 bello,

95 2085 143 2126 nec
159 2063 379 2124 dissimulatis
370 2061 554 2135 inimicitiis,
581 2082 638 2121 nec
655 2062 752 2121 ullum
779 2062 946 2123 humanum
964 2065 1091 2124 verbum
1109 2064 1255 2147 prolocu-

94 2161 141 2210 tus.
172 2149 278 2209 Nam
269 2149 376 2223 mitio,
395 2170 464 2208 cum
475 2167 540 2218 nos
560 2147 665 2207 decem
683 2147 783 2207 solum
801 2148 928 2227 navibus
947 2149 984 2208 ad
1003 2149 1184 2211 Perinthum
1202 2170 1255 2230 ap·
1304 2149 1306 2154 ’

48 2222 57 2241 ’
93 2235 281 2336 pulissemus,
307 2233 450 2314 quoniam
470 2233 535 2314 ipse
554 2253 650 2314 prope
674 2233 779 2294 adesse
801 2217 975 2308 ferebatur,
999 2248 1035 2295 ut
1052 2257 1108 2297 nos
1128 2256 1197 2309 eum
1217 2253 1254 2295 eo

93 2304 356 2403 coniungeremus,
374 2319 458 2380 hisce
478 2320 515 2378 de
532 2317 624 2378 rebus
644 2340 713 2379 cum
732 2338 769 2378 eo
788 2319 989 2394 collocuturi,
1008 2341 1077 2382 cum
1096 2304 1255 2382 observas-

91 2419 129 2467 set
144 2418 268 2481 npstros
287 2405 399 2466 milites
425 2405 596 2486 apparando
622 2404 762 2504 prandio
774 2404 928 2488 intentos:
954 2410 1080 2467 conatus
1100 2420 1147 2468 est
1163 2427 1255 2468 naves
1322 2457 1333 2484 .>

90 2505 197 2552 nostras
216 2492 420 2572 intercipere,
438 2490 614 2570 multo'sque
634 2511 670 2549 ex
687 2490 730 2550 eis
751 2489 873 2566 occidit,
891 2503 932 2566 et,
950 2491 1020 2572 quia
1037 2495 1159 2573 equites
1175 2513 1255 2563 ιιοιι-
1271 2510 1274 2514 “
1329 2510 1338 2547 ·,

88 2578 181 2637 nullos
198 2588 240 2637 et
248 2578 357 2638 velites
375 2576 516 2650 habebat,
535 2577 573 2636 ad
590 2596 671 2636 mare
690 2576 839 2656 compulit
854 2577 1024 2637 uniuersos.
1058 2577 1179 2638 Deinde
1196 2597 1255 2638 no
1263 2570 1269 2576 ’

80 2661 129 2743 ¹bis
148 2662 270 2723 nullum
282 2662 428 2727 Thraciae
447 2662 549 2721 locum
567 2672 620 2719 aut
637 2661 784 2742 oppidum
801 2655 976 2761 petentibus
994 2662 1066 2746 (nec
1086 2663 1166 2724 enim
1184 2646 1256 2737 hoc,
1324 2698 1331 2705 ·

88 2768 132 2807 me
150 2747 217 2808 dius
234 2747 337 2821 fidius,
355 2747 465 2807 dixerit
483 2747 657 2827 quisquam:
676 2745 751 2806 Vim
767 2747 848 2806 enim
865 2769 895 2804 ιι
887 2747 1085 2848 repulisset,
1104 2760 1135 2807 et
1150 2747 1255 2807 laesis-

85 2845 143 2905 set,
161 2855 202 2893 ne
219 2833 407 2893 laederetur.
433 2853 496 2892 non
514 2833 556 2891 ita
575 2844 637 2905 est,
655 2851 712 2892 nec
731 2833 812 2893 enim
829 2853 958 2912 usquam
975 2831 1008 2892 in
1025 2832 1184 2892 Thraciam
1201 2852 1255 2894 ve-

83 2918 200 3018 nimus,
218 2918 301 2992 sed
292 2942 324 2978 m
342 2916 611 3003 Alopeconnesum
625 2915 858 3018 cogitabamus,
877 2937 953 2996 quae
972 2918 1010 2976 ad
1029 2914 1272 3018 Chersonesum⁴

74 3003 234 3083 pertinet,
242 3017 285 3064 et
301 3017 405 3064 nostra
423 3003 498 3077 fuit,
519 3016 549 3063 et
567 3002 813 3084 promontorium
831 3001 935 3062 tersus
955 3002 1102 3062 Imbrum
1108 3004 1280 3077 eminens,'
1323 3052 1326 3055 .

79 3083 261 3171 longissime
279 3111 296 3148 a
314 3087 441 3183 Thracia
459 3101 626 3188 remotum,
653 3107 730 3167 quae
747 3086 954 3173 praedonibus
974 3101 1005 3148 et
1021 3088 1126 3168 piratis
1144 3089 1256 3166 referta
1335 3166 1338 3170 .

81 3173 170 3258 erat),
187 3175 274 3234 huc'
265 3175 367 3256 igitur
377 3197 445 3234 cum
462 3175 651 3247 venissemus
668 3185 699 3232 et
713 3168 845 3255 latrones
865 3173 1084 3254 obsideremus,
1100 3175 1257 3256 profectus

78 3279 139 3338 per
164 3280 287 3320 omnem
314 3273 444 3321 vestram
463 3240 690 3319 Chersonesum
716 3271 747 3318 et
772 3259 920 3340 impetum
946 3258 979 3318 in
997 3279 1054 3320 nos
1078 3259 1208 3323 faciebat
1226 3273 1257 3320 et

81 3345 289 3423 praedonibus
315 3367 349 3407 ac
374 3345 478 3426 piratis
506 3342 726 3425 opitulabatur:
760 3364 861 3424 neque
885 3343 969 3425 prius
993 3366 1049 3405 nos
1079 3365 1257 3428 oppugnare

85 3428 210 3504 destitit,
230 3453 320 3512 quam
335 3432 443 3491 ducem
458 3443 592 3490 vestrum
604 3429 779 3494 adduxisset
792 3441 824 3489 et
838 3429 999 3520 co‘e'gisset,
1016 3446 1083 3490 non·
1095 3451 1129 3490 ea
1147 3431 1257 3513 lacere,

82 3516 162 3596 uuae
179 3517 309 3576 maxime
326 3515 414 3576 'vobis
433 3516 624 3596 expedirent:
650 3530 754 3595 neque
768 3515 815 3574 ab
825 3535 862 3574 eo
880 3510 1057 3597 persuaderi
1074 3515 1133 3576 sibi
1131 3536 1257 3601 passus

85 3611 151 3673 est,
163 3614 217 3677 ut,
244 3621 323 3682 quae
341 3601 497 3681 professus
517 3614 547 3661 et
564 3599 720 3681 pollicitus
740 3613 820 3675 erat,
848 3620 884 3661 ex
901 3599 963 3660 ulla
980 3613 1065 3703 parte
1083 3613 1256 3703 praestaret
1284 3622 1289 3629 ·

58 3757 67 3761 -
83 3683 219 3746 Proinde
236 3686 269 3747 id
287 3708 356 3746 cum
374 3683 586 3767 Cephisodoto
603 3685 723 3747 foedus
730 3685 817 3761 fecit,
844 3687 927 3767 quod
946 3707 1000 3747 vos
1018 3687 1060 3747 ita
1077 3687 1218 3786 graviter
1226 3697 1258 3747 et
1301 3692 1313 3730 Γ

84 3768 197 3851 iniquis
215 3772 329 3832 tulistis
348 3772 473 3844 animis,
490 3785 526 3832 ut
544 3771 642 3831 duci
632 3771 796 3852 imperium
814 3771 1018 3872 abrogaretis,
1036 3773 1149 3832 mulcta
1166 3771 1257 3852 quin-¹
1259 3843 1261 3847 Ι

86 3875 160 3934 que
161 3857 376 3918 talentorum'
366 3877 492 3958 ruspper
509 3856 643 3930 adiecta,
670 3869 701 3918 et
718 3877 774 3939 per
790 3859 848 3918 tria
865 3865 987 3919 tantum
1001 3857 1145 3940 suffragia
1163 3867 1256 3917 stete-

85 3941 139 4014 rit,
159 3963 227 4022 quo
242 3943 342 4003 minus
360 3944 465 4024 eapitis
485 3944 685 4004 damnaretur
727 3938 909 4018 Enimuero,
927 3943 1147 4016 Athenienses,
1167 3954 1257 4022 quant

71 4025 230 4104 ,abhorret
246 4027 285 4089 ab
304 4028 389 4088 omni
412 4029 550 4129 ratione,
570 4028 662 4089 alium
682 4027 722 4088 ob
740 4029 818 4090 sacta
842 4031 948 4091 eadem
972 4031 1116 4109 tanquam
1141 4027 1258 4087 malell-

88 4133 153 4172 cum
172 4125 234 4173 tam
253 4114 360 4175 acerbe
378 4114 492 4196 puniri,
509 4114 612 4188 alium,
630 4127 666 4175 ut
682 4114 929 4188 benemeritam,
947 4115 1112 4175 etiamnum
1129 4111 1257 4174 honori·
1297 4122 1300 4127 '

87 4195 141 4258 bus
160 4199 261 4260 affici?
279 4201 372 4273 Haec,
391 4221 467 4281 quae
487 4201 525 4260 de
543 4199 690 4261 casibus
680 4202 871 4282 rmperatoris
891 4200 971 4261 dicta
990 4210 1072 4272 sunt,
1089 4220 1160 4260 vere
1179 4215 1257 4259 ame

76 4282 155 4357 dici,
173 4303 229 4345 vos
240 4285 310 4366 ipsi
323 4298 416 4347 testes
436 4286 516 4346 estis.
532 4281 609 4347 Nam
627 4307 681 4346 vos
696 4298 726 4346 et
737 4285 926 4358 iudicabatis,
945 4297 976 4346 et
992 4284 1207 4368 repudiabatis,
1225 4296 1257 4343 'et
1279 4284 1338 4347 430

87 4359 342 4452 indignabamini:
364 4392 457 4451 quare
475 4371 616 4453 ignorare
633 4372 708 4434 haec
726 4393 795 4441 ιιοιι
812 4371 949 4493 potestis.
982 4370 1030 4434 De
1046 4368 1148 4482 rebus
1155 4380 1256 4465 autem
1310 4380 1315 4391 ’
