2722 4754
381 129 947 287 ,oo'urnamuoennuu
1065 282 1078 306 ἦ
1147 170 1252 251 ‘'ss-1

79 360 225 425 magnum
243 341 331 402 vohis
349 352 561 425 argumentum
578 339 694 413 dicam,
711 341 795 401 unde
813 352 970 423 appareat,
988 339 1254 407 non,dntimacho
1349 374 1353 380 ·

79 422 254 489 mutuatum
273 449 339 488 esse
356 439 472 508 patrem
489 426 571 486 illam
589 425 759 508 pecuniam,
777 428 831 487 sed
849 427 1152 531 Timotheo'iamiarp
1168 431 1263 491 solus

78 527 162 576 turo.
197 516 306 590 Utrum
332 513 413 577 enim
431 511 555 572 lucilius
577 511 715 572 futurum
734 511 957 594 putatispatri,
982 513 1144 595 publicatis
1163 514 1263 593 Anti:

71 596 181 661 vinachi
200 598 309 672 lionis,
326 617 478 671 asserere,
500 597 559 657 sibi
577 597 614 658 ab
632 618 670 658 eo
690 596 817 670 deberi,
829 597 856 656 si
873 597 1056 660 Antimacho
1074 614 1254 678 mutuasset,
1275 610 1338 669 259

78 709 120 748 an
138 683 330 766 exspectare,
355 685 427 743 dum
444 684 573 759 eandem
591 683 634 743 ab
646 683 706 744 isto
725 680 1097 766 locupletato·=recip'erct,
1117 687 1170 768 qui
1182 689 1254 770 'ipse
1327 719 1332 726 κ

52 773 137 832 ’ἰΙΙο
162 785 222 831 tem
260 791 300 856 ¹re
325 790 409 851 spem
434 771 472 828 de
495 769 593 828 salute
614 789 672 831 sua
696 768 892 851 perexiguam
909 767 1062 832 babebat?
1088 772 1254 836 Enimvero

33 883 44 899 s
79 859 197 938 sipost
230 866 319 927 asset,
337 876 403 917 non
418 853 575 931 defuisset,
592 855 677 914 unde
694 875 729 914 cx
746 875 862 934 sponso
879 866 992 937 ageret,
1010 875 1111 937 neque
1130 859 1159 919 ei
1176 861 1256 921 fides
1343 887 1347 891 ·

78 943 192 1004 fuisset
208 964 224 1000 a
241 940 328 1000 vohis
347 940 497 1022 abrogata.
529 939 618 1003 Scitis
638 938 717 1005 enim
737 960 860 1015 omnes,
878 948 995 1021 patient
1011 962 1114 1004 meum
1132 945 1280 1024 publica,
1342 937 1345 940 ⁴

80 1049 146 1088 uon
165 1027 278 1086 iniuste
297 1025 494 1105 concupisse:
528 1025 582 1087 sed
601 1027 640 1084 de
657 1046 714 1085 suo
733 1026 835 1099 vobis,
862 1026 984 1106 quoties
1001 1026 1178 1103 iuberetis,
1192 1031 1254 1090 ala·
1280 1062 1283 1066 ·
1315 1060 1325 1085 s

81 1114 176 1174 criter
193 1130 340 1193 erogasse.
357 1111 477 1171 Deinde
495 1109 648 1170 familiaris
668 1112 697 1171 ei
713 1111 773 1171 suit
792 1107 992 1186 Callistratus,
1009 1113 1062 1193 qui
1078 1114 1253 1176 Antimachi

80 1199 163 1259 bona
182 1196 361 1279 publicavit:
381 1215 485 1279 neque
500 1195 529 1256 ei
546 1197 720 1257 adversatus
738 1209 825 1258 esset.
839 1197 936 1273 ,Quid
952 1197 1013 1258 'sibi
1029 1200 1177 1262 voluisset
1195 1200 1253 1284 igi·-

77 1282 134 1345 ·tur
151 1284 251 1364 pater,
277 1295 314 1342 nt
330 1275 526 1364 Timotheum
543 1281 835 1363 potius-debitorem
854 1282 944 1342 uobis
960 1283 1141 1365 inscriptum
1158 1275 1254 1347 relin-

80 1381 207 1459 queret,
235 1368 294 1427 nisi
320 1367 349 1427 is
371 1365 544 1439 debuisset,
569 1388 658 1452 quam
683 1379 718 1426 ut
743 1386 766 1424 e·
782 1365 1138 1447 publicatls'dntimachi
1155 1367 1252 1433 bonis

79 1455 252 1537 postularet
269 1452 360 1532 atque
377 1451 550 1533 reciperet?
575 1453 622 1511 De
641 1451 724 1511 mille
742 1464 843 1512 autem
863 1452 1012 1513 drachmis
1022 1481 1041 1527 ,ι’
1050 1477 1124 1535 quas
1142 1468 1251 1517 mutuo
1295 1445 1320 1458 '⁶

75 1539 191 1600 ¹sumsit
208 1537 253 1602 ab⁴
264 1536 438 1618 A‘ntipbane
456 1534 490 1596 iu
508 1533 661 1612 Calauria,
681 1551 722 1605 ¹ut
739 1537 824 1603 ihten
836 1537 1188 1602 Boeotios‘trierarchos
1206 1541 1252 1601 di·
1318 1572 1329 1581 ·

78 1625 258 1695 stribueret,
281 1623 341 1683 huc
357 1633 504 1689 venturus
522 1623 564 1682 ad
578 1622 724 1701 iudicium
743 1622 831 1706 (quas
851 1623 941 1684 etiam
958 1625 1093 1697 reddidit
1110 1625 1254 1710 Philippo
1346 1636 1353 1647 ⁴

79 1709 286 1781 naviculario,
311 1707 362 1768 hic
384 1719 562 1787 acceptasse
584 1722 668 1788 patre
687 1708 787 1794 meo),
814 1709 1186 1772 Boeotiummatarchum
1212 1711 1255 1773 ait

81 1797 178 1856 inisse
205 1795 375 1855 mutuatum
403 1778 516 1873 cl¹pro
543 1812 577 1852 ea
603 1793 732 1876 pecunia
757 1794 835 1875 patri
860 1815 930 1854 meo
954 1794 1007 1856 'aes
1029 1797 1255 1881 oppignerasse.

81 1882 162 1940 Eum
181 1893 282 1939 autem
299 1889 494 1959 non-vetum·
505 1877 618 1961 dicore,
633 1899 744 1962 magno
760 1879 847 1940 vobis
864 1894 1045 1963 argumento
1064 1884 1253 1944 demonstra-

82 1966 133 2024 bo.
167 1965 301 2024 Primum
315 1975 455 2037 constat,
480 1963 572 2030 istum
591 1965 628 2024 ‘in
647 1961 784 2025 Calauria
807 1966 873 2025 esse
897 1979 1068 2027 mutuatum
1085 1968 1253 2031 illasmille

82 2049 254 2122 drachmas,
285 2062 315 2109 ct
332 2070 397 2109 non
413 2049 577 2108 Boeotium
595 2049 792 2110 navarchum:
809 2051 936 2111 =deinde
953 2052 1197 2136 Philippumxhic
1215 2053 1252 2114 ab
1270 2060 1276 2065 ’

39 2173 44 2189 ,
81 2136 144 2195 isto
162 2133 320 2215 repetiisse
338 2133 420 2193 mille
440 2133 610 2208 dunchmas‚
633 2130 665 2194 et
680 2155 746 2194 non
764 2156 780 2195 a
797 2135 930 2194 Boeotio
948 2135 1115 2212 navarcho,
1134 2151 1166 2198 et
1182 2139 1253 2198 red·
1325 2142 1337 2182 Ἰ

57 2254 71 2266 ··
82 2220 197 2280 didisse
215 2219 322 2292 istum,
340 2240 404 2278 non
420 2218 585 2295 Boeotium
603 2218 793 2289 nauarchum.
814 2221 873 2278 Par
889 2220 970 2280 enim
990 2234 1069 2297 erat,
1085 2222 1258 2283 boeotium*

81 2305 269 2388 praesectum
295 2304 339 2397 ab)
355 2303 414 2363 isto
439 2303 613 2364 alimoniam
635 2303 667 2363 in
686 2324 777 2364 naves
795 2302 939 2386 accipere.
972 2308 1019 2366 De
1037 2305 1252 2385 communibus

83 2391 165 2452 cuim
192 2389 316 2455 tributis
341 2388 487 2452 exercitui
510 2388 659 2469 stipendia
674 2388 898 2470 solvebantur:
932 2389 1092 2472 pecuariam
1116 2413 1190 2459 vero
1217 2406 1253 2454 tu

84 2497 207 2552 omnem
232 2497 247 2534 a
272 2473 361 2534 sociis
386 2475 560 2557 redegeras,
583 2486 614 2535 et
636 2473 694 2534 tibi
719 2464 782 2557 ipsi
801 2476 944 2537 rationes·
961 2477 1140 2539 referendae
1159 2484 1257 2539 erant‘

84 2567 144 2622 lam
163 2559 300 2622 Boeotiis
320 2559 446 2620 navibus
464 2559 610 2635 reversis,
636 2573 667 2621 et
685 2554 832 2620 militibus
851 2561 989 2643 dilapsis,
1013 2564 1146 2624 Boeotio
1164 2584 1253 2646 prae·
1318 2623 1321 2626 ,

83 2648 165 2708 fecto
184 2646 260 2705 nihil
279 2645 315 2704 ab
334 2645 573 2705 Atheniensibus
591 2643 719 2726 periculi
736 2644 853 2721 suisset,
875 2668 977 2729 neque
994 2647 1020 2707 is
1039 2643 1134 2708 ullum
1152 2649 1184 2709 iu
1202 2649 1252 2710 iu·

49 2800 53 2809 f
84 2731 198 2793 dicium
216 2743 340 2792 vocatus
358 2730 490 2792 suisseta
501 2731 559 2791 tibi
575 2752 648 2791 vero
665 2730 775 2814 ingens
793 2731 955 2817 discrimen
972 2733 1169 2808 inserebatur,
1188 2734 1252 2816 qui,
1305 2802 1313 2813 „

84 2831 170 2879 metu
188 2831 346 2890 aestuans,
364 2816 395 2875 iu
406 2816 605 2881 Boeotiarum
620 2815 790 2876 triremium
808 2819 1038 2898 permansione,
1056 2820 1153 2880 donec
1171 2814 1255 2880 iudi-s
1327 2880 1329 2883 .

37 2932 40 2941 ·
83 2904 165 2964 cium
180 2904 218 2962 de
231 2915 262 2962 te
278 2903 375 2975 fieret,
387 2924 529 2983 magnum
541 2902 727 2962 defensionis
740 2903 923 2982 praesidium
935 2903 1113 2965 collocabas.
1126 2904 1266 2965 Deinde.

64 2987 313 3072 ‘quamnam-ub
344 2987 505 3047 amicitiam
535 2999 622 3068 pater
643 2986 776 3065 Boeotio
808 2988 958 3048 navarcho
987 2988 1070 3050 mille
1096 2989 1251 3051 drachmas

33 3115 36 3123 ·
81 3086 269 3147 mutuasset,
287 3071 377 3153 quem
393 3073 588 3133 nonnos-at?
610 3073 653 3132 At
671 3073 887 3154 oppignerasse
905 3094 974 3134 eum
993 3073 1035 3134 ait
1051 3068 1109 3135 aes.
1145 3075 1276 3163 Quama¹

47 3207 54 3213 ,
82 3162 151 3220 turn
176 3160 314 3239 taudem,
340 3171 393 3218 aut
416 3157 600 3229 cuiusmodi,
627 3170 680 3218 aut
702 3159 786 3218 uude
809 3159 932 3219 allatum
956 3158 1033 3218 illud
1050 3180 1101 3220 aes
1118 3160 1250 3221 Boeotio

40 3235 47 3247 ³
84 3243 258 3306 navarcho?
275 3246 385 3303 Utrum
399 3242 671 3325 ex‘uegotiatione,
689 3247 762 3309 aua
780 3244 905 3324 captivis
923 3244 1100 3326 acceptum?
1118 3247 1179 3304 lam
1197 3244 1251 3326 qui
1314 3244 1327 3256 ⁶

82 3333 189 3402 suere,
208 3329 333 3410 qut-aco
346 3329 514 3389 attulerunt
530 3328 569 3387 ad
586 3338 702 3409 patrem
720 3329 843 3407 meum?
868 3330 977 3389 Utrum
996 3329 1201 3403 mercenarii,¹
1212 3352 1250 3391 an

46 3450 50 3455 ·
82 3408 266 3496 scirtiiaut
283 3415 350 3494 quis
369 3426 543 3474 nostrorum
568 3411 761 3473 servitiorum
778 3414 810 3473 id
828 3414 964 3495 accepit?
994 3412 1141 3495 Oportuit
1159 3413 1250 3488 euim,
1272 3420 1336 3475 260

82 3503 109 3562 si
134 3502 214 3561 servi
237 3500 428 3572 attulissent,
454 3519 523 3572 eos,
549 3497 602 3578 qui
625 3492 814 3572 attulissent,
840 3499 966 3559 dedere:
992 3499 1040 3558 sin
1063 3498 1251 3574 mercenarii,

55 3587 59 3592 “
83 3609 155 3647 enm
180 3608 197 3646 e
222 3598 330 3645 nostro
355 3584 521 3657 famulitio,
548 3583 601 3663 qui
625 3584 790 3666 accepisset
806 3605 856 3647 aes
875 3598 906 3644 et
923 3578 1132 3665 expendisset,
1157 3578 1251 3666 expo·
1327 3597 1338 3603 ·

76 3692 177 3733 ‘scere
206 3671 317 3750 Neque
335 3670 416 3731 enim
433 3669 573 3750 profecto
591 3668 639 3728 vel
658 3669 698 3742 is,
717 3669 770 3748 qui
788 3669 1022 3752 oppignerabat,
1040 3671 1154 3750 absque
1173 3688 1251 3752 pon-

82 3759 157 3818 dere
175 3756 353 3838 traditurus,
376 3754 424 3815 uel
436 3761 528 3835 'pater
545 3753 712 3834 meus-ipse
730 3755 760 3826 id
779 3755 827 3817 vel
846 3755 1082 3838 gestaturusvel
1100 3756 1266 3836 pondera.

57 3858 60 3863 '
82 3857 171 3919 turus
188 3842 260 3902 fuit:
279 3842 332 3901 sed
346 3840 452 3900 famuli
469 3839 498 3898 ei
515 3839 649 3913 luerunt,
661 3839 850 3919 ''quimutuo'
859 3841 946 3902 datae
961 3840 1109 3921 pecuniae
1123 3841 1253 3923 pignora
1306 3858 1330 3877 '⁸

82 3929 265 4010 acciperent
296 3926 441 3987 Demiror
458 3946 515 4008 ego
535 3925 641 3999 etiam,
658 3947 817 4004 quamnam
837 3926 877 3986 ob
896 3947 1014 3986 causam
1032 3925 1180 3989 Boeotius
1198 3945 1253 3984 na-

43 4036 49 4048 ’
82 4013 212 4076 varohus
237 4034 286 4073 aes
308 4012 389 4072 illud
411 4006 583 4093 patri'meo
602 4010 855 4092 oppigneraturus
873 4011 999 4083 fuisset-,¹
1010 4050 1013 4057 ι
1024 4031 1092 4089 cum
1110 4010 1253 4091 Philippo

82 4098 171 4167 inille
190 4099 351 4159 drachmas
378 4096 529 4160 deberet·
552 4098 661 4155 Utrum
687 4097 770 4176 quod
795 4096 953 4177 Philippus
981 4095 1094 4156 invitus
1119 4095 1253 4157 fautums

33 4184 38 4194 ’
83 4197 168 4261 erat,
195 4197 231 4243 ut
256 4206 377 4245 usuram
402 4181 569 4263 acciperet,
596 4181 622 4240 si
644 4202 785 4242 nummos
811 4182 844 4241 in
867 4193 935 4243 tuto
958 4180 1193 4261 collocasset-et
1214 4180 1252 4246 ad
1344 4232 1348 4239 ,

82 4272 211 4355 pignus:
230 4291 269 4330 an
287 4270 369 4351 quod
387 4268 515 4351 pecunia
526 4267 669 4348 Philippo
687 4288 751 4327 non
769 4266 847 4328 suit?
863 4265 997 4327 Proinde
1016 4266 1264 4348 quiduer'atpcnr'
1326 4302 1330 4313 ι

33 4404 41 4410 .,
84 4355 235 4436 Boeotius
245 4355 305 4431 ,ille
322 4354 489 4416 navarchus
507 4365 624 4434 epatre
642 4375 712 4429 meo
726 4365 868 4415 mutuum
884 4365 994 4427 oraret,
1007 4350 1253 4434 quodIPltibppo
1351 4399 1353 4421 ,

1002 4444 1344 4549 36,.,,
