2746 4748
145 182 208 243 694
544 180 910 259 neuosunssffls
1008 224 1011 229 -

144 356 213 397 sum
230 333 381 397 incitatus.
415 336 492 396 Peto
510 350 629 413 autem,
651 351 705 411 ut,
728 337 782 419 qui
798 336 940 419 privatim
962 336 1017 397 illi
1036 334 1148 415 iniqui
1164 348 1301 412 sunt,rera

144 430 177 481 et
190 439 288 501 aequa
300 420 339 482 de
352 441 390 482 eo
403 421 509 483 andire
523 444 588 484 non
600 437 772 507 graventur.
800 422 866 483 Nec
876 421 982 497 euim,
1000 420 1231 495 Athenienses,
1244 421 1301 504 lgm

144 526 211 567 rare
230 505 366 581 debetis,
393 506 609 571 existimationi
624 508 710 573 urbis
729 530 766 569 ex
782 508 846 583 bis,
870 528 953 588 quae
975 506 1016 584 in
1032 507 1110 567 eins
1130 505 1239 567 liberos
1253 506 1307 567 lam

144 603 235 666 suut,
252 590 353 653 labem
370 593 519 675 adspergi
545 593 644 657 Nemo
663 596 745 657 enim
764 590 957 655 Graecorum
977 593 1137 675 ignorat,
1152 612 1209 653 ros
1225 591 1308 653 sireni

143 676 286 779 Lycurgo
303 698 439 739 summos
456 678 590 741 bonores
608 679 768 745 babuisse:
790 698 921 759 cumque
940 677 1145 760 eiplnrirna
1162 676 1307 738 criminari

145 784 212 825 etus
229 762 340 823 invidis
358 762 630 847 impingerentur,
654 766 780 829 nullum·
791 786 924 845 unquam
942 784 1064 825 verum
1086 762 1307 844 deprehendite

143 860 259 911 nutam
276 860 379 909 autem
395 848 487 909 fidem
506 848 648 911 babuisse
667 864 697 913 et
713 868 784 933 prae
798 848 940 913 omnihus
962 849 1167 931 popularem
1185 848 1305 919 indictus,

145 946 181 995 nt
198 933 236 994 tle
253 932 358 995 multis
376 935 473 995 causis
492 957 509 995 e
527 936 593 997 sola
609 937 741 1021 Lycurgi
763 935 969 997 affirmatione
990 935 1196 1003 sententiam
1212 933 1309 1003 [ιιιιιὶι1
1353 980 1355 985 .

146 1038 242 1099 eaque
259 1016 347 1080 robis
370 1019 554 1091 satisesset
590 1022 623 1081 ld
642 1023 726 1103 quod
744 1021 867 1081 minime
890 1019 1075 1095 fecissetis,
1109 1019 1175 1097 uisi
1192 1018 1265 1079 robis
1279 1018 1309 1077 ri·
1353 1082 1355 1093 ¹

145 1126 197 1167 sus
214 1103 323 1165 luisset
339 1103 433 1164 bomo
451 1104 675 1189 integerrimus.
708 1106 798 1175 Nunc
815 1105 911 1188 igitur
928 1127 1070 1179 omnes,
1099 1105 1161 1186 qni
1178 1104 1252 1165 filios
1266 1104 1309 1165 ein

145 1190 180 1253 in
202 1188 331 1251 vinculis
357 1210 423 1251 esse
447 1190 594 1267 audiunt,
626 1205 658 1253 st
682 1192 861 1269 defunctum
883 1188 1085 1269 miserantur
1115 1203 1152 1251 et
1176 1190 1310 1251 liberorru

147 1274 231 1348 eins,
265 1287 387 1337 utcnm
405 1276 515 1357 quibus
534 1276 639 1359 inique
657 1290 781 1359 agatur,
816 1276 912 1337 vicem
931 1276 1072 1351 dolent:
1108 1297 1172 1339 ¹vus
1191 1288 1310 1337 vernus

146 1357 254 1421 acerbe
271 1358 475 1435 insectantur,
499 1374 535 1421 ut
551 1382 610 1445 ego
626 1362 760 1425 scribere
778 1383 844 1437 non¹
859 1360 966 1435 ausim.
982 1390 985 1395 ·
1005 1361 1096 1425 Nam
1118 1384 1176 1436 ea,
1200 1382 1268 1442 qnae
1279 1361 1312 1421 ie-

146 1444 225 1505 ritns
244 1444 336 1505 audio
355 1457 387 1505 et
404 1458 530 1527 propter
546 1468 601 1527 ros
620 1446 1019 1528 defendendca,.quautnm
1031 1469 1201 1529 possum,
1223 1446 1313 1507 refuto:
1353 1484 1355 1525 3

147 1541 274 1592 eatenus
292 1530 431 1601 utrobis
450 1531 600 1605 indicem,
629 1533 742 1592 multos
761 1552 845 1605 esse,
869 1553 885 1592 a
911 1530 1030 1610 quibus
1048 1530 1314 1614 reprehendamini,

147 1615 232 1697 quod
255 1615 333 1675 scitu
355 1615 443 1676 vobis
469 1639 535 1677 esse
560 1617 647 1677 utilia
670 1617 857 1691 iudicabam,
888 1616 1009 1697 scripsi
1047 1619 1154 1695 Quae
1179 1638 1244 1678 vero
1263 1616 1315 1675 sins

147 1699 287 1761 conuicio
305 1700 522 1781 a'quibusdam
540 1702 693 1775 dicuntur,
711 1716 743 1762 et
759 1702 863 1762 auditu
882 1702 947 1762 lore
966 1701 1066 1763 utilia
1087 1703 1186 1763 vobis
1203 1701 1315 1770 arbitror,

147 1785 334 1869 significabo.
369 1786 468 1847 Nemo
485 1809 539 1848 vos
558 1809 614 1869 per
631 1808 766 1848 errorem
791 1799 823 1847 et
839 1786 1041 1869 ignoratione
1064 1788 1142 1848 veri
1161 1788 1203 1847 ita
1219 1788 1253 1848 de
1265 1786 1311 1866 ipso

148 1872 288 1956 Lycurgo
307 1884 440 1932 statuere
459 1873 624 1933 existimat:
641 1894 710 1933 nam
729 1884 760 1933 et
776 1872 903 1954 longum
917 1873 1085 1953 temporis
1106 1874 1255 1955 spatium,
1268 1890 1310 1951 qro

149 1956 322 2037 exploratus
339 1957 417 2016 nibil
434 1980 567 2038 unquam
586 1950 694 2019 contra
708 1979 761 2018 vos
780 1957 829 2017 vel
844 1948 981 2039 cogitare
999 1957 1053 2018 vel
1075 1979 1179 2042 agere
1197 1959 1310 2018 iniustus

149 2041 356 2122 deprehensus
377 2055 438 2115 est,
471 2057 501 2104 et
518 2042 612 2118 illud,
642 2043 724 2124 qnod
744 2042 916 2123 mortalium
934 2062 1034 2105 neruo
1054 2044 1139 2104 ullis
1158 2044 1225 2105 aliis
1240 2044 1309 2102 inre-

149 2125 207 2187 bus
230 2147 284 2186 vos
309 2128 442 2208 stuporis
467 2126 577 2211 arguit,
602 2128 712 2189 merito
735 2128 822 2187 istam
845 2125 935 2187 tollit'
951 2126 1169 2208 ignorantiae
1193 2126 1308 2208 suspicio

148 2230 227 2273 nem.
261 2211 494 2295 transigitur,
518 2214 602 2293 quod
620 2226 726 2279 omues
742 2212 825 2279 band
842 2210 1123 2293 frugithnminuru
1144 2236 1212 2276 esse
1228 2215 1308 2281 diust

148 2307 185 2358 nt
200 2294 350 2378 tantisper
366 2297 514 2377 cuiusque
532 2299 741 2372 curam-dum.
753 2298 819 2362 elus
836 2296 922 2357 robis
940 2312 1110 2373 ususest,
1128 2320 1221 2383 agere
1238 2298 1309 2358 vite

148 2380 234 2455 mini,
252 2395 323 2463 post
334 2382 448 2443 nullam
461 2384 611 2445 rationem
624 2383 772 2455 habeatis,
786 2384 884 2458 Quom
899 2381 981 2443 enirn
998 2382 1103 2445 aliam
1120 2406 1176 2446 vos
1191 2384 1305 2445 delnnstt

147 2467 275 2551 gratiam
292 2467 441 2528 relaturos
460 2483 699 2537 consentaneum
717 2481 784 2540 est,
811 2490 879 2537 cum
898 2466 1114 2537 eiusliberos
1138 2485 1172 2531 et
1190 2469 1308 2530 existim-

148 2553 266 2615 tiouem
290 2553 371 2615 laedi
392 2554 565 2628 videamus,
590 2570 666 2635 quae
683 2554 828 2626 sola.,..ut
851 2553 973 2619 intuto
994 2554 1224 2627 collocentur,
1245 2553 1308 2613 uisu

149 2637 352 2707 morientibus
371 2638 512 2700 omnibus
532 2660 621 2700 curae
638 2639 732 2703 suut?
763 2640 898 2713 lam-nec
915 2637 994 2705 illud
1015 2638 1187 2715 bonorum
1206 2639 1307 2699 rirorm

149 2735 206 2797 est,
223 2737 262 2787 ut
276 2723 333 2785 ista
350 2724 496 2805 pecuniae
514 2724 608 2809 gratia
624 2724 722 2785 iacere
738 2724 910 2785 videantur:
928 2721 1072 2802 id-,qund
1094 2747 1204 2806 meque
1222 2719 1306 2804 magul-

149 2808 258 2875 tudini¹
268 2809 361 2869 animi
379 2821 515 2882 vestrae,
536 2832 593 2879 nec
610 2810 729 2890 reliquo
749 2809 826 2877 vitae
837 2807 985 2887 -ipstituto
1006 2830 1197 2892 congruere
1213 2825 1307 2891 appart-

150 2894 203 2956 bit
232 2895 308 2954 Nam
325 2894 352 2954 si
368 2894 455 2955 vobis
474 2895 519 2954 illi
537 2896 614 2956 tanti
631 2895 669 2956 ab
687 2893 752 2955 aliis
763 2892 940 2959 redimendi
958 2907 1111 2959 essente
1131 2909 1234 2961 vestro
1248 2912 1307 2952 aera

149 2979 196 3040 rio
215 2981 373 3061 depromta
391 2980 536 3060 pecnnia,
571 2981 604 3041 id
621 3002 675 3040 vos
694 3000 801 3039 omnes
819 2978 927 3058 cupide
945 2977 1090 3043 facturos
1112 2981 1307 3041 existimarem:

150 3065 188 3126 de
206 3086 245 3125 eo
263 3070 353 3139 v'ero,
370 3065 455 3145 quod
471 3087 527 3147 per
544 3065 724 3129 calumniam
741 3077 774 3124 et
791 3085 827 3125 ex
844 3062 1098 3131 invidiaiactum
1119 3067 1184 3139 sit,
1201 3086 1257 3125 non
1272 3061 1306 3118 lu

151 3149 230 3224 beo,
250 3150 326 3232 quid
342 3164 488 3225 ¹statuam,
512 3150 571 3210 nisi
588 3172 712 3232 prorsus
731 3149 837 3215 acerbe
856 3147 998 3209 insectari
1018 3161 1058 3209 et.
1069 3151 1257 3229 proturbare
1270 3165 1308 3227 po

66 3240 128 3301 ttr
151 3234 271 3318 pulares
289 3235 429 3296 homiues
447 3235 631 3298 instituistis.
666 3236 759 3311 Quod
777 3234 804 3294 si
820 3236 862 3295 ita
880 3247 943 3307 est,
970 3252 1079 3313 neque
1099 3250 1210 3310 recte,
1234 3249 1309 3310 nequ

150 3321 269 3383 utiliter
285 3321 384 3382 facere
403 3321 587 3382 decrevistis.
621 3321 718 3387 Miror
734 3333 855 3392 autem,
881 3318 908 3378 si
932 3338 1025 3385 nemo
1045 3334 1195 3381 vestrum
1214 3317 1310 3399 cogitat,

151 3419 242 3489 turpe
259 3425 343 3480 esse,
377 3420 413 3467 ut
430 3407 563 3487 populus
580 3406 795 3478 Atheniensis,
825 3402 993 3487 sapientiae
1014 3403 1247 3487 doctrinaeque
1261 3399 1309 3481 opi

92 3506 95 3513 '
152 3492 245 3553 nione
269 3505 424 3574 praestans
449 3493 608 3566 omnibns,
636 3492 675 3551 ad
698 3511 789 3571 quem
813 3489 845 3555 in
868 3487 1096 3555 calamitatibus
1125 3482 1311 3571 tanquanal

152 3599 314 3641 commuue
331 3578 449 3660 asylum
468 3577 594 3660 confugi
611 3577 700 3649 solet,
717 3575 861 3655 Philippo
877 3573 1080 3641 inhumanior
1099 3575 1260 3639 videatur:
1275 3566 1312 3651 qul

111 3660 113 3664 ⁴
151 3664 203 3747 (ut
219 3663 251 3723 iu
269 3676 420 3745 potestate
437 3665 519 3744 regia
535 3664 695 3723 educatum
713 3660 876 3741 probabile,
885 3655 980 3740 est)-.a
996 3658 1132 3727 nemine
1148 3659 1312 3723 admonius

152 3761 270 3821 umen,
289 3770 357 3809 cum
376 3747 594 3810 secundissima
610 3748 733 3808 fortuna
743 3757 938 3817 ,usus-esset,
959 3743 1170 3807 humanitatis
1188 3767 1224 3807 se
1240 3740 1313 3803 marl·

152 3856 201 3897 me
225 3855 292 3896 esse
317 3854 483 3895 memorem
508 3846 652 3914 oportere
677 3831 812 3904 censuit,
838 3829 875 3891 ab
894 3829 948 3901 iis,
975 3828 1030 3908 qui
1052 3830 1209 3893 adversus
1233 3830 1311 3921 ipsust

152 3920 185 3981 in
202 3919 267 3981 acie
284 3930 452 3992 steterant,
469 3931 500 3979 et
517 3941 586 3981 cum
604 3917 716 3998 quibus
735 3918 772 3977 de
790 3936 906 3977 summa
923 3935 1026 3979 rerum
1045 3915 1259 4000 depugnant,
1272 3930 1314 3989 qut
1353 3910 1355 3925 '

152 4005 315 4070 et.cuiates
334 4017 453 4079 essent,
470 4025 570 4083 neque
588 4002 782 4084 perquirere,
799 4020 899 4080 neque
916 3998 1048 4081 prodere
1067 4021 1176 4063 ausus
1200 3996 1313 4063 Enna

151 4103 188 4152 nt
204 4102 345 4173 apparet,
361 4111 443 4162 non,
460 4103 496 4151 ut
512 4089 650 4171 plerique
668 4087 761 4151 vestri
778 4101 936 4158 oratores,
953 4085 1060 4165 eadem
1076 4086 1119 4145 -in
1139 4107 1249 4147 omnes
1263 4098 1312 4143 esst

151 4175 200 4237 vel
226 4175 304 4237 iusta
326 4175 378 4236 vel
401 4175 528 4236 honesta
553 4174 694 4256 putabat:
719 4173 774 4234 sed
798 4170 916 4233 ratione
935 4169 1038 4230 babita
1053 4171 1223 4255 dignitatis
1240 4167 1312 4231 etia·

150 4260 445 4333 taliaconclndebat
460 4274 493 4321 et
508 4260 699 4321 decernebat·
732 4261 932 4330 vosautem,
951 4255 1101 4336 quiescis
1122 4256 1312 4320 Athenienses
1353 4300 1355 4321 .

145 4363 177 4413 et
194 4338 317 4419 liberali
335 4345 478 4411 doctrina
491 4344 760 4437 perpolitr,.-quae
774 4343 915 4423 ,stupidos
926 4340 1027 4409 etiam
1037 4341 1170 4453 efficere
1188 4334 1312 4405 tolerabl-
