2746 4748
137 161 236 252 ιιι
301 156 305 161 ’
420 181 784 257 ιιιιοιιιιιιιιι
819 152 1011 259 orario

136 326 285 443 g'pmenta
306 338 445 400 maxima
454 339 604 420 probandi
626 336 795 399 testimonii
817 337 983 420 confugere
1004 335 1213 396 voluerimus:
1237 335 1292 408 iste,

139 427 185 488 his
203 424 344 487 omnibus
362 425 552 498 detrectatis,
575 443 608 482 se
625 424 742 484 sactum
754 422 901 484 iudicium
919 421 1139 482 calumniando
1158 433 1198 480 ιι
1206 440 1290 480 meon

137 496 246 573 testem
261 511 428 573 accusando
446 522 666 610 persuasurum
676 508 763 568 vobis
781 528 847 571 esse
863 520 959 589 putat,
975 519 1012 567 ut
1028 527 1103 567 euna
1121 505 1290 566 condemne-

40 624 60 667 ¹,
136 598 190 671 tis,
213 617 246 657 re
264 594 402 676 profecto
421 595 558 654 omnium
576 606 606 654 et
624 587 811 692 iniquissima
830 607 861 654 et
877 592 1113 652 sceleratissima
1131 592 1290 672 composita.

136 680 247 741 Nam
217 701 315 761 lpse
328 678 422 739 falsos
444 691 537 739 testes
563 678 696 738 instituit
721 678 767 738 his
793 678 831 738 de
855 678 965 752 rebus,
990 675 1213 737 communibus
1236 696 1289 736 cun

137 765 273 826 Onetore
298 756 388 826 affine
414 775 445 823 et
466 764 647 823 Timocrate·
657 763 822 823 sumtibus:
849 784 906 822 nos
930 782 1024 834 vero,
1047 760 1119 820 eius
1137 761 1184 819 rei
1199 758 1321 847 ignari,
1319 752 1321 825 i

136 861 403 931 computaremus,
421 848 486 907 de
462 864 543 928 apso
562 848 738 909 {estimonio
757 848 823 908 fore
841 848 997 928 iudicium,
1015 846 1151 906 testibus
1171 846 1210 906 de
1225 857 1288 906 tute·

135 936 182 995 lae
200 932 328 1015 pecunia
346 953 427 1004 nunc
443 932 585 993 instructi
602 954 665 992 non
683 954 793 992 sumus.
837 922 1028 1014 Quamquam
1050 944 1159 991 autem
1176 931 1244 1003 iste,
1258 930 1287 988 sit

55 1072 56 1079 ,
137 1031 172 1080 ιιι
190 1017 337 1117 exposui,
358 1017 539 1078 veteratorie
559 1017 635 1099 egit:
664 1029 764 1077 tamen
782 1038 830 1076 me
850 1024 1044 1076 ostensurum
1061 1015 1156 1075 facile
1176 1015 1286 1112 confitq

83 1116 87 1125 “
138 1124 207 1164 enm
225 1101 387 1162 iustissime
406 1104 638 1163 condemnatum
658 1122 738 1176 esse,
763 1121 825 1161 non
845 1121 900 1174 eo,
918 1101 1002 1181 quod
1021 1100 1151 1184 Milyam
1171 1097 1285 1179 torqueri

137 1187 300 1258 vetuerint,
328 1207 428 1266 neque
452 1188 535 1266 quod
560 1187 688 1247 liberum
714 1208 782 1246 eum
807 1206 872 1244 esse
896 1185 934 1245 sit
953 1183 1134 1257 consessus,
1159 1182 1285 1265 idquehi

69 1256 82 1353 '-
137 1284 230 1334 testes
248 1271 440 1344 affirmarint,
476 1272 529 1331 sed
547 1273 630 1351 quod
653 1284 685 1330 et
701 1271 862 1335 multarum
878 1259 1051 1369 rapinarum
1071 1270 1232 1330 convictus
1248 1278 1285 1337 ea,

57 1376 60 1387 ·
137 1378 194 1417 nce
212 1357 351 1429 domum,
386 1356 432 1417 uti
450 1369 481 1415 et
497 1356 580 1438 leges
599 1355 707 1415 iubent
726 1369 757 1416 et
773 1367 860 1437 pater
877 1376 960 1414 meus
977 1355 1011 1414 in
1028 1366 1220 1416 testamento
1235 1373 1284 1433 per·

136 1441 314 1522 scripserat,
332 1439 469 1517 elocavit,
487 1453 522 1500 ut
541 1460 597 1522 ego
616 1438 702 1499 vohis
721 1440 799 1500 clare
818 1440 982 1499 ostendam
1017 1439 1099 1499 Nam
1119 1439 1208 1519 haec,
1223 1437 1283 1519 lego

116 1527 260 1607 linquam
281 1537 312 1585 et
330 1524 568 1607 magnitudinem
594 1525 729 1605 direptae
747 1524 810 1584 ah
801 1524 872 1584 istis
883 1524 1049 1604 pecuniae,
1077 1523 1180 1604 palam
1204 1523 1283 1584 vitus

136 1623 201 1682 erat
215 1608 374 1669 omnihus:
392 1609 515 1708 Milyam
532 1630 616 1682 vero,
634 1609 702 1688 quis
721 1622 809 1682 esset,
827 1630 918 1669 nemo
936 1622 1032 1669 norat.
1058 1608 1102 1669 Et
1119 1608 1225 1668 haee'
1215 1620 1250 1667 ιιι
1261 1623 1283 1664 ιι

136 1694 264 1776 hibere,
288 1716 325 1754 ex
341 1693 545 1754 accusatione
550 1695 719 1776 intelligite.
750 1695 775 1753 F
764 1715 833 1776 go,
855 1693 1069 1767 ludices,'1sti
1087 1693 1236 1754 iudicium
1249 1704 1280 1751 ιι

136 1780 214 1855 telae
233 1779 361 1852 dictavi,
384 1800 448 1839 uon
471 1801 532 1840 una
556 1801 670 1839 summa
693 1778 877 1860 composita,
903 1778 1169 1859 quemadmodum
1185 1777 1281 1838 seusu

135 1864 245 1944 aliquis
270 1864 471 1925 calumniandi
497 1864 667 1938 studiosus,
696 1865 750 1925 sed
776 1863 895 1944 singula
919 1863 1104 1923 nominatim
1131 1857 1283 1944 perscripti,

135 1951 218 2028 unde
234 1949 393 2028 acceperit,
412 1961 443 2007 ιι
458 1955 618 2027 quantum,
633 1963 664 2009 et
674 1969 690 2008 a
701 1969 777 2028 quo:
796 1965 856 2011 nec
863 1969 990 2028 usquam
1006 1948 1165 2039 adscripsi
1171 1946 1282 2043 Μίιιιιι,

135 2046 171 2094 ut
187 2032 279 2115 ullius
298 2033 404 2109 harum
417 2053 522 2093 rerum
540 2033 702 2093 conscium.
744 2021 835 2094 Est
822 2046 921 2094 antem
944 2033 1153 2095 accusationis
1159 2016 1245 2091 hoe
1235 2027 1281 2088 rni-

59 2162 66 2171 .
128 2119 230 2178 tium:
260 2118 307 2176 Ι)ι
326 2116 371 2177 his
390 2129 509 2191 accusat
526 2118 748 2178 Demosthenes
765 2117 947 2219 Aphobum·
979 2116 1076 2178 hahet
1094 2137 1188 2177 mean
1203 2133 1278 2195 pecu

32 2229 35 2234 ·
135 2202 216 2262 niam
234 2199 383 2281 Aphohus
400 2201 517 2260 tutorio
535 2201 676 2276 nomine,
704 2202 858 2302 octoginta
875 2203 989 2275 minas,
1014 2202 1130 2262 dotem
1149 2199 1240 2261 mattis
1254 2218 1283 2257 ιι

114 2285 316 2346 'testamento
335 2271 433 2365 patris,¹
445 2298 603 2367 acceptam
635 2287 717 2346 Haeo
734 2288 830 2367 prima
846 2287 974 2368 pecunia
993 2299 1057 2359 est,
1076 2309 1140 2366 qua
1157 2296 1204 2345 r'ne
1218 2283 1282 2343 irau-

136 2365 239 2430 datum
265 2390 384 2449 queror.
418 2371 524 2430 Testes
542 2391 623 2430 vero
650 2372 723 2449 quid
750 2372 908 2433 dixerunt?
937 2371 1137 2444 Affirmant,
1152 2391 1185 2430 se
1209 2367 1282 2429 tuisse

133 2457 213 2537 apud
230 2454 439 2515 Notharehu'm
452 2454 609 2554 arbitrum,
625 2478 693 2516 eum
706 2455 856 2536 Aphohus
872 2478 888 2517 a
905 2469 990 2537 patre
1006 2477 1079 2516 meo
1091 2453 1283 2516 Demosthene

66 2549 106 2605 28
132 2540 349 2601 manumissum
368 2560 433 2600 esse
428 2539 574 2639 'Milyam
593 2542 796 2601 confiteretur.
832 2538 998 2624 Cogitate
989 2541 1086 2622 agitur
1103 2561 1179 2601 cum
1196 2532 1310 2599 animia

134 2625 259 2698 vestris,
290 2624 450 2704 numquis
469 2637 521 2684 aut
539 2639 655 2698 orator,
685 2638 738 2684 aut
753 2626 905 2707 sophista,
937 2639 990 2686 aut
1005 2618 1283 2707 praestigiatorum

47 2766 50 2775 .
134 2708 315 2771 admirabilis
335 2722 366 2768 et
383 2710 530 2788 eloquens
549 2710 697 2771 exstitisse
715 2709 870 2783 videatur,
898 2723 933 2770 ut
950 2710 1009 2769 hoc
1026 2708 1213 2770 testimonio
1228 2725 1283 2788 pro·

56 2838 59 2851 ,
134 2795 236 2867 haret,
253 2793 417 2894 Aphohum
437 2793 548 2854 habere
567 2796 670 2855 dotem
687 2815 771 2854 meae
790 2794 911 2855 matris?
936 2794 976 2855 Et
992 2795 1085 2874 quid,
1104 2790 1282 2864 obsecuta

134 2891 267 2939 mentem
286 2878 430 2951 eivenit,
464 2891 500 2937 ut
517 2879 631 2939 diceret
648 2893 738 2959 atque
757 2881 968 2952 confiteretur,
1003 2878 1139 2939 liberum
1160 2899 1226 2938 esse
1239 2873 1321 2949 tt'u,

133 2963 249 3047 lyam?
268 2961 354 3021 Eone
372 2961 466 3043 magis
486 2983 544 3044 ego
563 2965 665 3023 dotem
684 2964 807 3024 haheo?
835 2964 939 3025 Nihilo
958 2976 1053 3050 certe
1059 2965 1160 3046 magis
1178 2973 1283 3045 propter

133 3047 192 3106 hoc
217 3032 357 3127 quidem,
381 3059 417 3106 ut
439 3060 568 3127 apparet
603 3049 691 3108 Unde
714 3070 786 3108 vero
805 3050 864 3110 hoc
882 3042 1039 3109 ostensum
1066 3049 1138 3109 est?
1167 3048 1282 3108 Prima·

134 3132 198 3193 eius
217 3143 362 3192 contutor
378 3129 578 3212 Therippides
595 3152 651 3213 pro
677 3134 855 3194 testimonio
874 3133 965 3206 dixit,
998 3154 1031 3192 se
1052 3133 1099 3193 itti
1119 3135 1223 3194 dotem
1237 3150 1281 3191 na·

79 3261 82 3269 ,
133 3236 279 3276 metasse:
306 3217 415 3276 deinde
433 3216 598 3278 avunculus
616 3218 736 3278 Demon
754 3218 870 3311 etalii,
889 3217 941 3298 qui
958 3218 1148 3292 adfuerunt,
1171 3214 1321 3309 affirtpt·

131 3298 213 3376 runt,
230 3301 322 3360 istum
340 3321 404 3360 esse
422 3302 602 3381 professum,
619 3323 663 3375 se,
676 3317 715 3363 ut
732 3326 784 3383 qua
776 3303 902 3363 dotem
921 3302 1057 3375 haberet,
1075 3303 1193 3363 victum
1207 3295 1321 3381 ιιιιὶΙ

132 3398 313 3447 curaturum
331 3385 438 3466 Neque
457 3386 512 3447 hos
530 3387 690 3461 accusavit,
707 3408 784 3467 quos
801 3409 871 3448 vera
889 3387 998 3451 dixisse
1016 3387 1121 3447 sciret
1141 3388 1321 3461 Ριιιιιιιι

114 3484 229 3532 “mater
243 3491 292 3531 ιιιι
311 3484 342 3531 ιι
358 3492 496 3532 sororem
512 3473 681 3552 producere
706 3484 736 3531 et
759 3471 791 3531 in
814 3494 915 3534 meum
928 3471 1112 3551 sororisque
1133 3473 1228 3533 iurare
1242 3486 1282 3527 ea-
1319 3488 1321 3499 ·

131 3557 193 3638 pita
210 3555 325 3630 voluit,
351 3557 442 3617 istum
455 3577 477 3616 e
495 3568 675 3617 testamento
694 3556 785 3637 patris
807 3559 910 3617 dotem
928 3556 1087 3636 accepisse
1125 3557 1202 3617 Eas
1210 3547 1281 3615 ocie-
1316 3596 1321 3609 .

94 3674 100 3685 1
131 3641 215 3725 ginta
233 3641 328 3701 minas
346 3654 448 3702 utrum
466 3640 577 3701 hahere
596 3663 665 3702 eum
684 3642 833 3714 dicemus,
859 3662 897 3711 au
920 3641 1004 3701 non?
1039 3642 1158 3702 Utrum
1175 3647 1312 3725 propi&

132 3727 192 3789 hos
205 3734 301 3786 testes
317 3726 363 3787 est
381 3727 546 3799 damnatus,
563 3747 601 3786 an
618 3739 744 3807 propter
760 3725 852 3786 illos?
870 3727 936 3808 Ego
954 3724 1081 3805 quidem
1098 3737 1229 3808 propter
1240 3738 1281 3780 tt-
1303 3702 1321 3765 ³

30 3862 34 3872 ,
129 3811 248 3873 ritatem
267 3811 383 3893 opinor.
418 3811 560 3871 Harum
546 3811 645 3910 ggitur
660 3811 882 3872 usumfructum
900 3832 968 3871 cum
987 3810 1176 3874 decennium
1191 3812 1281 3894 pette-

130 3896 225 3974 perit,
262 3917 295 3956 ac
312 3915 352 3954 ιιι
369 3895 484 3956 iudicio
502 3894 625 3973 quidem
643 3895 800 3973 damnatus
817 3917 866 3955 cas
884 3894 1044 3955 restituere
1063 3893 1215 3956 ιοΙιιιιίιι
1244 3901 1279 3950 ιι-

131 4000 199 4040 men
214 3980 319 4060 inique
336 4001 439 4040 secum
457 4001 522 4041 esse
540 3994 649 4054 actum,
666 4000 760 4061 seque
778 3992 904 4061 propter
921 3979 976 4047 hos
994 3991 1089 4039 testes
1108 3980 1279 4041 condemna-

130 4073 195 4122 tum
212 4066 359 4143 queritur:
379 4046 569 4145 quainquam
585 4065 695 4125 horum
713 4065 814 4125 nullus
833 4086 903 4125 eum
921 4063 1033 4124 hahere
1052 4063 1132 4125 hanc
1150 4060 1276 4124 testifica·

130 4156 178 4205 tus
197 4161 249 4207 est
283 4152 344 4209 lam
363 4151 400 4209 de
418 4148 546 4230 pecunia
565 4162 672 4210 mutuo
691 4151 773 4223 data,
799 4163 830 4211 et
846 4149 995 4210 lectorum
1013 4147 1126 4222 fabris,
1152 4161 1184 4210 et
1197 4145 1275 4210 ierr⁰s

42 4284 49 4295 „
129 4241 160 4289 et
177 4231 284 4292 relicto
301 4234 390 4294 nobis
408 4234 518 4308 chore,
550 4247 580 4293 ιι
598 4235 670 4293 dote
689 4234 817 4307 sororis,
849 4233 1013 4317 quamiste
1030 4253 1088 4315 per
1103 4246 1273 4315 praeventa

127 4313 243 4376 tionem
268 4319 463 4392 condonavit,
489 4331 524 4380 ιιι
544 4331 579 4379 et
601 4317 705 4400 ipse
688 4331 805 4379 tantum
823 4319 861 4379 de
883 4338 952 4379 meo
970 4316 1114 4390 haberet,
1141 4326 1271 4400 quantu!
