2722 4754
48 221 68 276 η
143 209 206 297 22⁰
253 192 299 277 ᾖ
354 175 374 217 ²
429 159 802 294 nnuosruems
812 201 1025 268 onemo

143 357 356 433 incommoda,
376 378 453 440 quae
471 356 528 418 ista
545 357 621 419 lex
611 368 817 440 inposterum
836 345 950 439 pariet,
973 356 1031 416 iam
1051 337 1088 416 de
1106 354 1326 440 praesentibus

143 445 330 509 utilitatibus
352 445 451 504 aufert
475 465 515 503 ac
527 444 671 505 diminuit
684 444 811 545 aliquid.
854 443 894 501 Et
911 454 1085 513 vesjamen
1105 443 1142 503 de
1169 465 1203 503 ea
1229 439 1325 501 abro-

128 521 241 614 ‘ganda
266 528 439 591 deliberatis
458 529 573 603 adhuc,
600 551 663 590 non
682 531 746 594 iam
768 529 842 588 olim
861 527 1074 588 deliberastis?
1089 530 1176 649 lpsa
1195 529 1324 608 decreta

145 618 195 676 de
200 617 344 687 Leucone
362 616 440 676 facta
457 635 536 698 cape
550 630 581 677 et
591 616 700 675 recita.
810 621 813 635 ’

55 734 120 792 29⁷
492 770 504 795 ι
600 766 864 812 necuere.

46 948 51 955 ἐ
229 871 259 930 Ε
274 871 431 933 decretis
421 872 516 956 agitur
540 871 734 954 perspicuum
755 881 815 944 est,
844 870 981 945 ludiceS,
1004 873 1028 933 L
1029 893 1178 933 eucouem
1198 869 1269 930 iure
1287 892 1322 942 ae

145 954 254 1016 merito
280 957 501 1018 immunitatem
521 981 537 1018 a
555 956 642 1018 vobis
669 977 735 1016 esse
762 967 995 1020 consecutum.
1012 957 1088 1018 Ac
1085 980 1187 1017 earum
1215 977 1321 1016 rerum

49 1111 55 1122 .
145 1043 283 1103 omnium
303 1045 459 1104 columnas
477 1028 612 1104 eiusdem
632 1041 799 1102 sentcntiae
822 1056 852 1102 et
869 1064 926 1103 vos
943 1058 973 1104 et
991 1044 1042 1105 ille
1062 1043 1211 1116 erexistis,
1230 1043 1319 1103 aliam

58 1174 61 1180 ,
142 1128 443 1210 Bospor1,alram1n
461 1129 599 1199 Piraeeo,
616 1123 703 1195 aliam
723 1129 759 1187 ad
778 1127 925 1209 templum
942 1129 1227 1213 Argonautarum.
1236 1124 1319 1186 Con-

145 1214 303 1274 siderate
295 1217 405 1296 agitur,
430 1214 466 1277 in
482 1237 571 1295 quam
589 1215 771 1275 immensum
798 1213 930 1275 dedecus
949 1215 1023 1276 lex
1014 1229 1071 1276 asta
1088 1235 1144 1278 vos
1163 1213 1317 1286 conficiat,

102 1294 104 1299 ¹
146 1321 223 1380 quae
243 1298 354 1371 effecit,
372 1312 408 1358 ut
425 1300 525 1360 minus
544 1301 644 1360 fidei'
635 1323 667 1359 ιιι
685 1312 752 1384 toto
769 1299 904 1380 populo,
923 1307 1012 1380 quam
1032 1303 1064 1360 in
1082 1322 1146 1359 uuo
1164 1297 1232 1359 siro
1253 1318 1318 1358 esse

86 1405 88 1410 ·
142 1385 291 1445 rideatur.
333 1385 398 1444 Neo
424 1387 504 1445 enim
511 1388 698 1468 putandum
717 1398 781 1459 est,
805 1385 880 1445 alio
882 1388 1008 1447 neruiue
1028 1387 1113 1447 vobis
1133 1398 1249 1445 erectas
1269 1405 1317 1444 eas

145 1490 211 1531 csse
223 1470 440 1548 columnas,
409 1472 469 1531 nasi
479 1483 515 1531 ιιι
526 1473 682 1554 pactiones
695 1472 758 1530 sint
771 1492 872 1531 carram
883 1495 986 1551 rerum
999 1473 1146 1545 omnium,
1166 1492 1241 1551 quas
1253 1483 1316 1530 tum
1354 1534 1357 1546 .

145 1556 283 1628 dedistis,
306 1568 371 1615 tum
382 1557 556 1638 accepistis.
590 1558 647 1618 Eas
666 1558 761 1640 igitur
776 1559 901 1629 Leucon
920 1572 1022 1618 sancte
1041 1557 1182 1631 servabit,
1201 1570 1317 1635 vosque

69 1637 77 1704 f
114 1709 124 1720 ο
144 1641 210 1700 aliis
227 1640 356 1701 subinde
375 1641 532 1703 benefieiis
551 1645 704 1704 cumulare
723 1643 873 1702 studebit.
891 1664 945 1704 vos
964 1664 1037 1704 vero
1053 1656 1170 1703 erectas
1189 1655 1221 1702 et
1235 1646 1318 1701 stan-

57 1739 61 1746 '
101 1751 104 1755 ·
144 1725 305 1786 tesadhuc
323 1727 505 1789 columnas
497 1731 594 1790 irritas
612 1728 735 1791 facihtis.
754 1728 787 1786 id
802 1729 885 1807 quod
903 1729 994 1812 longe
1013 1729 1132 1813 gravius
1153 1740 1223 1801 est,
1229 1736 1318 1807 quam
1353 1754 1358 1765 -’

144 1834 170 1871 ιι
161 1810 417 1874 demoliremini.
433 1815 561 1889 Nam,
537 1839 563 1876 sa
574 1816 618 1876 ita
630 1815 693 1890 fiet,
710 1813 767 1873 hae
783 1813 941 1895 columnae
955 1817 1027 1875 dum
1041 1815 1193 1914 steterint,
1211 1832 1320 1872 eornm

144 1897 291 1971 convicia,
309 1901 363 1980 qui
381 1899 494 1960 ciuitati
512 1916 634 1963 nostrae
652 1886 858 1961 maledictum
863 1900 981 1981 volunt,
999 1922 1054 1961 suo
1072 1901 1160 1980 quasi
1177 1899 1320 1960 testimo·
1349 1927 1351 1931 ⁷

142 1984 196 2044 nio
214 1984 464 2064 comprobabunt.
479 1985 547 2069 Age
562 2010 653 2089 sero,
660 2009 688 2046 sa
676 1986 942 2059 Leucommissis
954 1985 1014 2047 huc
1028 1986 1145 2070 legatis,
1158 1985 1320 2047 vobiscum

144 2069 353 2151 expostularit,
373 2031 526 2152 quodnaui
544 2075 583 2133 ob
597 2074 711 2133 crimen
726 2085 778 2150 aut
793 2072 970 2131 delictum
953 2094 984 2132 se
1000 2071 1202 2132 immunitate
1206 2069 1319 2153 spolia-'

64 2213 75 2237 s
120 2151 261 2216 ¹ueritis:
276 2156 365 2235 qnid,
383 2159 529 2237 perdens
547 2159 743 2234 immortales,
760 2158 1033 2238 respondebimus?
1051 2157 1245 2238 autquidis,
1264 2154 1321 2234 qui

140 2242 441 2303 senatusconsultum
456 2244 612 2324 provehis
627 2245 728 2317 faciet,
737 2243 917 2325 praetexat?
935 2244 1013 2303 Illud
1030 2243 1161 2317 scilicet,
1169 2241 1320 2322 quosdam
1338 2314 1342 2319 .

143 2313 300 2428 indignos·
306 2328 366 2387 frui
391 2328 653 2390 immunitatibus?
696 2329 780 2388 At
757 2353 782 2388 sa
800 2331 836 2388 ad
860 2330 919 2388 hoc
938 2329 1001 2388 illc
1014 2329 1223 2409 responderit:
1241 2327 1322 2385 For-

143 2413 231 2473 tassis
259 2413 349 2482 etiam
367 2402 603 2476 Atheniensium
622 2415 793 2480 nonnullos
822 2436 887 2474 esse
911 2429 1017 2497 parum
1044 2415 1162 2497 frugi:
1164 2434 1197 2473 sc
1215 2426 1322 2472 tamen

143 2511 305 2581 propterea
332 2520 396 2558 ιιοιι
414 2501 492 2581 pati,
517 2515 552 2561 ut
565 2502 660 2567 boms
685 2500 758 2561 viris
785 2501 816 2560 id
839 2502 939 2561 fraudi
965 2501 1023 2575 sit,
1047 2502 1100 2560 s'ed
1119 2500 1188 2581 quia
1217 2513 1321 2580 'popu-

143 2585 208 2644 lum
225 2583 446 2645 Atheniensem
471 2586 606 2646 bonum
602 2601 712 2670 putet,
737 2586 854 2646 nemini
879 2587 1042 2666 quicquam
1067 2587 1246 2668 eripere-
1203 2604 1321 2642 -an-

78 2723 81 2728 .
145 2691 209 2731 uon
223 2670 366 2750 aequiora
381 2673 461 2731 dicet
472 2673 652 2752 quamros?
671 2671 831 2745 Omnino,
834 2693 901 2740 mea
912 2671 1036 2752 quidem
1047 2670 1206 2736 sententia.
1219 2660 1321 2750 Apud

122 2776 251 2816 'omncs
270 2756 350 2816 cuim
369 2747 508 2818 homines
533 2758 689 2818 usitatum
698 2772 758 2831 est,
784 2771 912 2839 propter
936 2757 1013 2817 hene
1039 2757 1166 2816 meritos
1192 2767 1223 2815 et
1240 2754 1322 2815 alios

59 2839 61 2843 ⁴
146 2843 294 2922 quosdam
312 2842 433 2922 potius,
453 2855 582 2924 quorum
601 2845 716 2904 nullus
721 2866 795 2903 usus
814 2856 876 2917 est,
895 2840 1014 2906 allicere
1033 2840 1207 2914 beneficiis,
1225 2861 1319 2920 φιιιιιι

62 2940 72 2951 ··
145 2939 272 3008 propter
295 2927 452 3028 improbos
481 2930 615 3017 eripere,
648 2951 724 3010 quae
751 2950 894 2989 concessa
918 2929 1043 2997 fuerunt
1069 2928 1136 3003 his,
1164 2925 1217 3008 qul
1242 2925 1322 2985 citra

146 3013 383 3073 controversiam
402 3014 487 3096 digni
505 3027 577 3074 suot
593 3015 752 3076 beneficio.
769 3015 980 3089 Praeterea,
956 3021 989 3073 ιι
1001 3015 1069 3094 quis
1087 3015 1166 3074 sorte
1183 3010 1322 3073 voluerit

74 3092 76 3097 ¹
131 3099 335 3166 'Leuconem
347 3100 384 3159 ad
410 3101 665 3180 permutationem
697 3101 873 3168 facultatum
897 3101 1036 3184 adigere:
1072 3122 1133 3180 quo
1159 3099 1190 3158 id
1216 3094 1349 3162 caseri,

145 3185 265 3264 possit,
271 3205 336 3244 non
353 3187 482 3266 reperio
492 3187 627 3273 Semper
645 3187 725 3247 euim
746 3207 818 3287 ppes
838 3187 919 3246 illius
933 3188 1056 3266 aliquae
1069 3187 1162 3267 apud
1165 3182 1219 3244 ros
1237 3193 1322 3243 sunt

90 3276 94 3283 “
119 3318 121 3323 .
146 3269 238 3329 Hac
229 3269 324 3352 agitur
341 3271 452 3350 lege
429 3295 453 3330 st
470 3273 537 3351 quis
557 3294 615 3333 eas
624 3272 784 3333 invaserit.
802 3280 855 3331 au't
871 3272 931 3333 illis
950 3272 1140 3354 spoliabitur,
1158 3283 1211 3330 aut
1222 3266 1320 3327 obire

49 3360 57 3370 '
145 3354 267 3435 publica
286 3377 410 3415 munera
428 3371 570 3440 cogetur:
599 3359 707 3438 Neque
725 3380 798 3417 vero
818 3359 856 3417 de
877 3358 1027 3430 sumtibus
1046 3359 1170 3416 Leucon
1188 3373 1320 3436 magno-

59 3474 71 3497 .-
145 3460 218 3520 perc
237 3440 403 3500 laborabit.
426 3445 481 3502 sed
498 3444 530 3503 id
550 3445 685 3505 demum
691 3445 818 3504 moleste
837 3445 931 3519 feret,
950 3445 1008 3504 sibi
1028 3462 1205 3508 concessum
1225 3461 1242 3499 a
1261 3459 1321 3496 ιο-

134 3524 192 3584 his
213 3527 327 3584 donum
346 3527 430 3608 eripi.
453 3529 572 3609 Neque,
593 3528 804 3603 Athenienses,
820 3530 883 3589 hoe
901 3532 1000 3592 solum
1018 3524 1244 3631 prouidendum
1264 3534 1323 3597 est,

42 3677 45 3689 ἱ
106 3636 111 3647 ·
143 3623 179 3670 nt
190 3631 229 3670 ne
246 3610 355 3672 iniuria
361 3615 492 3674 leucon
511 3614 667 3690 alliciatur,
686 3615 773 3695 qui
758 3637 822 3675 non
838 3628 898 3675 tam
912 3616 1012 3697 aliqua
1026 3613 1207 3675 necessitate
1226 3608 1320 3690 quam

144 3695 192 3756 sui
211 3696 337 3757 honoris
364 3721 451 3759 eausa
479 3701 701 3760 immunitatem
721 3723 737 3760 a
754 3701 841 3760 vobis
867 3703 1028 3784 impetrare
1056 3698 1187 3760 studuit:
1202 3696 1270 3755 sed
1288 3694 1322 3753 id

45 3855 48 3858 Α
144 3802 270 3862 quoque
289 3785 475 3845 considerari
493 3786 594 3859 debet,
612 3810 651 3846 ue
665 3788 699 3859 is,
721 3787 774 3866 qui
792 3789 932 3849 secundis
952 3787 1014 3847 suis
1031 3785 1147 3845 rebus'
1137 3807 1170 3842 ιιι
1188 3803 1246 3842 vos
1265 3781 1323 3840 be

66 3861 70 3881 '
144 3868 261 3928 uelicus
280 3871 404 3957 exstitit,
422 3894 505 3932 stunc
523 3873 660 3946 demum,
680 3895 748 3932 curu
765 3875 1013 3933 remuneratione
1031 3869 1225 3931 liberalitatis
1243 3888 1322 3947 opus

145 3965 201 4025 est,
218 3952 409 4016 immunitate
424 3957 581 4038 spolietur.
598 3958 682 4018 Iste
673 3958 768 4041 agitur
782 3959 849 4039 quis
865 3960 930 4018 est?
948 3958 1115 4047 Epicerdes
1125 3952 1323 4038 Cyrenaeus,

144 4038 197 4120 qai
212 4053 317 4122 certe,
323 4041 348 4099 si
362 4041 521 4122 quisquam
539 4044 651 4117 alins,
643 4066 708 4105 rure
723 4065 758 4103 ac
772 4044 882 4104 merito
901 4045 993 4102 istum
1012 4042 1162 4103 honorem
1176 4044 1225 4099 es't
1243 4059 1322 4098 cou-

144 4137 287 4185 secutus·
299 4125 370 4186 Non
390 4130 473 4207 quod
491 4151 598 4212 magua
617 4130 764 4209 quaedam
782 4143 834 4189 aut
851 4129 1024 4189 admiranda
1043 4125 1247 4209 praestiteritz
1267 4123 1321 4183 sed

144 4211 228 4290 quod
246 4210 299 4270 tali
318 4224 455 4294 tempore
474 4228 576 4275 vestro
589 4215 769 4275 benefacere
782 4213 870 4274 vobis
884 4215 1012 4286 studuit,
1031 4235 1097 4293 quo
1109 4212 1236 4284 difficile
1255 4216 1321 4268 era't

92 4328 94 4339 .
145 4316 252 4355 eorum
270 4297 429 4378 aliquem
420 4301 567 4373 invenire,
587 4298 966 4401 qui,magnisbenef1ciis
985 4299 1130 4372 affectus,
1149 4317 1270 4358 memor
1288 4288 1328 4354 et'·

57 4385 119 4442 298
145 4393 248 4465 gratas
267 4403 333 4446 esse
351 4385 451 4448 vellet.
493 4385 597 4447 Nam
586 4397 665 4448 aste
659 4387 737 4459 uir,
751 4397 787 4447 ut
804 4387 1137 4471 senatusconsultum,
1149 4385 1243 4464 quod
1253 4382 1328 4442 tum
