2722 4754
934 40 940 65 ,
1000 57 1005 66 ¹
1080 46 1136 53 ..

170 153 182 177 ’
262 144 616 255 ἰιιιιιιιιίιι
624 152 968 253 aeternarum
1159 192 1224 259 ιιι,
1287 128 1295 149 ’

57 348 198 406 iacturam
216 347 277 408 ieci
293 370 340 410 rer
330 325 524 427 familiaris,
548 359 587 409 et
597 370 680 446 ιιιιιιι
697 349 853 453 denique
848 368 897 410 nte
901 316 976 409 ltria
988 310 1109 409 talenta
1119 343 1224 428 reipu-
1281 417 1285 421 ,

58 429 152 494 blicae
171 428 331 493 numerare
350 438 488 514 oportet:
521 413 673 494 talentum
686 456 749 515 pro
761 437 911 516 portione
921 433 981 518 (ιιιι
1000 435 1080 494 eninr
1099 447 1129 494 et
1147 432 1223 513 ipsc,
1321 461 1324 466 ·

58 519 143 598 quod
157 519 273 577 utinam
293 522 373 580 esset
390 519 489 595 aliter,
504 514 626 579 sodin'ae
643 520 814 603 publicatae
830 517 1010 603 particeps),
1022 520 1102 581 utin
1121 539 1223 578 meum
1253 522 1256 534 ¹
1316 536 1318 540 ’

57 604 159 663 locum
176 603 363 686 substituere
377 618 475 664 abner
492 624 579 677 eum,
593 594 645 690 q‘ui
663 625 726 663 non
745 626 827 664 nunc
845 607 937 664 modo
957 619 1003 667 est
1020 627 1079 665 me
1086 604 1225 684 locuple·
1239 617 1253 680 J

46 688 134 761 tior,
159 688 213 748 sed
238 689 321 768 prius
346 685 437 748 etiarn
459 688 534 762 suit,
561 701 601 748 ιι
614 678 732 748 nullum
750 689 838 748 vobis
856 710 988 768 unquam
1007 713 1117 750 munus
1137 687 1227 760 obiit,

58 793 158 851 neque
183 772 368 853 reipublicae
392 773 553 854 quiequam
580 768 725 833 hactenus
751 774 897 845 eontulit,
923 795 1046 834 necesse
1072 789 1124 835 est
1159 778 1228 832 Vos

59 858 153 940 igitur
177 879 281 918 omnes
307 879 380 932 oro,
404 858 586 931 ludices,
561 881 587 917 ιι
605 860 789 934 ostendero,
812 859 1020 940 Phaenippum
1047 872 1076 918 et
1101 859 1251 938 definita‘
1322 891 1331 904 ι

59 943 177 1024 legibus
196 944 260 1003 iura
278 943 423 1018 violasse,
449 957 479 1004 et
496 943 728 1023 locupletiorem
747 965 841 1019 esse,
848 966 936 1025 quam
956 962 1014 1026 ego
1033 966 1134 1023 sum,
1140 956 1175 1003 ut
1193 957 1227 1002 et
1250 1017 1253 1022 1

60 1049 107 1088 me
133 1028 246 1088 iuvetis
268 1041 299 1088 et
324 1029 429 1088 istum
442 1050 512 1088 meo
537 1026 644 1088 loeo
635 1052 668 1088 m
693 1031 914 1112 trecentorum
927 1030 1069 1089 classem
1078 1028 1227 1087 referatis.

60 1115 189 1193 Propter
206 1112 265 1172 boc
283 1113 364 1182 enim
382 1112 465 1196 leiges
484 1114 647 1214 quotannis
665 1114 904 1194 permutationes
922 1115 1113 1185 concedunt,
1134 1112 1228 1190 quod
1295 1159 1297 1164 .
1330 1117 1333 1127 ’

62 1199 251 1258 conservatio
284 1211 430 1279 perpetua
455 1198 500 1257 rei
533 1198 687 1258 familiaris
714 1212 745 1259 et
769 1200 954 1260 incrementa
980 1199 1107 1298 paucis¹
1095 1195 1228 1256 civibus

62 1303 238 1364 permanere
257 1285 364 1344 solent
390 1283 467 1342 Ab
458 1282 547 1342 mitio
565 1296 666 1342 autem
678 1282 771 1346 vobis
789 1285 910 1356 omnia,
928 1305 1016 1363 quae
1022 1285 1054 1342 in
1072 1293 1230 1363 permuta-⁸

61 1370 146 1428 tione
165 1368 355 1440 acciderunt,
373 1350 625 1428 commemorabo.
651 1366 764 1427 Mensis
783 1364 929 1445 Quintilis
947 1367 997 1427 die
1007 1367 1149 1427 secundo
1169 1366 1230 1424 du
1275 1405 1278 1409 -
1314 1385 1326 1403 -·

63 1474 111 1512 ces
129 1454 273 1512 trecentis
290 1453 530 1552 permutationes
549 1465 782 1532 proposuerunt
826 1453 899 1519 ιιι·”
878 1475 915 1513 ns
935 1473 970 1512 ex
979 1438 1056 1534 lege
1074 1450 1229 1535 Phaenip
1236 1485 1238 1489 ·

62 1561 133 1618 purn
154 1537 249 1597 citavi.
292 1539 350 1599 Eo
362 1537 457 1619 igitur
480 1538 591 1609 citato,
617 1549 647 1596 et
669 1536 813 1598 adhibitis
831 1537 1012 1618 quibusdam
1029 1530 1234 1596 familiaribus
1273 1546 1313 1615 J*

63 1636 93 1682 et
111 1622 230 1694 amieis,
256 1619 421 1704 Cythera
412 1623 452 1683 rvi
476 1622 507 1681 in
527 1622 591 1681 eius
614 1620 752 1680 fundum.
786 1622 832 1682 Ae
855 1622 987 1703 primum
1011 1622 1076 1681 obii
1099 1621 1230 1705 fundum
1320 1634 1324 1651 ⁴

63 1707 139 1789 eius,
157 1730 211 1786 qur
201 1707 394 1767 stadiorum
413 1719 477 1766 erat
494 1706 621 1787 amplius
638 1693 879 1788 quadraginta
853 1707 1060 1767 circumcirca:
1072 1720 1110 1767 et
1125 1719 1230 1766 osten·
1238 1743 1241 1748 -

64 1793 95 1852 di
114 1805 146 1852 et
162 1805 288 1852 testatus
308 1814 374 1853 sum
386 1813 494 1865 ceram
504 1791 723 1890 Phaenippo,
739 1793 840 1852 nullos
865 1793 975 1852 fundo
984 1792 1113 1852 libellos
1123 1791 1236 1851 affixos,

65 1899 147 1936 esse.
183 1876 264 1936 Sin
256 1899 320 1957 rpse
339 1879 376 1936 id
389 1878 573 1937 affirmaret:
590 1877 699 1936 statim
711 1896 780 1935 eum
799 1868 908 1937 dicere·
917 1876 1085 1937 iubebant
1077 1891 1108 1937 et
1125 1889 1245 1945 ostem.

47 1963 153 2035 dere,
176 1976 211 2021 ut
228 1985 267 2021 ne
286 1975 395 2051 postea
402 1963 521 2022 sundus
539 1970 608 2022 aere
626 1961 726 2021 alieno
745 1953 908 2022 obstr-dotus
927 1983 993 2021 esse
1010 1962 1233 2062 perhiberetur.
1289 1981 1292 1986 ’

61 2047 183 2105 Deinde
199 2032 358 2127 obsignavi
374 2047 535 2118 domicilia,
554 2058 585 2104 et
600 2059 680 2105 meas
695 2047 794 2106 aedes
791 2069 870 2106 eom
885 2047 1029 2128 ingredi'
1021 2048 1103 2106 russi
1103 2048 1234 2105 Postea
1257 2097 1259 2101 .

63 2131 216 2210 quaesivi,
239 2130 293 2190 ubi
312 2151 469 2190 excussum
487 2131 673 2191 ιιιιιιιιιιιιιιιι
686 2144 779 2194 esset
813 2133 907 2190 Erant
924 2152 1006 2192 emm
1020 2131 1084 2201 1b1
1102 2122 1233 2200 Iudices,
1267 2134 1268 2139 ’

39 2217 151 2297 ¹divos
170 2215 313 2294 divasque
331 2228 445 2288 testor,
476 2216 552 2274 duae
570 2214 674 2289 areae,
703 2215 825 2274 serme'
816 2216 914 2297 iugeri
932 2173 1130 2295 amplitudine
1148 2221 1233 2274 utra:
1276 2254 1282 2269 ι

64 2320 132 2381 que.
168 2303 195 2360 ιι
214 2319 285 2360 vero
303 2301 479 2379 respondit,
501 2300 687 2358 frumentum
705 2299 813 2380 partim
832 2301 1005 2373 venditum,
1021 2300 1130 2383 partim
1149 2299 1233 2365 intus
1292 2293 1305 2303 “

66 2406 131 2446 esse
149 2385 326 2465 repositum.
350 2385 502 2458 Tandem,
520 2405 558 2443 ne
576 2384 843 2466 longumsaciam,
860 2385 1006 2446 constitui
1025 2382 1193 2449 custodes
1179 2405 1233 2443 ιιι

64 2483 113 2533 tus
133 2471 296 2550 quosdam,
314 2482 429 2549 atque,
440 2491 488 2528 me
507 2468 574 2535 dius
593 2470 708 2549 fidius,
718 2469 807 2530 etiam
826 2470 923 2544 edixi,
942 2483 977 2531 ut
994 2483 1109 2530 vetaret
1122 2489 1236 2552 --agaso
1263 2540 1270 2552 p

48 2577 119 2615 enes
145 2556 300 2614 materiam
328 2576 343 2613 ι
368 2555 464 2615 fundo
491 2555 637 2614 avehere
646 2545 735 2637 (ham
761 2567 882 2634 praeter
906 2569 1039 2616 caeteras
1060 2551 1237 2632 Phaenippi

59 2647 152 2720 opes,
170 2640 298 2712 Iudices,
317 2639 407 2698 etiam
426 2639 475 2699 hic
492 2639 609 2720 amplus
629 2652 674 2699 est
692 2660 721 2698 er
712 2638 874 2700 ἰιιιιιιιιι
898 2662 949 2700 ιιι
967 2640 1043 2700 asini
1061 2660 1128 2719 per
1133 2650 1234 2701 totum

68 2747 178 2784 annum
204 2724 358 2784 materiam
385 2724 415 2785 ei
440 2724 572 2797 vehunt,
601 2725 683 2784 unde
711 2723 784 2784 iste
794 2726 826 2783 in
845 2724 987 2807 singulos
1014 2725 1078 2785 dies
1105 2723 1235 2803 amplius
1302 2747 1306 2755 ·

69 2810 229 2870 duodecim
249 2809 402 2869 drachmis
405 2804 566 2891 percipit).
595 2804 699 2869 Cum
690 2809 786 2890 agitur
803 2808 846 2869 eis
863 2809 1097 2882 interdixissem,
1112 2829 1160 2871 ne
1172 2829 1237 2866 ma·

67 2895 173 2955 teriam
192 2895 396 2988 attingerent,
427 2907 457 2961 et
474 2894 651 2976 Ριιιιιιίιιιιο
670 2894 914 2967 denuntiassem,
941 2907 977 2955 ut
994 2916 1030 2955 ex
1041 2893 1235 2974 praescr-epto

68 2980 143 3060 legis
168 2981 203 3038 ad
223 2984 306 3038 sacra
322 2992 459 3080 praesto
456 2993 557 3039 esset:
576 2979 607 3038 in
625 2978 732 3039 urbem
749 2978 835 3038 redii
852 2965 1015 3039 Primum'
1000 2979 1101 3060 igitur
1113 2998 1236 3050 eorum,

69 3085 146 3165 quae
166 3065 242 3135 dixi,
260 3064 433 3124 testimonia
451 3065 538 3124 vobis
558 3063 724 3123 exhibebo:
740 3063 861 3163 ,deinde
880 3065 974 3149 etde
985 3063 1115 3136 caeteris
1130 3062 1277 3129 audie-

68 3151 107 3209 tis
128 3170 249 3214 omnem
266 3150 431 3209 veritatem
465 3140 673 3229 Phaenippum
699 3148 779 3207 enim
804 3171 819 3208 a
845 3149 943 3229 primo
967 3150 1016 3211 dic
1040 3149 1140 3210 statim
1158 3130 1236 3207 nihil
1259 3150 1322 3212 154

70 3234 143 3292 iusti
163 3234 309 3315 cogitasse
327 3234 493 3314 reperIetis
538 3233 703 3316 Obsignavi
722 3233 874 3293 domicilia
892 3235 1040 3314 permissu
1059 3233 1152 3314 legis:
1178 3232 1291 3293 iste

69 3319 195 3400 aperuit.
237 3318 328 3378 Αι
297 3340 423 3400 signum
451 3318 574 3398 quidem
598 3317 755 3378 sustulisse
780 3306 947 3392 fatebatur,
970 3319 1052 3378 sores
1077 3331 1184 3377 autern·
1204 3337 1237 3376 se

71 3403 391 3484 aperuissenegabat:
424 3404 605 3482 quasivero
628 3403 719 3464 aliam
744 3403 783 3463 ob
810 3424 946 3477 causam,
978 3425 1067 3482 quam
1089 3403 1129 3461 ad
1155 3403 1237 3461 sores
1305 3442 1324 3466 ‚1

71 3488 299 3573 aperiendas,
275 3510 359 3568 signa
378 3489 571 3548 sustulisset?
594 3488 713 3548 Deinde
734 3485 825 3562 v'etui,
843 3509 882 3548 ne
901 3488 1023 3558 materia
1043 3488 1257 3552 eveheretur.

47 3576 127 3642 ¹iste
154 3568 292 3652 quotidie
317 3573 430 3644 evexit,
455 3594 492 3632 eo
517 3573 565 3633 die
591 3584 736 3672 excepto,
759 3594 819 3652 qno
845 3594 902 3655 ego
925 3571 1016 3633 vetui.
1050 3573 1144 3632 Nullo
1168 3560 1278 3640 aere

72 3660 170 3718 alieno
189 3658 301 3716 fundus
328 3658 489 3718 obstrietus
516 3671 594 3717 erat.
620 3678 702 3717 nunc
726 3656 784 3716 iste
808 3659 936 3718 multum
962 3657 1038 3718 ae'ris
1057 3656 1148 3716 alieni
1166 3678 1238 3737 pro

71 3743 136 3804 sert.
155 3747 190 3802 ln
209 3764 341 3816 summa,
365 3744 454 3814 facit,
480 3743 673 3822 quodlibet,
699 3763 762 3819 non
782 3744 865 3822 quod
883 3744 965 3825 leges
983 3743 1099 3805 iubent
1118 3722 1299 3817 ‚hactus
1312 3798 1316 3804 .

72 3829 264 3902 testimonia,
281 3829 412 3908 primum
430 3827 467 3888 de
485 3828 609 3902 sodina,
626 3828 736 3888 deinde
754 3839 785 3889 et
798 3841 927 3890 *caetera
998 3864 1004 3880 ι
1265 3856 1271 3863 ‘

438 3978 834 4072 TESTIMQNlL

88 4083 308 4184 Quibus
298 4083 401 4167 agitur
409 4104 457 4144 me
475 4081 703 4163 Phaenippusff
684 4062 823 4146 rnirrriis
838 4105 854 4143 a
871 4103 969 4166 primo
988 4078 1088 4145 stalim
1108 4034 1156 4145 die
1174 4038 1282 4145 asli

53 4169 55 4173 ’
73 4135 142 4230 cere
162 4169 313 4250 eoeperit,
331 4169 471 4242 audistis,
490 4168 625 4241 ludices,
639 4175 673 4229 ιι
691 4188 706 4226 a
725 4188 772 4228 ιιιι
791 4176 831 4229 ιι
840 4191 861 4230 a
875 4170 1011 4230 testibus.
1034 4171 1135 4245 Quae
1139 4181 1241 4242 autem
1306 4215 1309 4219 .

51 4265 144 4336 'post
168 4255 246 4314 sacta
270 4268 367 4327 sunt,
384 4276 418 4315 ea
442 4274 506 4314 non
531 4252 564 4313 in
586 4274 635 4313 me
647 4264 786 4328 tantum,
813 4254 867 4315 sed
893 4242 983 4314 etiam
1006 4255 1039 4314 in
1063 4255 1168 4338 legen·
1162 4265 1242 4316 sunt
1299 4256 1306 4265 ’

76 4340 250 4402 commissa:
275 4361 351 4421 quae
376 4339 465 4401 nobis'
485 4336 635 4400 omnibus
641 4358 755 4423 magno
773 4337 876 4439 studio
885 4352 966 4401 eunt
982 4342 1134 4438 tuendae..
1145 4336 1242 4403 Cum

875 4429 882 4455 ι
