2722 4754
12 204 56 266 .‘
149 163 373 263 ares
329 197 332 203 =
392 171 807 270 nnnosrfluu1s
835 176 1043 241 οιιιίιοΙ

115 314 249 414 quae
238 325 427 406 Charidemo
445 347 527 387 nunc
553 341 765 412 comparatur,
784 343 908 406 auctus,
936 344 967 392 et
984 331 1084 413 ipsum
1102 269 1277 416 neglexerit
1294 345 1342 395 et

21 410 124 498 422
146 430 255 482 contra
270 438 323 476 vos
350 412 536 474 machinatus
555 415 671 496 aliquid
695 417 880 497 molitusque
898 417 1006 480 suerit:
1030 440 1104 478 num
1123 419 1195 480 satis
1207 418 1249 478 ‘id
1268 439 1324 483 vor

145 505 191 568 bis
213 504 287 575 erit,
306 503 434 580 decepto
454 494 656 576 Charidemo,
674 501 798 563 Thracis
818 517 923 564 contra
940 504 1144 589 vosmetipsos
1163 503 1323 573 constabi-

143 592 215 654 lisse
232 544 421 689 pqientiqm?
464 586 614 688 Equidem
632 610 697 648 non
715 589 833 670 opinor,
865 589 991 672 Etenim
1007 589 1083 650 illud
1102 612 1236 684 aequum
1256 611 1323 652 esse

75 688 82 719 ¹>
144 687 230 759 puto,
249 674 274 735 si
292 673 386 733 sentit
403 685 434 733 et
451 674 599 773 prospicit
616 674 687 734 talia
701 670 909 775 Charidemus,
928 689 959 736 et
973 662 1076 743 tamen
1094 665 1206 737 talibus
1226 676 1325 758 potiri

67 776 83 804 x
145 760 275 843 decretis
293 761 412 833 studet,
439 760 503 819 eins
522 759 642 819 insidiis
668 773 703 820 ut
720 760 893 828 resistatur:
922 761 969 821 sin
988 762 1069 822 haud
1095 761 1326 839 animadvertit,

134 868 207 928 ,quo
227 846 295 928 quis
314 867 384 906 eum
403 845 685 906 benevolentiorem
704 867 770 907 esse
783 859 879 928 putat,
898 867 935 907 eo
948 847 1045 930 magis·
1059 859 1225 911 etsuaecet
1238 847 1323 910 illius

143 932 300 996 'securitati
316 946 352 993 ut
368 931 545 1031 prospiciat
556 931 633 991 Nam
651 953 739 992 verae
758 932 906 993 amicitiae
924 956 1035 993 munus
1055 947 1111 1008 est,
1129 934 1188 1008 his,
1207 933 1323 1014 quibus
1349 977 1351 981 <

101 1076 105 1083 .
130 1020 224 1081 *bene
243 1019 365 1100 cupias,
392 1038 456 1093 ιιοιι
474 1017 506 1076 in
524 1016 561 1076 iis
581 1015 744 1117 gratilicari
761 1018 872 1089 rebus,
897 1041 974 1098 quae
993 1019 1073 1078 etin
1091 1033 1180 1083 tuum
1200 1031 1234 1080 et
1251 1019 1346 1080 illo-

116 1151 117 1159 ι
142 1129 216 1168 nrm
215 1107 337 1166 cedere
357 1089 572 1163 detrimentum
590 1104 723 1182 possint.
741 1105 823 1164 sed
814 1127 846 1163 ιιι
864 1104 911 1164 his
930 1104 1069 1204 quidem,
1071 1127 1161 1210 quae
1179 1105 1320 1185 utrisque

91 1201 100 1217 ”
139 1186 338 1258 commodare
363 1203 492 1269 queant,
519 1188 676 1254 adiutandi
694 1202 783 1263 sunt,
810 1211 887 1270 quae
913 1203 1015 1250 autern
1042 1173 1126 1272 ipsc·
1119 1190 1247 1251 melius
1265 1190 1319 1251 illo

120 1279 320 1377 provideas,
346 1295 380 1334 ea
398 1274 457 1339 rite
475 1273 684 1347 administres,
710 1297 814 1356 neque
833 1276 1000 1356 praesentis
1020 1277 1163 1357 obsequii
1182 1275 1319 1338 dulcedi-
1323 1297 1326 1301 ’

30 1400 32 1402 -
142 1387 214 1427 nem
230 1375 279 1430 tot
266 1363 327 1447 tius
342 1360 469 1440 reliqui
482 1360 629 1440 temporis
647 1354 774 1422 utilitati
795 1375 970 1442 anteponas.
1002 1361 1112 1443 Neque
1130 1363 1210 1423 illud
1230 1357 1354 1436 etiam-q

53 1484 58 1493 »
127 1441 292 1552 'cogitanti
311 1445 386 1505 mihi
403 1444 563 1527 probabile
587 1446 723 1521 uidetur,
751 1443 1001 1528 Cersobleptem,
1033 1470 1101 1508 cum
1120 1462 1152 1508 et
1167 1446 1321 1509 Barbarus

35 1604 42 1615 Ι
133 1537 184 1609 Ιἐἱι
200 1549 232 1600 et
248 1532 394 1617 perfidus,
411 1543 586 1592 curaturum
603 1545 717 1606 tamen,
734 1554 775 1609 ne
791 1533 883 1594 tantis
902 1533 1040 1593 afficiat
1031 1534 1151 1594 iniuriis
1171 1530 1321 1598 Charite.
1327 1594 1332 1616 Ι

43 1684 46 1688 ,
142 1646 234 1683 mum.
270 1620 356 1681 Nam
377 1640 483 1678 rursus
501 1636 571 1678 eum
590 1616 733 1698 inquiro,
760 1619 895 1699 quantis
907 1619 996 1680 bonis
1021 1620 1205 1701 Iphicratem
1223 1615 1346 1709 (ιοιγιῪ

40 1707 42 1712 ’
76 1712 102 1783 ⁴,
143 1709 342 1809 spoliaturus
336 1703 425 1764 nihil
443 1725 478 1763 ea
495 1724 529 1762 re
547 1716 648 1765 motus
667 1703 761 1763 luerit
777 1705 916 1791 penitus:
942 1706 1034 1766 istum
1052 1705 1161 1784 utique
1180 1704 1324 1765 credide--

35 1790 41 1800 ’
102 1788 106 1796 “
142 1795 200 1866 rim
219 1804 332 1872 susque
353 1791 453 1881 deque
471 1790 602 1850 laturum
622 1810 703 1863 esse,
722 1789 869 1870 quicquid
886 1782 1013 1871 perierit
1031 1787 1227 1850 Charidemo.
1238 1789 1318 1859 Nam

42 1891 45 1896 “
68 1935 72 1938 ,
144 1877 251 1964 Cotys,
265 1864 449 1959 Iphicrateni
461 1874 642 1950 honoribus,
661 1877 742 1935 victu
754 1875 892 1957 publico,
911 1877 1029 1950 statuis,
1047 1877 1153 1957 patria,
1168 1896 1248 1956 quae
1261 1897 1320 1941 no,

114 2010 124 2018 .-
142 1987 214 2025 men
234 1965 298 2024 eius
317 1962 498 2033 illustrarat,
523 1961 632 2035 rebus,
658 1982 754 2043 prope
774 1961 916 2035 dixerim,
943 1961 1144 2042 omnibus,
1120 1981 1187 2022 sane
1206 1961 1320 2046 quibus

143 2051 282 2112 acerbam
301 2068 367 2108 esse
389 2047 481 2106 vitam
505 2046 648 2126 iphicrati
665 2070 719 2128 par
738 2059 817 2120 erat,
841 2068 873 2106 se
892 2048 1022 2128 spoliare
1034 2047 1321 2128 prospiciens,ta

64 2155 66 2158 ·
95 2143 99 2160 ’
145 2135 299 2197 meneius
317 2134 467 2195 rationem
485 2152 549 2191 non
569 2131 681 2192 habuit.
717 2135 812 2192 lsturb
829 2154 901 2193 vero
927 2134 1000 2212 quid
1018 2135 1142 2193 tandem
1159 2132 1329 2207 moveret?

108 2218 278 2293 Scilicet,
292 2241 330 2281 ne
345 2239 443 2299 quare
459 2216 605 2307 spoliaret
616 2213 852 2278 Charidemum?
870 2218 961 2278 Nulla
975 2240 1117 2299 prorsus:
1129 2218 1224 2278 habet
1237 2217 1322 2277 enim

81 2319 83 2335 ¹
137 2309 223 2389 apud
241 2327 295 2366 vos
313 2325 389 2364 non
395 2302 527 2375 liberos,
541 2324 604 2362 non
622 2302 779 2403 imagines,
797 2325 861 2363 ιιοιι
876 2318 1033 2387 cognatos,
1051 2325 1116 2364 non
1130 2304 1214 2364 aliud
1234 2301 1323 2382 quic-

48 2422 53 2432 ι
129 2415 235 2476 ιιιιιιιι
254 2388 397 2470 denique
440 2387 649 2448 Enimvero
624 2411 650 2449 ει
668 2409 770 2468 neque
797 2401 903 2450 natura
928 2390 1007 2458 fidors
1027 2403 1073 2452 est
1091 2386 1323 2488 Cersohleptes,

144 2493 177 2540 et
186 2490 315 2560 propter
327 2495 372 2549 ea,
389 2495 467 2555 quae
485 2475 568 2554 prins
582 2487 647 2534 acta
662 2487 743 2548 sunt,
762 2475 827 2533 iure
846 2497 880 2534 su
881 2478 1015 2557 bpectus,
1034 2495 1134 2555 neque
1155 2475 1323 2554 quicquam

68 2576 72 2583 “
127 2566 188 2642 ,ιιι
194 2563 314 2624 rebus'
305 2573 402 2633 mest,
417 2573 554 2641 propter
572 2560 655 2640 quod
675 2572 705 2620 et
722 2572 842 2641 praeter
859 2560 1017 2653 ingenium
1036 2573 1067 2620 et
1085 2573 1192 2621 contra
1209 2558 1322 2638 volun-

142 2664 238 2711 tatem
255 2670 339 2708 suam
359 2641 532 2705 Charidemi
550 2645 700 2705 rationem
720 2645 862 2705 haberet:
890 2666 967 2725 quae
986 2658 1081 2706 causa
1091 2659 1154 2721 est,
1173 2665 1231 2704 cur
1247 2643 1322 2704 sim-

82 2733 98 2801 ,’
142 2736 278 2818 pliciter,
300 2734 443 2818 adeoque
461 2743 583 2811 praeter
608 2752 729 2790 omnem
752 2731 903 2790 rationem
922 2732 959 2790 ad
984 2731 1144 2792 libidinem
1162 2737 1251 2791 suam
1270 2750 1322 2789 ex-

142 2822 284 2904 plendam
300 2805 389 2878 illum
408 2817 597 2890 adiutemus,
615 2816 792 2897 praesertim
811 2838 880 2876 eum
898 2829 963 2877 tota
981 2837 1029 2878 res
1049 2817 1081 2877 in
1088 2817 1321 2878 detrimentum

111 2916 283 2979 *nostrum
302 2919 422 2964 cessura
439 2902 502 2962 sit?
534 2903 686 2983 Equidem
704 2902 817 2961 nnllam
843 2902 943 2962 video.
979 2905 1197 3003 Praeterquam
1216 2901 1320 2984 igitur,

143 2993 228 3073 quod
247 2992 402 3052 decretum
421 2987 480 3047 hoc
498 3009 562 3048 non
582 3002 627 3048 est
645 3008 681 3048 ex
698 3010 757 3052 usu
774 2988 976 3069 reipublicae,
1004 2987 1221 3049 existimationi
1239 3006 1319 3066 quo-

23 3130 25 3139 ,
69 3070 82 3089 '²
124 3099 204 3159 ,que
208 3089 357 3136 nostrae
370 3072 499 3151 civitatis
525 3074 586 3133 tale
610 3074 773 3163 quiequam
799 3074 969 3136 decrevisse
995 3077 1179 3136 adversatur.
1222 3072 1320 3151 quue

20 3156 24 3163 ‘
143 3144 392 3258 cognoscendum
410 3157 497 3219 vobis
517 3172 596 3220 est
612 3159 646 3218 Si
665 3160 763 3234 enim,
767 3157 1032 3235 Athenienses,
1022 3184 1056 3220 ιιι
1073 3160 1150 3220 urbe
1169 3156 1319 3219 habitanti

12 3302 13 3309 ,
91 3316 95 3338 1
143 3260 175 3309 et
187 3238 325 3332 legibus
319 3244 454 3305 obnoxio
465 3246 613 3327 scriptum
627 3258 707 3311 esset
721 3245 894 3306 decretum:
910 3247 967 3307 etsi
978 3260 1044 3306 tum
1060 3247 1162 3308 etiam
1166 3244 1317 3324 iniquum,

51 3328 52 3332 ¹
115 3378 120 3385 «
142 3333 242 3394 minus
260 3343 351 3412 turpe
368 3344 469 3391 tamen
488 3331 659 3393 haberetur.
703 3333 792 3392 Nunc
814 3328 997 3393 Charidemo
1016 3333 1245 3433 scriptumest,
1264 3329 1316 3427 qui

142 3419 249 3479 nulla
239 3441 272 3478 111
267 3416 360 3481 urbe
378 3416 504 3490 habitat,
523 3430 553 3478 et
566 3417 642 3500 regi,
660 3417 791 3477 homini
790 3418 912 3492 Thraci,
931 3418 1016 3478 ducit
1034 3418 1211 3497 exercitum,
1229 3414 1315 3474 euius

140 3506 240 3588 regno
256 3503 352 3563 fretus
372 3501 503 3574 multis'
494 3503 635 3571 iniuriam
647 3503 749 3573 lacit.
760 3503 849 3564 Scitis
870 3505 951 3564 enim
966 3504 1025 3563 hoc
1039 3505 1192 3588 prolecto,
1211 3519 1315 3561 omnes

92 3585 97 3602 ⁸
141 3591 250 3690 istos,
248 3589 312 3670 qui
330 3587 500 3671 peregrinis
518 3601 662 3668 praesunt
681 3589 880 3663 exercitibus,
907 3590 1043 3650 Graecas
1057 3590 1149 3650 urbes
1169 3605 1316 3667 occupare
1339 3657 1342 3663 1

142 3689 175 3746 et
192 3675 354 3757 imperium
372 3673 404 3733 in
423 3694 471 3734 eas
490 3673 549 3734 sibi
566 3674 731 3754 vindicare,
751 3688 781 3736 ct
793 3674 835 3758 (si
847 3697 952 3735 verum
971 3675 1072 3736 dicere
1091 3656 1134 3735 sas
1155 3671 1316 3755 est)eom-

28 3765 119 3826 423
143 3783 251 3822 animes
269 3760 376 3843 hostes
394 3760 546 3832 omnium,
573 3760 626 3861 qui
645 3782 713 3820 cum
732 3761 907 3822 libertate
898 3785 930 3822 ιιι
948 3762 1044 3842 patria
1061 3761 1163 3821 'vivere
1183 3757 1318 3829 student,

142 3868 250 3908 omnes
267 3847 410 3928 regiones
429 3847 591 3945 pervagari
609 3846 718 3912 Num
709 3847 804 3928 agitur
820 3847 983 3908 honestum
1001 3847 1089 3908 vobis
1103 3858 1156 3905 aut
1171 3845 1316 3903 decorum

142 3933 216 4034 erit,
229 3931 455 4006 Athenienses,
473 3930 512 4003 ei,
525 3955 584 4017 qur
575 3931 787 4011 explendae
789 3955 861 3993 suae
880 3933 1021 3993 avaritiae
1041 3954 1128 3993 causa
1148 3927 1318 4029 quibusvis,

142 4017 186 4078 in
184 4019 271 4098 quos
290 4017 449 4091 inciderit,
467 4016 678 4090 insidiabitur,
696 4018 787 4077 talem
806 4018 974 4080 custodiam
993 4018 1179 4079 decreuisse:
1209 4015 1246 4074 iis
1266 4034 1317 4073 ve-

95 4121 189 4189 ιο,
208 4102 357 4184 quisnam
375 4102 547 4162 libertatem
565 4103 709 4163 asserturi
723 4117 805 4175 sunt,
822 4115 920 4164 vestra
939 4105 1084 4165 societate
1099 4099 1317 4162 interdixisse?

88 4156 222 4270 'Ego
230 4201 310 4249 certe
330 4188 453 4269 quidem
471 4189 531 4250 hoe
549 4210 650 4269 neque
668 4188 842 4260 honestum,
861 4211 917 4249 nec
934 4189 1112 4273 edignitate
1127 4200 1232 4248 vestra
1252 4205 1318 4246 esse

104 4295 262 4334 censeo.
299 4275 398 4350 (luam
418 4273 499 4334 enirn
517 4282 606 4355 t'urpe
624 4273 719 4334 fuerit
735 4295 875 4335 accusare
893 4275 1163 4348 Lacedaemonios,
1182 4271 1296 4352 quod
1287 4293 1318 4330 ιιι

81 4351 267 4421 foedera
277 4359 476 4435 retulerunt,
498 4360 589 4475 licere
607 4361 766 4475 Persarum
785 4362 851 4475 regi
870 4362 1004 4423 Graecos
1012 4361 1127 4429 Asiam
1145 4359 1317 4474 incolentes

373 4451 385 4481 Ι
478 4482 481 4486 .
