2722 4754
48 103 63 163 .·
136 110 200 178 ,aa
353 128 360 134 ·
421 74 1056 229 osnosrusnr‘sonssro·

63 293 78 304 ‘
134 262 249 345 Chius,
274 272 375 349 neque
397 265 541 340 Rhodus,
565 266 667 348 neqn'e
690 262 825 353 Corcyra
847 264 1008 334 nobiscum
1033 273 1128 361 crat):
1158 266 1321 357 pecuniae

30 395 31 399 =
78 372 80 379 '
135 357 286 420 tributum
311 353 349 413 ad
374 350 512 432 quinque
538 363 571 434 et
595 354 792 436 quadraginta
819 355 948 433 talenta,
977 374 1068 441 atque
1093 383 1128 422 ea
1152 362 1213 423 iam
1240 375 1315 423 ante

136 455 223 505 erant
241 451 356 500 exacta:
387 435 515 498 militem
533 450 585 499 aut
600 439 753 520 equitem,
779 455 899 521 praeter
916 443 1118 522 domesticos,
1145 447 1313 508 neminem.

136 527 231 605 Quod
248 544 322 587 vero
340 535 404 583 erat
422 524 558 606 omnium
581 525 709 584 maxime
734 538 765 585 et
788 526 1022 592 formidolosum
1046 533 1138 592 nohis
1161 533 1312 602 etzhosti-

135 614 193 676 bus
213 623 438 694 opportunum:
473 609 524 671 isti
543 610 726 686 effecerant,
753 624 789 671 ut
807 613 930 674 finitimi
946 637 1053 678 omnes
1072 617 1242 679 inimicitiis
1264 640 1312 680 es-

69 715 78 726 *
136 696 337 778 sent,'quam
356 694 516 770 amicitiae,
533 696 724 776 propriores,
742 697 953 781 Megarenses,
970 702 1125 778 Thebani,
1142 703 1313 767 Euhoeens

135 778 201 851 ses,
235 782 282 843 Ac
299 781 367 842 talis
386 793 481 841 status
501 793 564 840 erat
581 781 792 863 reipublicae:
812 805 912 865 neque
930 801 1051 867 praeter
1067 788 1142 849 haec
1159 789 1244 849 aliud
1264 789 1313 849 di·

47 927 58 933 ..
136 889 205 932 cere
231 868 390 950 quisquam
414 865 536 947 poterit
579 866 667 942 Quae
690 879 792 927 autem
810 868 944 953 Philippi
961 872 1084 934 fortuna
1102 872 1312 949 fuerit,'cum

135 977 198 1039 quo
224 966 377 1017 certamen
403 950 492 1010 nohis
516 964 598 1025 erat,
625 953 822 1014 considerate.
864 956 1000 1018 Primum
1017 971 1155 1039 praeerat
1172 960 1227 1034 iis,
1257 959 1314 1042 qui

135 1064 206 1105 eum
216 1038 440 1120 sequebantur,
456 1057 513 1117 pro
526 1035 646 1117 imperii
663 1039 857 1100 auctoritate:
876 1043 1110 1122 quodomnium
1124 1044 1250 1106 maximi
1265 1057 1320 1108 est
1345 1112 1348 1117 ,

128 1122 168 1190 ¹in
186 1146 220 1186 re
238 1124 347 1186 bellica
365 1122 525 1182 momenti..
554 1122 674 1182 Deinde
693 1122 739 1184 illi
756 1146 836 1185 arma
854 1122 1003 1209 perpetuo
1021 1129 1175 1192 habehant
1193 1131 1227 1190 iu
1246 1152 1314 1191 ma·
1343 1168 1347 1175 ·

136 1214 235 1275 nibus.
266 1209 315 1269 Ad
332 1206 408 1268 haec
425 1207 553 1289 pecunia
573 1207 762 1285 abundabat,
780 1223 827 1285 et,
846 1206 924 1292 quie
943 1213 971 1274 ei
988 1213 1050 1285 visa
1069 1230 1171 1290 erant,
1189 1215 1317 1300 agebat,

136 1320 200 1361 non
219 1294 348 1372 decretis
367 1306 436 1377 apte
455 1294 654 1369 denuntians,
669 1290 773 1376 neque
788 1295 887 1377 palam
907 1299 1087 1376 deliberans,
1103 1317 1205 1382 neque
1225 1323 1243 1362 a
1262 1322 1311 1363 ca-

136 1379 370 1457 lumniatoribus
388 1378 593 1464 exagitandos,
610 1401 711 1460 neque
727 1379 905 1443 violatarum
920 1384 1022 1468 legum
1037 1388 1236 1461 accusandus,
1254 1408 1309 1447 ue-

134 1491 197 1555 que
215 1468 356 1548 cuiquam
374 1464 539 1526 obnoxius:
557 1467 610 1526 sed
630 1466 720 1548 plane
738 1467 802 1548 ipse
820 1468 979 1544 dominus,
997 1470 1176 1554 imperator,
1194 1472 1307 1556 guber-

123 1557 226 1619 'nator
243 1552 388 1614 omnium.
431 1548 498 1635 Ego
515 1571 606 1627 vero,
631 1551 684 1632 qui
708 1552 736 1613 ei
761 1555 935 1616 adversarer
958 1554 1042 1639 (nam
1061 1569 1092 1618 et
1109 1557 1170 1618 hoc
1188 1556 1305 1638 exquiri

135 1663 268 1723 aequum
286 1635 357 1720 est),
375 1635 461 1697 cuius
479 1636 525 1696 rei
541 1650 723 1718 potestatem
740 1637 907 1713 habebam?
924 1641 1054 1702 Nullius.
1069 1643 1208 1708 Primum
1226 1641 1304 1704 enim

64 1778 66 1782 Α
135 1728 231 1811 ipsam
254 1722 419 1784 conciones
445 1721 578 1801 habendi
601 1722 794 1798 facultatem,
820 1725 914 1795 cuius,
932 1726 1028 1788 solius
1052 1750 1133 1788 eram
1156 1728 1303 1810 particeps

91 1822 94 1827 '
135 1833 215 1897 ego,
233 1815 385 1888 exaequo
403 1808 621 1889 proponebatis
638 1830 693 1870 vos
711 1808 792 1870 illius
810 1811 1003 1873 mercenariis
1021 1813 1162 1874 etmihi:
1189 1826 1221 1874 et
1239 1812 1302 1895 qni-

135 1900 193 1961 bus
211 1895 257 1958 illi
273 1895 366 1956 rehus
384 1914 433 1955 me
450 1894 637 1975 superabant
656 1895 766 1978 (multa
784 1897 1055 1963 autemeiusmodi
1071 1898 1205 1974 fiebant,
1241 1897 1304 1959 aliis
1330 1937 1333 1941 -

128 1985 193 2046 'alia
211 1983 249 2043 de
268 1977 395 2062 causis),
416 2001 459 2054 ,ea
477 1999 532 2040 vos
550 2001 606 2061 pro
625 1979 765 2042 hostibus
783 1982 1000 2044 decernebatis.
1042 1984 1108 2044 Etsi
1126 1997 1230 2045 autem
1247 2003 1305 2068 ego

134 2083 222 2133 tanto
240 2088 322 2127 eram
340 2065 492 2135 deteriore
510 2065 825 2141 conditione:tamen
842 2067 1019 2140 sociosseci
1036 2070 1123 2130 vobis
1140 2070 1305 2133 Euboeen-

109 2146 114 2159 ’
136 2151 376 2231 ἐεέ,ἈςΙιαθοε,
395 2147 591 2225 Corinthios,
607 2150 781 2227 Thebanos,
798 2154 1008 2236 Megarenses,
1024 2146 1213 2229 Leucadios,
1230 2150 1307 2215 Cor-

105 2230 113 2261 *
136 2260 279 2327 cyraeos:
296 2235 439 2320 aquibus
458 2248 489 2297 et
506 2237 660 2319 peregrini
678 2236 789 2299 milites
808 2239 984 2319 quindeeIes
1002 2240 1096 2316 mille,
1114 2241 1208 2319 ethis
1225 2232 1306 2301 mille

127 2325 275 2408 equites,
302 2323 417 2402 absque
443 2320 601 2407 oppidanis
629 2322 742 2403 copiis,
770 2340 994 2387 convenerunt:
1022 2326 1170 2407 pecuniae
1195 2338 1308 2399 autem,

113 2408 279 2493 ”quantam
302 2408 408 2491 potui,
437 2406 701 2468 contributionem‘
721 2408 818 2470 effeci.
861 2410 982 2486 Quodsi
1007 2424 1060 2472 aut
1083 2413 1121 2472 de
1144 2413 1212 2472 iure
1237 2431 1309 2493 erga

80 2530 87 2543 ·
134 2494 298 2558 Thebanos
317 2492 410 2568 dieis,
428 2491 600 2570 Aeschine,
625 2505 678 2553 aut
696 2514 765 2578 erga
782 2495 965 2579 Byzantios,
983 2509 1036 2558 aut
1053 2519 1124 2580 erga
1141 2496 1308 2574 Euhoeen-

135 2604 202 2661 ses,
226 2593 280 2649 aut
295 2581 336 2640 de
352 2570 730 2659 rationibus'aequalitatis
747 2601 830 2641 nunc
848 2578 997 2663 disputas:
1023 2584 1155 2664 primum
1172 2582 1310 2666 ignoras,

135 2667 209 2729 olim
228 2666 329 2740 etiam,
347 2672 417 2726 eum
434 2684 491 2745 pro
505 2663 693 2725 Graecorum
711 2664 890 2727 defensione
908 2679 1061 2728 trecentae
1079 2669 1218 2729 triremes
1234 2665 1309 2728 uni-

135 2773 238 2816 versae
251 2751 453 2825 dimicarent,
478 2749 696 2831 rempublicam
714 2765 865 2826 nostram,
891 2773 968 2832 quae
987 2754 1130 2814 ducentas
1148 2750 1308 2835 praebuis-

52 2846 113 2904 196
138 2851 204 2915 set,
238 2858 302 2897 non
319 2834 460 2896 iniuriam
478 2833 538 2895 sibi
555 2848 676 2916 putasse
693 2836 778 2912 fieri,
813 2831 914 2918 neque
932 2837 964 2897 in
982 2838 1129 2900 iudicium
1146 2836 1309 2899 adduxisse

78 2921 81 2928 '
135 2924 217 2986 illius
242 2921 363 2984 consilii
386 2933 543 2994 auctores,
568 2941 669 3002 neque
692 2920 723 2981 id
748 2922 982 3006 graviterferre
1000 2924 1093 2985 visam
1111 2945 1178 2985 esse
1202 2921 1310 3009 (turpe

136 3009 217 3083 enim
235 3005 373 3090 luisset),
391 3006 445 3066 sed
463 3005 521 3066 diis
540 3005 760 3069 immortalibus
777 3007 919 3088 habuisse
936 3009 1077 3092 gratiam,
1096 3010 1190 3090 quod,
1210 3007 1309 3068 Grae-

135 3095 179 3156 cis
198 3093 353 3154 communi
370 3090 507 3180 periculo
526 3089 754 3168 circumventis,
773 3093 838 3177 ipsa
855 3094 950 3177 duplo
967 3096 1064 3177 plura,
1082 3090 1171 3175 quam
1189 3092 1254 3166 alii,
1272 3091 1310 3169 ad

104 3179 110 3187 '
135 3180 281 3242 tuendam
306 3179 434 3238 salutem
460 3177 596 3238 omniurn
622 3179 818 3240 contulisset:
844 3180 955 3241 deinde
978 3182 1099 3259 inanem
1117 3180 1154 3240 ab
1172 3179 1221 3239 his
1238 3198 1310 3259 gra-

136 3264 210 3327 tiam
228 3263 287 3323 inis
304 3284 353 3323 me
371 3262 591 3324 calumniando.
617 3259 681 3323 Cur
698 3265 780 3331 enini
798 3287 880 3326 nunc
899 3265 990 3346 dicis,
1009 3288 1086 3347 quae
1104 3258 1220 3348 agenda
1238 3262 1326 3340 lue3

136 3351 216 3411 rint:
243 3371 277 3410 ac
295 3371 358 3409 non
376 3362 441 3409 turn
459 3348 580 3429 potius,
606 3371 676 3409 eum
692 3371 835 3431 praesens
851 3351 886 3432 in
903 3351 980 3412 urhe
997 3353 1136 3425 adesses,
1159 3351 1310 3411 decerne-

136 3436 200 3510 bas,
218 3434 244 3495 si
261 3455 317 3516 per
333 3433 539 3514 illatempora
556 3435 683 3510 licebat,
701 3435 812 3515 quihus
830 3457 894 3496 non
912 3457 964 3511 ea,
982 3459 1060 3518 quae
1077 3436 1236 3507 vellemus,
1255 3431 1310 3491 sed

135 3535 191 3595 e'a,
207 3541 285 3602 quae
303 3518 429 3602 negotia
445 3520 568 3596 darent,
586 3533 673 3581 erant
689 3521 884 3602 accipienda?
908 3521 984 3582 Nam
1003 3509 1056 3604 qui
1073 3534 1181 3582 contra
1199 3519 1309 3581 licere-
1341 3517 1346 3523 “

33 3622 39 3685 j
136 3620 188 3668 tn'r
203 3619 237 3666 et
254 3605 394 3666 celeriter
411 3627 427 3665 a
445 3600 536 3665 nobis
553 3605 693 3688 repulsos
710 3606 861 3688 acciperet
878 3617 909 3666 et
925 3607 1057 3688 pretium
1075 3606 1222 3689 augeret,
1256 3623 1309 3685 pa-

32 3705 35 3711 '
136 3705 219 3754 ratus
237 3692 348 3752 aderat
384 3690 513 3766 ,Quodsi
531 3712 612 3753 nunc
631 3692 669 3751 de
692 3691 731 3752 iis
754 3692 895 3765 ac'cnsor,
923 3713 999 3775 quae
1017 3705 1102 3776 gesta
1120 3703 1209 3753 sunt:
1236 3685 1334 3769 quid,

136 3779 272 3839 loturum
291 3763 385 3837 luisse
403 3775 531 3857 putatis,
567 3778 608 3852 si,
643 3798 692 3861 me
714 3790 780 3838 tum
805 3778 843 3836 de
861 3777 907 3837 his
926 3778 1105 3859 scrupulose
1123 3779 1319 3858 disputante„

135 3863 271 3925 abissent
294 3861 385 3922 urbes
411 3875 442 3921 et
466 3883 498 3922 se
524 3883 593 3923 cum
610 3861 1021 3944 Philippo-coniunxissent,
1048 3862 1135 3943 isque
1162 3858 1255 3921 simul
1281 3869 1311 3918 et

136 3949 282 4009 Euboeae
300 3960 338 4009 et
354 3939 526 4007 Thebarum
551 3961 582 4009 et
604 3947 743 4032 Byzantii
767 3948 883 4030 potitus
910 3947 1010 4008 esset?
1035 3948 1192 4023 Quidnam
1217 3942 1311 4005 luisse
1341 3968 1344 3973 ·

103 4042 110 4061 ‘
136 4032 271 4096 facturos
297 4014 351 4093 adt
376 4032 511 4093 dicturos
536 4033 665 4094 censetis
690 4032 801 4113 impios
824 4032 900 4092 istos
926 4031 1088 4093 homines?
1116 4016 1231 4095 Nonne
1259 4048 1311 4089 eos

38 4138 49 4183 ἡ
138 4138 205 4180 esse
221 4118 499 4179 desertosi‘nonne
518 4137 584 4178 esse
601 4118 750 4200 repulsos,
768 4139 838 4177 cum
856 4117 1017 4178 nobiscum
1035 4138 1103 4178 esse
1121 4112 1313 4178 voluissent?

139 4205 228 4265 lllum
246 4203 349 4285 itaque
367 4204 600 4285 Hellespontum
617 4224 672 4284 per
687 4203 852 4286 Byzantios
871 4203 1056 4264 obtinuisse:
1081 4202 1314 4265 frumentariam
1335 4240 1349 4251 -·

138 4290 172 4351 in
192 4291 351 4351 Graecia·
367 4289 539 4361 rectionem
557 4287 588 4348 in
606 4300 788 4370 potestatem
806 4310 891 4348 suam
908 4288 1079 4370 redegisse:
1108 4289 1227 4349 bellum
1246 4287 1315 4349 fini.
