2722 4754
233 158 255 185 ·’
324 186 327 191 ·
394 208 397 213 -
458 172 805 272 xonsortosa.
934 149 1031 277 μ’,
1091 144 1108 267 ζ
1178 185 1238 249 aaa

89 349 222 442 putabam*
233 347 426 409 calumniari:
455 356 485 406 et
501 343 720 425 transferendis
745 341 951 424 temporibus,
978 344 1137 426 ¹causisque
1156 346 1238 406 falsis
1289 404 1294 415 ,

91 443 220 506 redonum
237 436 307 503 loco
326 434 465 503 verarum
489 424 895 510 substituendisspeeiosam
922 428 1031 490 afferre
1059 432 1237 494 orationem.
1330 480 1336 487 1

92 518 222 591 Noutum
240 541 275 580 ea
298 519 447 580 licebant:
472 516 525 575 sed
543 515 714 596 propinqua
738 515 881 588 veritate,
906 514 992 575 factis
1016 517 1116 593 adhuc
1138 534 1237 580 vestra

95 618 119 676 in
132 607 264 673 memoria
275 603 486 676 ¹versantibus,
506 614 538 660 et
554 613 679 659 tantum·
691 621 754 659 non
773 600 804 658 in
822 600 962 659 manibus
980 604 1088 664 restris
1106 605 1236 669 colloca-

96 702 126 763 ᾗ,
138 692 267 776 singulis,
292 710 400 750 omnes
419 685 571 756 orationes
589 686 719 745 fuissent
736 684 864 763 habitae.
899 686 1112 770 Quapropter,
1135 713 1238 753 rerum

96 776 272 870 praesentium
291 773 504 855 disquisitione
519 771 678 845 declinata,
696 793 778 830 nunc
796 771 948 851 posterius
963 774 1063 833 venit:
1082 777 1168 855 quasi
1182 790 1236 839 v'os
1326 822 1330 829 ,

98 882 223 933 oratorum
240 861 348 929 ludum
365 857 414 942 (ut
431 857 506 916 milri
525 857 647 936 quidem
665 853 800 939 videtur)
819 869 850 915 et
866 879 930 917 non
949 870 1013 919 acta
1031 854 1238 941 inrepublica

98 950 289 1018 mninaturos
309 965 374 1005 esse
393 943 586 1015 existimaret,
605 943 687 1001 etde
702 942 802 1003 verbis
821 942 977 1025 iudicium,
993 964 1059 1002 non
1077 947 1115 1005 de
1133 950 1235 1026 publi·
1261 956 1322 1014 194

98 1039 189 1102 calore
203 1031 346 1110 utilitate,
366 1019 418 1088 ”Et
435 1042 536 1088 tamen
553 1040 711 1110 argutatur
729 1039 759 1086 et
777 1028 865 1101 dicit,
892 1051 981 1108 quam
1002 1030 1179 1109 opinionem
1198 1038 1237 1095 de
1268 1026 1270 1031 ¹
1310 1069 1314 1076 =

69 1120 164 1188 suebis
180 1121 266 1179 domo
282 1117 401 1177 allatam
415 1114 591 1187 habueritis,
610 1135 675 1172 eam
688 1133 760 1177 esse
776 1114 1006 1197 negligendam:
1023 1117 1077 1175 sed
1091 1123 1236 1198 quemad-

97 1210 210 1279 nodum,
235 1224 304 1263 cum
323 1200 499 1260 existimetis
518 1219 676 1279 superesse
694 1199 855 1278 pecuniam
873 1200 980 1273 alicui,
998 1201 1024 1260 si
1040 1204 1161 1265 ratione
1178 1229 1235 1288 pu-

96 1309 145 1358 tata
157 1289 215 1375 puri
227 1289 293 1348 'sint
311 1282 417 1356 calculi
435 1284 574 1364 nihilque
591 1285 732 1365 supersit,
750 1285 940 1344 concedatis:
957 1286 1001 1345 sic
1018 1300 1049 1347 et
1067 1279 1148 1350 nuric
1167 1313 1234 1352 ora·
1309 1320 1312 1326 ·

97 1379 173 1443 tionis
187 1369 411 1458 probationibus
431 1391 496 1431 esse
514 1370 749 1431 assentiendum.
784 1371 924 1451 Spectate
939 1375 1054 1447 autem,
1072 1398 1163 1455 quam
1181 1400 1234 1438 na-

99 1481 155 1528 tura
164 1463 196 1523 sit
206 1457 438 1532 ruinosumputi
451 1479 505 1536 par
519 1469 573 1530 est,
593 1454 739 1536 quicquid
751 1477 815 1515 non
828 1469 911 1517 recte
926 1470 1026 1517 actum
1039 1461 1140 1523 suerit
1157 1463 1235 1524 Nam
1314 1498 1316 1502 ⁸

41 1610 43 1617 ,
96 1551 176 1612 isthoc
186 1548 246 1628 ip'so
262 1539 392 1624 sapienti
406 1543 542 1623 exemplo
563 1539 736 1616 confitetur,
754 1563 836 1602 nunc
849 1558 902 1602 'vos
919 1542 1029 1604 habere
1047 1552 1235 1626 persuasum,
1295 1552 1299 1563 ⁴
1318 1622 1321 1626 4

95 1657 134 1698 me
147 1632 246 1716 patriae
264 1652 383 1690 causam
402 1629 576 1700 defendere,
594 1649 626 1687 se
644 1627 785 1708 Philippi.
819 1627 928 1708 Neque
949 1630 1029 1693 enim
1049 1655 1065 1691 a
1083 1637 1235 1696 sententia
1325 1626 1328 1631 ’

41 1710 46 1725 ’
96 1712 219 1782 deducere
235 1737 289 1776 vos
308 1716 461 1788 studeret,
486 1712 546 1773 nisi
565 1714 602 1772 de
619 1725 753 1792 utroque
778 1727 918 1775 nostrum
936 1717 1004 1777 talis
1024 1712 1105 1779 esset
1121 1722 1234 1802 opinio.
1309 1726 1316 1735 ”

53 1806 66 1875 ζ
96 1803 270 1867 Verumeum
293 1822 357 1861 non
381 1813 463 1861 recte
491 1800 605 1873 dicere,
634 1798 686 1878 qui
703 1819 758 1858 vos
783 1820 848 1859 eam
875 1800 1053 1882 opinionem
1075 1806 1235 1887 ³deponere

94 1890 219 1974 postulet,
237 1908 295 1969 ego
313 1887 400 1947 facile
419 1885 554 1946 docebo:
577 1905 641 1959 non
660 1884 782 1944 calculis
800 1885 906 1965 positis
925 1885 1043 1970 (neque
1059 1891 1140 1950 enim
1160 1883 1235 1953 haec
1269 1922 1271 1936 ·

48 2024 52 2029 .
94 1989 131 2037 est
145 1973 278 2057 pecuniae
297 1969 508 2054 computatio),
527 1971 580 2030 sed
594 1968 715 2051 singula
730 1971 833 2050 paucis
853 1976 1131 2051 commemorando,
1150 1980 1233 2039 conl-

93 2059 257 2144 pntatoribus
269 2058 365 2130 ⁴simul
384 2071 414 2117 et
431 2056 559 2117 testibus
584 2054 775 2129 auditoribus
793 2052 880 2116 vobis
897 2079 1016 2118 usurus.
1051 2061 1123 2138 Mea
1137 2064 1234 2123 'admi-

93 2145 218 2223 nistratio,
235 2166 323 2224 quam
341 2143 399 2203 iste
417 2154 545 2216 accusat,
563 2140 675 2217 effecit,
694 2141 730 2200 et¹
741 2154 782 2201 ut'
793 2140 937 2223 Thebani·
949 2164 1012 2204 non
1031 2167 1100 2205 cum
1117 2147 1234 2230 Philip-

58 2269 61 2273 ·
94 2233 309 2313 poinnostram
334 2228 482 2293 ditionem
506 2224 721 2309 irruerent(id
740 2229 824 2306 quod
851 2242 956 2288 omnes
981 2230 1119 2291 futurum
1144 2248 1232 2315 puta·
1317 2249 1320 2255 '

95 2315 173 2401 bant),
187 2315 410 2377 sedconiuncti
426 2313 587 2373 nobiscum
606 2311 691 2371 illum
710 2311 924 2393 prohiberent:
944 2327 975 2375 et
988 2329 1024 2392 ut
1036 2316 1150 2379 bellum
1168 2341 1232 2381 non
1283 2322 1285 2329 ’

92 2403 119 2461 in
134 2402 219 2463 tlttica
235 2413 328 2476 esset,
354 2401 408 2460 sed
427 2401 619 2482 septingenta
635 2397 731 2458 stadia
749 2398 786 2458 ab
803 2399 880 2460 urhe
898 2399 930 2460 in
954 2398 1068 2462 finibus
1085 2399 1234 2466 Boeotiae

93 2486 324 2565 committeretur:
344 2500 375 2546 et
392 2499 427 2545 ut
445 2506 508 2545 non
526 2483 657 2545 Euboici
674 2483 811 2544 latrones
826 2506 883 2545 nos
902 2485 1066 2548 hostilibus
1084 2490 1232 2572 direptio-

81 2571 168 2644 nibus
182 2585 325 2649 rexareut,
343 2572 398 2632 sed
415 2583 451 2631 ut
460 2567 562 2632 Attica
579 2582 682 2651 pacata
698 2583 778 2630 esset
790 2570 891 2631 amari
907 2572 1003 2632 totius
1018 2573 1095 2655 belli
1111 2589 1233 2659 tempo-

90 2677 136 2717 re:
156 2655 238 2739 utque
254 2658 413 2739 Philippus
432 2655 685 2738 nec‘Byzantiurn
704 2669 840 2736 caperet,
858 2677 916 2716 nec
933 2658 1167 2740 Hellespontum
1180 2677 1232 2723 :te-

90 2757 184 2816 ncret,
196 2743 244 2803 sed
256 2757 290 2805 ut
307 2743 447 2828 Byzantii
464 2741 623 2802 nobiscum
639 2740 727 2823 illum
746 2756 965 2823 oppugnarent
999 2743 1157 2825 Numquid
1174 2747 1233 2808 tibi

90 2827 199 2888 calculis
218 2829 394 2890 conferenda
418 2827 541 2888 videtur
563 2825 718 2887 actionum
744 2826 966 2903 consideratio,
994 2836 1047 2891 a'ut
1071 2851 1107 2891 ex
1132 2852 1231 2913 aequo
1260 2852 1268 2879 t

89 2912 152 2993 haec
163 2913 290 2974 'tollenda
308 2926 449 2974 essez'ac
466 2933 530 2972 non
547 2911 650 2993 potius
668 2910 699 2970 id
717 2913 886 2994 agendum,
904 2925 939 2972 ut
956 2912 1235 2981 aeternae-memo?

87 2997 141 3058 riae
150 3000 384 3063 consecrentur?
418 2998 527 3079 Neque
545 2997 604 3058 iam
622 2994 748 3071 adiicio,
773 2997 999 3076 crudelitatem,
1025 3022 1114 3080 quam
1133 3002 1164 3062 in
1184 3004 1234 3079 iis,
1254 3048 1257 3053 .

64 3105 199 3163 ¹quorum
223 3085 364 3147 dominus
391 3080 516 3144 omnino
542 3084 638 3143 factus
658 3094 741 3156 erat,
766 3083 990 3163 videreulieuit,
1016 3086 1247 3170 aliis-experiri·

87 3170 246 3252 contigisse:
264 3170 459 3232 humanitatis
476 3181 596 3250 autem,
615 3189 705 3249 quam
724 3181 855 3230 caeteras
873 3168 926 3229 ille
943 3191 992 3232 res
1010 3172 1140 3233 moliens
1160 3168 1231 3258 erga

83 3274 132 3313 vos
146 3255 309 3330 simulabat,
327 3279 398 3332 vos,
420 3266 458 3316 ut
475 3256 592 3330 decuit,
616 3255 748 3314 fructum
766 3254 944 3336 percepisse.
988 3260 1231 3320 Verum=omisto
1308 3276 1313 3280 ·

83 3337 152 3400 haec.
190 3343 272 3417 Quin
297 3342 372 3402 illud
399 3341 489 3403 etiam
513 3342 613 3401 dicere
638 3358 702 3400 non
722 3340 867 3414 verebor,
894 3340 947 3421 qui
970 3355 1125 3407 oratorum
1147 3340 1231 3406 recte

82 3425 233 3504 explorare,
250 3449 328 3506 ‚non
347 3426 522 3494 calumniari
538 3426 627 3500 velit,
656 3447 726 3486 eum
744 3446 825 3500 non,
853 3446 930 3506 quae
948 3439 983 3486 tu
1000 3450 1082 3503 nunc
1100 3430 1237 3504 dicebas,

80 3523 341 3586 eaaccusaturum,
379 3513 514 3593 exempla
531 3511 737 3594 confingendo
757 3525 788 3571 et
804 3512 896 3572 verba
915 3524 945 3571 et
961 3525 1065 3596 gestus
1084 3515 1231 3576 imitando

75 3592 122 3677 (ex
139 3614 172 3654 eo
188 3597 284 3672 enim,
309 3618 413 3659 nonne
430 3598 538 3672 vides,¹
555 3618 619 3656 non
637 3608 785 3656 mutatum
805 3618 870 3658 esse
889 3594 1035 3660 Graeciae
1053 3613 1181 3676 statum,
1205 3601 1231 3661 si
1289 3607 1292 3611 '

74 3679 127 3740 boc
144 3701 197 3764 ego
214 3682 353 3759 verbum,
371 3704 435 3744 non
452 3683 528 3743 illud
547 3683 685 3743 elocutus
703 3704 787 3742 sum:
813 3696 865 3743 aut
882 3683 943 3744 huc
960 3705 1093 3761 manum,
1107 3686 1230 3747 -nonil-

72 3763 118 3825 luc
138 3766 313 3851 transtuli):
332 3769 384 3829 sed
410 3769 488 3850 ipsas
511 3767 846 3830 res-consideraturum
863 3769 982 3851 fuisse:¹
996 3793 1071 3850 quas
1090 3768 1232 3833 habuerit

71 3851 239 3920 occasiones
250 3854 442 3936 respublica,
462 3865 493 3914 et
510 3875 583 3934 quas
602 3852 714 3934 copias,
733 3875 801 3913 cum
818 3874 866 3915 res
884 3855 1031 3938 gerendas
1048 3858 1230 3941 aggredere·
1254 3862 1315 3920 195

68 3938 130 4012 tur,
142 3950 177 3997 -et
195 3961 269 4018 quas
288 3961 346 4023 ego
366 3939 394 3999 ei
413 3939 571 4020 deinceps,
588 3952 623 3998 ut
640 3940 677 3999 ad
694 3937 913 4020 rempublicam
929 3941 1057 4015 accessi,
1075 3963 1230 4023 compara-

65 4020 136 4095 rim,
161 4035 192 4082 et
209 4046 271 4104 quo
289 4025 360 4085 loco
378 4025 493 4085 suerint
510 4045 563 4085 res
577 4019 824 4085 adversariorum.
865 4026 957 4101 Post,
981 4026 1009 4105 si
1026 4046 1084 4108 ego
1102 4027 1230 4089 minuis-

64 4127 124 4168 sem
140 4109 262 4190 bopias,
291 4111 325 4170 in
342 4130 391 4171 me
409 4111 523 4171 crimen
540 4109 666 4170 haerere
684 4111 885 4171 ostendisses:
918 4104 966 4170 siri
983 4111 1112 4172 multum
1130 4108 1230 4177 auxis-

63 4201 149 4267 sem,
160 4214 225 4279 npn
243 4195 442 4261 calumniatus
461 4217 549 4256 esses.
578 4195 658 4271 Quia
676 4215 749 4255 vero
767 4209 803 4257 tu
820 4196 880 4256 hoc
896 4195 1019 4276 fugisti,
1038 4217 1096 4281 ego
1114 4198 1230 4261 faciam.

60 4276 164 4360 ltaque
190 4277 397 4366 consideratq,
411 4304 461 4342 an
483 4293 565 4341 recte
584 4281 641 4340 sim
659 4281 802 4341 dicturus.
844 4274 956 4360 Copias
981 4280 1077 4364 igitur
1099 4284 1230 4346 habebat

57 4364 244 4446 respublica,
262 4367 411 4428 insulares
428 4389 492 4428 non
509 4367 684 4452 universos,
701 4367 757 4443 se'd
773 4364 994 4455 infirmissimos
1012 4367 1228 4453 (nequeenim
