2722 4754
236 193 242 200 ”
290 173 1040 323 intensosasrsnoem-‘ousu
1074 219 1095 278 ι.
1148 263 1151 267 .
1198 162 1308 280 ,ιιι1

95 368 156 429 sita
173 368 292 450 cuique
307 369 436 433 libidine
453 371 586 447 vivendi,
602 371 723 433 lieentia
738 372 843 433 detur:
861 394 926 434 non
942 371 1113 454 respublica
1130 362 1285 436 duntaxat'

96 455 248 528 intereat,
273 457 328 515 sed
347 456 423 517 nibil
442 457 532 517 etiam
550 457 635 530 inter,
648 470 784 519 nostram
802 468 839 518 et
850 457 1021 527 belluarum
1036 458 1127 521 vitam
1144 457 1274 519 intersit

99 538 187 617 Quid
204 540 287 600 enim
305 539 397 601 istum
414 541 514 622 ipsum
525 539 699 603 sactorum
687 541 816 623 putatis
832 543 985 625 abrogatis
1003 544 1138 627 legibus,
1157 545 1221 646 qui·
1227 543 1272 606 vi-

98 626 244 709 gentibus
263 625 324 687 illis
342 639 389 687 est
405 627 496 689 talis?
531 624 610 688 Cum
625 641 728 689 autem
745 627 778 687 in
796 628 937 688 confesso
955 629 1011 704 sit,
1035 630 1118 713 leges
1135 629 1274 712 proxime

48 760 55 769 .
99 723 131 772 et
146 712 317 773 secundum
337 712 410 772 deos
429 713 665 774 conservatrices
679 732 744 773 esse
762 710 961 793 reipublicae:
980 714 1069 775 decet
1087 736 1192 777 omnes
1207 738 1273 791 vos,

96 797 228 883 perinde
248 810 282 858 a'c
299 818 327 856 st
316 796 381 857 ad
400 799 558 858 collectam
584 798 802 881 complendam
820 798 983 877 sederetis,
1010 797 1271 882 obtemperantem
1294 809 1356 868 493

97 880 178 958 illis,
197 895 245 945 ιιι
240 904 306 963 qut
296 881 427 942 salutis
447 884 557 984 stipem
574 883 678 944 serat
668 896 818 966 integram
836 883 968 965 patriae,
987 883 1139 946 bonorare
1159 900 1189 946 et
1198 888 1270 950 --lau

97 969 185 1069 dare,
202 980 414 1028 contumacem
431 969 548 1048 punire.
567 965 703 1030 Collecta
718 967 799 1029 enim
809 967 911 1029 civilis
925 982 956 1029 et
969 969 1139 1033 communis
1153 991 1188 1030 ea
1196 985 1272 1033 sunt

96 1052 214 1128 omnia,
233 1073 312 1133 quae
325 1073 361 1112 ex
379 1053 600 1119 constitutione
615 1055 721 1138 legum
739 1053 869 1134 quisque
885 1054 1029 1114 latinius·
1047 1077 1137 1145 quarn
1150 1055 1203 1135 qni
1215 1077 1269 1117 ne
1338 1051 1346 1069 '

40 1146 42 1151 '
95 1139 200 1241 gligit,
217 1138 433 1213 Athenienses,
452 1140 545 1215 multa
563 1135 724 1222 praeclara,
737 1140 910 1220 splendida,
928 1140 1086 1221 magnifica
1103 1116 1191 1201 ubbir
1210 1141 1269 1200 eri-

94 1225 153 1306 pit,
172 1236 214 1298 et,
233 1231 380 1304 qnantum
393 1224 426 1283 in
437 1244 471 1284 se
488 1238 543 1298 est,
560 1227 747 1306 pessumdat
757 1226 901 1299 Quorum
916 1247 1013 1284 unum
1026 1236 1118 1304 atque
1131 1225 1270 1300 alterum,

94 1329 179 1391 quae
196 1308 355 1370 notissima
371 1309 458 1371 vobis
477 1322 565 1382 sunt,
583 1310 713 1410 exempli
731 1310 826 1391 gratia
841 1310 1009 1414 proferam:
1035 1311 1128 1383 Quod
1146 1302 1282 1373 senatus¹
1336 1349 1338 1355 ι

97 1395 362 1479 Quingentorum,
379 1406 506 1475 propter
523 1394 682 1454 infirmos'
673 1407 748 1454 istos
764 1394 925 1467 cancellos,
943 1393 1061 1455 secreto
1081 1395 1276 1459 deliberandi.
1325 1464 1327 1469 y
1355 1425 1358 1431 ·

93 1493 285 1562 potestatem
300 1478 392 1539 babet
410 1492 441 1539 et
457 1479 541 1562 vulgi
565 1479 740 1555 interventu
758 1496 821 1542 non
846 1479 1054 1560 perturbatur:
1079 1482 1163 1559 quod
1181 1502 1268 1542 sena-

93 1578 149 1626 tus
164 1565 417 1647 Areopagiticus,
439 1586 509 1625 cum
526 1565 559 1623 in
577 1565 705 1644 porticu
714 1564 798 1648 regia
815 1564 935 1626 sedenti
946 1564 1106 1625 funiculus
1123 1565 1268 1627 obtendi-

89 1661 169 1737 tur,
196 1650 377 1731 tranquillo
379 1651 444 1710 otio
460 1663 494 1711 et
511 1650 677 1712 solitudine
695 1651 825 1750 fruitur,
850 1660 882 1710 'et
900 1669 1005 1710 omnes
1025 1670 1041 1709 e
1060 1650 1174 1711 medio
1180 1673 1268 1721 eree-

89 1722 199 1802 dunt.
216 1735 296 1817 quod
304 1735 506 1818 magistratus
525 1755 648 1808 omnes,
666 1756 743 1815 quos
758 1735 785 1794 ii
802 1747 916 1819 gerunt
933 1755 960 1794 e
967 1734 1074 1808 vobis,
1092 1736 1213 1815 quibus
1221 1735 1268 1800 illi

94 1822 213 1884 sortito
230 1819 414 1903 obtigerunt,
432 1819 557 1881 simulac
574 1819 714 1881 minister
727 1835 780 1880 eos
794 1821 900 1903 egredi
915 1819 1024 1880 foras
1012 1821 1146 1895 iusserit,
1164 1821 1268 1904 legum

39 1951 41 1954 -
93 1916 176 1968 sunt
193 1917 361 1989 compotes,
379 1925 434 1987 per
451 1927 525 1985 quas
543 1905 710 1966 intromissi
726 1904 866 1978 fuerant,
885 1915 917 1967 et
933 1925 997 1966 non
1014 1903 1268 1986 importunissimi

92 2010 158 2072 per
167 1991 232 2053 uim
248 2011 280 2052 se
297 1990 459 2073 ingerunt:
477 1991 534 2051 alia
551 1994 699 2051 sexcenta
718 1990 828 2050 Omnia
845 1947 978 2077 denique
996 1991 1146 2081 praeclara
1164 2003 1267 2053 etan

92 2089 198 2175 gusta,
214 2088 269 2158 pe'r
286 2097 364 2156 quae
380 2077 454 2144 urbs
469 2088 500 2136 et
513 2088 640 2136 ornatur
653 2087 684 2136 et
691 2086 903 2159 conservatur,
919 2073 1043 2157 legibus
1058 2074 1181 2156 accepta
1193 2074 1266 2136 sunt
1308 2120 1314 2136 .

46 2230 51 2239 Ι
92 2155 273 2222 referenda.
291 2160 439 2223 modestia
457 2182 528 2262 erga
545 2173 696 2241 parentes,
714 2182 784 2243 erga
795 2172 878 2225 natu
895 2159 1030 2220 maiores
1043 2160 1266 2222 adolescentiae
1339 2210 1344 2219 .

91 2247 290 2320 verecundia,
308 2247 396 2321 ordo,
414 2242 575 2328 disciplina
584 2247 692 2328 legum
709 2246 887 2323 adiumento
904 2236 1020 2344 flagitia
1037 2258 1191 2327 superant,
1208 2245 1266 2305 im·
1298 2274 1300 2279 >

91 2331 289 2415 pudentiam,
301 2331 465 2406 audaciam,
482 2343 679 2392 contemtum.
712 2330 791 2391 Nam
812 2329 970 2389 temeraria
987 2348 1039 2389 res
1055 2343 1101 2390 est
1107 2329 1265 2411 improbi

60 2431 69 2443 ”
91 2426 140 2479 tas
150 2428 192 2483 et
207 2418 304 2481 audax
319 2429 356 2481 et
360 2415 515 2477 violenta:
529 2428 644 2490 contra,
661 2415 781 2477 bonitas
798 2413 962 2493 tranquilla
976 2425 1008 2474 et
1019 2413 1125 2474 timida
1140 2426 1171 2475 et
1180 2415 1265 2476 tarda

92 2516 134 2564 et
144 2503 247 2564 damni
264 2502 390 2583 patiens.
432 2503 527 2589 Leges
546 2500 641 2583 igitur
658 2500 796 2561 tuendae
790 2512 896 2572 sunt
906 2511 946 2558 'et
963 2514 980 2558 a
997 2498 1095 2573 vobis,
1114 2499 1168 2579 qni
1186 2519 1265 2599 quq-

92 2610 156 2670 que
174 2600 313 2669 tempore
330 2587 442 2648 iudicia
461 2585 624 2659 exercetis,
641 2577 873 2646 confirmandae.
915 2584 1033 2647 Harum
1049 2583 1133 2647 enim
1149 2583 1264 2666 praeri-
1292 2580 1294 2585 ’

93 2674 149 2734 dio
167 2673 242 2735 boni
259 2686 333 2733 sunt
356 2672 501 2753 improbis
526 2671 707 2751 superiores.
749 2670 817 2729 Sin
821 2669 945 2730 minus:
954 2668 1126 2750 dissipata,
1151 2682 1292 2750 aperta,

96 2759 224 2819 eonbrsa
247 2771 319 2819 sunt
344 2757 462 2818 omnia:
486 2757 518 2818 in
543 2755 817 2837 perditissimorum
842 2767 875 2815 et
898 2754 1247 2834 improbissimorum
1220 2776 1264 2814 ιι-

95 2844 179 2905 vium
192 2853 355 2924 potestate
374 2855 420 2906 est
436 2840 614 2922 respublica.
657 2839 750 2923 Agite
768 2860 859 2913 vero,
884 2840 974 2900 deum
992 2837 1263 2914 immortalem,
1237 2860 1264 2900 ιι
1285 2852 1289 2872 ¹

94 2930 221 3008 ornnes,
247 2928 300 3008 qui
319 2929 353 3007 in
368 2928 444 2989 urbe
463 2928 595 3027 degunt,
621 2925 842 3008 Aristogitonis
861 2937 983 3009 sumant
999 2925 1157 2986 audaciam
1171 2931 1264 3005 atque
1322 2930 1329 2935 “

93 3012 326 3095 impudentiam,
345 3027 375 3074 et
392 3014 444 3088 it'a,
462 3025 499 3073 ut
515 3011 583 3085 iste,
604 3031 707 3071 secum
726 3011 873 3094 cogitent,
889 2994 982 3071 licere
1000 3022 1032 3070 et
1050 3010 1152 3072 dicere
1170 3023 1201 3071 et
1217 3009 1264 3069 ιι-

92 3118 162 3165 eece
180 3098 378 3179 aliquamdiu,
396 3092 542 3179 quicquid
559 3095 695 3169 libeat,
685 3105 718 3156 ιιι
734 3095 901 3177 populari
891 3095 1033 3176 imperio,
1049 3108 1140 3177 atque
1158 3095 1191 3170 ii,
1209 3095 1263 3176 qui
1339 3154 1349 3171 .

90 3184 139 3247 sic
156 3183 292 3245 animum
310 3184 495 3256 induxerint,
514 3181 767 3242 existimationem
784 3198 869 3241 suam
865 3182 1054 3282 negligant,
1072 3193 1106 3242 et
1121 3190 1226 3241 nemo
1226 3180 1263 3240 in

90 3268 156 3331 ullo
173 3270 311 3331 facinore
338 3269 544 3351 deprehensos
564 3266 671 3327 statim
690 3266 823 3327 occidat:
848 3266 875 3327 si
891 3266 986 3348 igit-ur
1002 3266 1044 3327 ita
1063 3265 1204 3347 quisque
1209 3285 1262 3326 co-

92 3355 179 3439 gitet,
199 3368 231 3416 et
243 3369 327 3416 sorte
345 3376 409 3415 non
427 3355 561 3416 delectus
580 3373 649 3419 cum
653 3351 794 3424 delecto,
812 3363 918 3413 etnon
935 3352 1122 3432 designatus
1124 3373 1195 3411 curn
1209 3351 1263 3410 de·
1291 3345 1296 3353 ’

91 3440 232 3522 signato,
239 3441 344 3502 eadem
360 3461 426 3501 esse
442 3436 590 3521 dignitate
602 3449 633 3496 et
642 3448 794 3517 potestate
806 3437 941 3496 studeat.
956 3435 1125 3514 sudemque
1139 3455 1262 3501 nonre-

90 3545 160 3600 nex,
174 3546 240 3586 non
256 3525 375 3586 iuvenis
392 3524 496 3585 officio
512 3522 667 3604 fungatur,
682 3522 747 3596 sed,
762 3541 848 3581 omm
837 3521 981 3585 ordine
986 3520 1147 3602 repudiato
1164 3519 1262 3593 evita,

90 3610 224 3711 quisque
252 3610 416 3671 libidinem
438 3629 493 3691 pro
519 3607 605 3688 lege,
634 3627 691 3688 pro
715 3605 910 3689 magistratu,
939 3626 996 3687 pro
1019 3626 1137 3666 summa
1158 3626 1262 3685 rernm

89 3695 231 3756 omnium
249 3695 372 3756 babeat:
400 3694 444 3754 ita
460 3717 486 3754 st
476 3693 664 3765 faciamus,
691 3691 841 3773 numquid
858 3690 931 3752 urbs
942 3690 1045 3761 incoli
1061 3711 1154 3772 porro
1172 3681 1262 3772 potc-

87 3780 152 3841 rit?
171 3780 322 3862 numquid
339 3779 420 3840 ulla
419 3800 512 3861 porro
529 3779 631 3838 sutura
640 3788 695 3837 est
710 3776 815 3877 legum
832 3776 1015 3838 auctoritas?
1033 3775 1194 3860 Quantum
1200 3796 1262 3836 au

86 3879 154 3927 tem
171 3865 337 3926 violentiae
356 3877 387 3926 et
404 3864 589 3925 insolentiae
602 3875 636 3922 et
659 3861 827 3942 iniquitatis
844 3873 877 3922 et
895 3862 1102 3923 conviciorum
1121 3857 1261 3942 quotidie
1283 3862 1347 3924 494

87 3950 157 4012 lore
170 3952 289 4033 putatis
308 3952 390 4015 loco
389 3949 479 4023 eius,
498 3969 576 4029 quae
593 3968 676 4009 nunc
694 3959 755 4027 est,
771 3947 998 4028 tranquillitatis
1017 3959 1049 4007 et
1066 3945 1262 4027 disciplinae?

82 4048 124 4096 'et
143 4050 295 4138 quorsum
322 4036 423 4098 dicere
431 4034 576 4133 attinet,
611 4030 730 4114 legibus
758 4045 789 4093 et
814 4033 1004 4093 observantia
1029 4031 1148 4114 legum
1156 4030 1261 4096 ornari

49 4121 214 4196 omnia,
221 4133 292 4189 cur'n
309 4141 369 4182 vos
381 4119 449 4201 ipsi,
467 4120 561 4180 modo
578 4116 723 4178 omnibus
734 4117 983 4178 Atheniensibus
991 4117 1201 4191 sortientibus,
1218 4130 1261 4192 et,

88 4208 179 4287 quod
192 4206 264 4268 ratis
280 4207 354 4282 seio,
372 4203 565 4286 cupientibus
584 4202 726 4265 omnibus
745 4202 846 4263 buius
851 4202 959 4264 iudicii
969 4202 1108 4265 ordinem
1103 4202 1260 4304 adipisci,

85 4291 147 4352 soli
164 4291 285 4352 nobis
275 4314 323 4354 rus
347 4289 475 4352 dicatis?
502 4285 583 4351 Cur?
602 4288 693 4365 Quia
718 4304 791 4349 sors
800 4288 888 4348 vobis
907 4287 1034 4389 obtigit.
1057 4288 1128 4368 qnia
1146 4287 1258 4349 sortito
1340 4356 1344 4361 ,

86 4377 196 4441 selecti
214 4375 303 4439 esus·
329 4376 408 4459 quia·
415 4375 527 4459 leges'
516 4387 561 4437 rta
576 4374 703 4437 iubent..
726 4373 816 4503 Quis
799 4373 903 4456 agitur
918 4373 977 4454 ipsi
994 4393 1037 4435 ex
1047 4370 1185 4455 legibus
1178 4354 1258 4435 istis
1281 4422 1304 4452 .,

841 4656 852 4685 x
882 4656 885 4661 “
939 4667 942 4673 .
