2722 4754
414 188 680 252 anvsnsns
715 188 933 254 morast·
967 169 970 179 '
1079 198 1100 214 ·’
1183 200 1269 257 επ

71 406 74 411 ,
101 351 175 435 igitar
189 338 381 423 desertorum
393 336 709 407 'ordinumaetionern
727 340 832 405 eontra
850 366 899 406 me
917 345 1184 422 machinatns'est,
1202 361 1244 424 et,

37 476 44 483 .
103 429 182 519 quiid
198 427 328 500 faceret,
355 429 493 488 mercede
512 429 658 489 conduxit
681 428 873 509 inquinatum
890 430 977 492 illum
996 445 1026 493 et
1043 432 1133 494 nimis
1152 420 1244 515 erpi-

103 522 178 584 ditun
194 513 412 574 Euctemoncm
430 512 642 593 pulvisculum,
659 512 876 595 praetermitto.
893 515 957 576 Nec
976 518 1058 578 enim
1071 516 1261 602 sycophann

46 645 52 657 .
104 622 128 669 a,
140 602 179 679 ille
194 595 268 657 mihi
285 597 443 679 negotium
461 596 592 672 facessit,
609 619 665 659 nec
682 598 741 660 iste
757 599 850 659 ullam
868 600 909 659 oh
924 600 1011 660 aliam
1030 624 1148 664 cansam
1167 624 1241 664 con-

51 740 56 751 ,
106 687 183 763 lugia,
204 680 264 742 nisi
280 693 316 742 nt
340 693 409 743 ante
432 694 545 743 statuas
571 683 699 743 heroum
724 695 869 756 exstaret,
895 705 1062 766 omnesque
1088 686 1243 750 viderent:

105 779 245 837 Euctemon
264 765 418 850 Lusienqis
437 769 589 829 accusavit
605 769 844 829 Demosthenem
861 768 1078 834 Paeaniensem
1105 774 1242 835 deserto-

106 881 154 923 ηῃ
168 852 311 916 ordinum.
345 851 392 911 Ac
409 852 484 912 mihi
502 853 623 914 videtur
640 853 726 926 illud,
737 847 770 913 'si
789 872 850 934 qno
868 855 1125 931 modo‘licnisset,
1143 858 1244 935 liben,

44 944 64 1015 ,¹
106 962 142 1009 aa
152 937 359 1017 adscripturus,
378 957 411 996 se
429 958 445 996 a
464 937 556 998 Midia
574 939 758 1000 conductum
778 959 926 999 accusare.
955 939 1015 999 Sed
1034 940 1108 1000 haec
1126 943 1244 1003 omitto.
1327 999 1330 1011 ,

100 1034 162 1093 *Nm
175 1043 232 1104 qno
248 1021 316 1102 ipse
333 1019 458 1092 indicio,
476 1022 596 1082 actione
612 1022 732 1097 omissa,
750 1022 893 1084 infamem
907 1043 974 1085 sese
990 1025 1134 1099 reddidit,
1152 1028 1190 1087 de
1204 1047 1242 1087 eo

106 1111 161 1178 nihl
179 1127 238 1168 non
263 1126 340 1187 opus
365 1114 412 1167 'est
436 1106 495 1189 alio
521 1107 654 1181 iudicio,
680 1109 734 1193 sed
759 1109 815 1169 hac
839 1108 959 1170 ultione
982 1132 1049 1170 sum
1073 1123 1245 1171 contentus.

106 1196 177 1276 Quod
192 1211 271 1264 vero,
289 1189 505 1266 Athenienses,
524 1204 555 1252 et
572 1194 724 1268 acerbum,
743 1208 774 1255 et
790 1193 1006 1268 miserandum,
1025 1207 1055 1256 et
1073 1215 1261 1271 commune.

34 1274 37 1279 ’
104 1281 163 1346 mili
175 1276 293 1359 quidem
311 1275 482 1357 piaculum,
508 1295 572 1336 non
589 1278 707 1352 scelus,
729 1279 895 1339 admissum
912 1299 978 1339 esse
996 1279 1033 1339 ab
1053 1300 1090 1339 eo
1108 1280 1244 1341 videtur:
1291 1316 1294 1321 ·

37 1382 42 1387 ·
104 1367 191 1430 illan
203 1361 308 1423 dicam.
342 1359 419 1420 Nam
438 1360 551 1421 afflicto
571 1375 601 1422 et
618 1383 799 1429 aerumnoso
818 1362 1015 1436 Aristarcho,
1032 1365 1151 1424 Moschi
1168 1365 1245 1439 filio,

107 1446 159 1514 ein
176 1446 284 1507 malum
308 1457 340 1505 et
364 1467 454 1527 grave
479 1446 818 1521 crimen'ohiiceretnr,
849 1448 996 1529 primum,
1028 1447 1244 1525 Athenienses,

33 1556 37 1567 ’
103 1535 196 1598 inforo
213 1529 411 1591 obambulans
430 1532 541 1611 impios
560 1545 591 1591 et
603 1552 671 1595 ¹nou
694 1526 838 1592 ferendos
857 1534 961 1593 deme
984 1554 1141 1596 sermones
1159 1556 1243 1615 spar-

100 1620 156 1705 gere
169 1615 309 1690 audebat,
327 1635 376 1674 me
394 1615 475 1674 illins
493 1615 636 1677 facinoris
655 1637 720 1677 esse
739 1630 901 1692 auctorem.
924 1617 1046 1693 Quibus
1062 1619 1155 1679 rebus
1174 1641 1244 1681 cum

98 1703 160 1766 nihil
174 1700 342 1784 proficeret,
361 1701 507 1761 accedens
522 1703 560 1761 ad
575 1722 639 1775 eos,
658 1702 711 1782 qni
726 1724 796 1762 eum
815 1703 914 1762 caedis
934 1702 999 1763 eius
1018 1702 1245 1778 insimulabant,

93 1785 207 1871 peremti
222 1784 419 1861 necessarios,
435 1786 595 1866 pecuniam
609 1786 820 1866 pollicebatur,
838 1786 928 1847 sime
946 1787 1026 1848 illins
1046 1788 1179 1849 criminis
1194 1785 1243 1848 ac'-

91 1883 226 1934 cusarent.
253 1871 320 1934 Nec
335 1871 372 1930 ab
392 1892 429 1930 eo
448 1884 559 1930 conatu
574 1871 622 1931 vel
640 1869 760 1953 religio,
778 1872 826 1932 vel
843 1872 936 1932 inset
948 1872 1003 1946 fas,
1020 1873 1068 1932 vel
1081 1866 1243 1953 quicquain

87 1979 152 2017 cnm
169 1955 248 2017 alind
263 1954 403 2037 impediit
419 1969 511 2036 atque
537 1955 700 2019 deterruit:
729 1977 786 2016 nec
804 1955 925 2015 illorum
944 1956 1071 2036 puduit,
1097 1980 1113 2018 a
1132 1957 1249 2038 quibus
1317 2000 1330 2031 s

82 2043 134 2101 ista
151 2039 289 2121 petebat,
315 2039 342 2099 si
359 2041 418 2100 tale
436 2063 470 2100 ac
487 2052 605 2103 tantum
632 2041 748 2100 crimen
764 2040 798 2099 in
816 2040 947 2118 aliquem
973 2039 1127 2102 insontem
1145 2043 1243 2101 conii·
1267 2037 1328 2097 349

79 2137 166 2187 reret.
208 2124 270 2185 Sed
287 2146 356 2185 cum
374 2125 456 2185 hunc
473 2147 570 2185 unum
588 2125 647 2185 sibi
665 2126 754 2206 qnasi·
768 2124 895 2185 limitem
913 2125 1119 2204 praefinisset,
1143 2139 1178 2187 ut
1194 2144 1245 2187 me

55 2228 58 2233 ·
78 2210 198 2272 tolleret
216 2210 371 2279 emedio:
396 2209 473 2270 nihil
490 2210 800 2291 praetermittendum
813 2229 891 2270 csse
917 2209 1009 2269 duxit
1053 2210 1148 2284 Quasi
1171 2231 1245 2282 uero

73 2298 233 2376 oporteat,
257 2295 312 2376 qui
329 2296 523 2355 contumeliis
542 2309 573 2356 et
597 2295 716 2357 iniuriis
735 2296 772 2355 ab
791 2315 828 2355 eo
854 2305 996 2354 oneratus
1020 2294 1170 2355 ultionem
1189 2294 1244 2357 fla-

62 2380 152 2463 'gitat
166 2387 225 2447 nec
242 2379 369 2454 reticet,
388 2393 465 2439 'eum
485 2381 716 2461 exterminatum
733 2379 803 2456 tolli
821 2398 837 2439 e
855 2378 957 2439 medio
975 2398 1032 2438 nec
1049 2400 1244 2459 usquamne-

69 2464 207 2546 spirare,
224 2465 300 2543 quin
319 2477 350 2523 et
368 2465 558 2525 desertorum
577 2465 718 2539 ordinum
735 2485 822 2525 reum
840 2462 961 2544 peragi,
990 2475 1020 2522 et
1038 2462 1137 2523 caedis
1156 2485 1244 2530 accu-

69 2550 157 2623 sari,
178 2543 346 2632 actaptnm
365 2570 429 2609 non
454 2551 523 2630 palo
543 2549 632 2632 affigi.
675 2549 797 2625 Quodsi
814 2548 889 2608 haec
907 2547 1022 2607 fecisse
1046 2549 1246 2613 convincetur
1315 2624 1317 2629 .

67 2646 194 2715 praeter
207 2654 252 2707 ea,
271 2635 382 2714 quibus
398 2633 430 2693 in
444 2633 598 2694 aedilitate
617 2654 666 2694 me
685 2632 862 2715 exagitavit:
880 2653 969 2712 quam
988 2630 1054 2693 inre
1073 2633 1244 2693 misericor-

71 2719 158 2779 diam
171 2738 188 2779 a
199 2718 298 2791 robis,
316 2740 405 2798 qnam
423 2719 542 2779 veniam
562 2716 787 2798 consequetur?
805 2717 881 2775 Nam
901 2716 1100 2797 ego-'quidem
1119 2717 1166 2776 his
1181 2738 1244 2777 ma-

70 2800 300 2866 chinationibus
325 2803 555 2863 interfectorem
581 2823 682 2862 meum
709 2798 858 2861 exstitisse
876 2796 962 2859 illum
981 2799 1101 2874 iudico,
1128 2813 1244 2875 actum

56 2888 199 2968 *quidem
214 2887 453 2948 Bacchanalibus
473 2901 613 2947 ornatum
632 2899 664 2947 et
681 2906 790 2967 corpus
809 2896 988 2965 sumtusqpe
1002 2903 1087 2945 meos
1105 2885 1244 2957 laesisse:

58 2992 157 3033 -unno
173 2986 247 3033 v'ero
266 2972 330 3046 his,
357 2993 434 3052 quae
451 2973 635 3055 moliebatur
652 2984 682 3033 ct
699 2969 852 3042 struebat,
875 2981 941 3029 tum
958 2969 1027 3042 illa,
1044 2982 1110 3030 tum
1127 2966 1246 3032 caetera
1280 3026 1283 3031 .

71 3056 187 3131 omnia,
203 3056 271 3119 torn
289 3056 406 3131 urbem,
425 3070 489 3117 tum
508 3056 666 3130 familiam,
681 3069 748 3117 tnm
765 3055 813 3116 ins
831 3054 995 3127 honorum,
1012 3067 1078 3113 tum
1096 3053 1245 3129 fortunas,

70 3155 141 3203 tum
157 3162 246 3223 spes..
269 3140 347 3204 Nam
365 3142 391 3201 si
409 3163 487 3202 unae
507 3142 572 3202 eins
590 3141 718 3200 insidiae
737 3159 909 3200 successum
928 3136 1120 3200 habuissent:
1145 3139 1243 3200 omni-

71 3225 205 3307 busbia
231 3226 355 3287 fuissem
382 3227 528 3308 spoliatus
554 3247 631 3309 ego,
664 3245 720 3287 nec
746 3224 838 3285 domi'
856 3224 978 3306 sepeliri
1004 3223 1079 3283 mihi
1103 3222 1247 3287 licuisset·
1263 3217 1296 3289 „⁴

71 3311 295 3387 Quamobrem,
313 3311 454 3372 ludices?
497 3308 608 3388 Quod,
626 3309 652 3370 si
671 3309 720 3370 cui
739 3329 795 3383 eo,
813 3311 896 3389 qnod
916 3321 1020 3369 contra
1039 3330 1144 3377 omnes
1162 3309 1244 3393 leges

72 3395 194 3463 intortis
213 3409 246 3461 et
262 3396 457 3458 contumeliis
477 3397 605 3480 agitatus
625 3417 641 3455 a
659 3392 752 3455 Midia
771 3415 860 3475 opem
877 3393 1012 3453 iudicum
1031 3406 1062 3453 et
1079 3390 1170 3453 fidem
1189 3392 1245 3454 im'-

41 3522 44 3527 -
72 3480 210 3561 plorarit,
219 3480 297 3542 haec
311 3495 342 3542 et
352 3481 527 3541 huiusmodi
540 3481 597 3541 alia
609 3479 806 3561 perpetienda
820 3490 918 3549 erunt,
932 3478 1056 3537 adorare
1071 3477 1200 3538 iniurios
1215 3491 1246 3539 et

72 3565 334 3641 contumeliosos,
351 3567 607 3646 quemadmodum
626 3565 661 3625 fit
678 3565 758 3644 apud
774 3562 938 3635 Bnrbaros,
957 3583 1020 3633 non
1037 3562 1154 3635 ulcisci,
1171 3584 1246 3624 con÷

72 3649 283 3723 sultissimum
294 3649 396 3712 fucrit
429 3649 533 3731 Atque
549 3663 586 3711 ut
603 3671 651 3715 me
669 3669 740 3710 vera
759 3649 876 3720 dicere,
894 3645 1016 3707 ethaeo
1034 3646 1071 3707 ah
1089 3646 1196 3707 insano
1215 3659 1247 3708 et

71 3734 254 3815 impudente
273 3736 332 3795 isto
352 3736 477 3797 caeteris
496 3756 562 3796 esse
579 3733 765 3799 facinoribus
783 3732 898 3792 adiecta
916 3737 1053 3803 constet,
1078 3751 1152 3792 voca
1170 3731 1245 3790 mihi

73 3817 182 3879 harum
200 3840 305 3880 rerum
322 3832 423 3880 testes.
1011 3830 1016 3835 “

510 3952 768 3997 ·'l'ES'1'E8.

162 4071 332 4157 Dionysius
351 4073 565 4155 Aphidnaens,
590 4070 768 4155 Antiphilus
786 4069 996 4143 Paeaniensis,
1013 4065 1133 4130 sublato
1149 4068 1245 4149 Nico·
1309 4112 1316 4121 .

73 4157 181 4233 demo,
199 4170 331 4240 cognato
348 4172 475 4232 nostro,
491 4158 625 4219 violenta
642 4170 740 4219 morte
759 4154 796 4218 ab
814 4152 1007 4226 Aristarcho,
1034 4153 1153 4216 Moschi
1170 4153 1251 4231 filio,

72 4262 165 4311 reum
184 4243 285 4303 caedis
304 4243 465 4326 agebamus
482 4241 701 4307 Aristarchum.
723 4242 767 4315 Ea
784 4261 817 4301 re
834 4239 942 4300 Midias
961 4237 1175 4313 animadversa,
1194 4234 1247 4319 qui

40 4388 45 4397 ,
72 4348 162 4395 nnnc
181 4324 340 4395 acensitur
356 4351 376 4411 a,
388 4327 615 4399 Demosthene,
642 4327 766 4409 cniznos
789 4321 999 4387 testimoninm
1018 4323 1166 4409 dicimos,
1191 4341 1248 4381 nos

972 4406 1085 4482 17⁴.
1172 4452 1176 4463 ·
