2722 4754
410 191 912 287 lnvnnsusflssrnsan
1081 153 1127 235 ¹·
1185 145 1246 282 aaa
1312 145 1316 157 Ι

90 367 167 417 mum
181 351 381 414 aheomnihus‘
396 349 534 436 laudatus
553 365 606 413 est
624 352 728 428 Quum
746 372 819 413 vero
836 351 978 435 tibicines
989 340 1169 428 sortiretur,
1187 355 1247 416 ala,
1348 397 1352 401 -

39 504 45 513 ,
91 441 214 503 mititem
233 449 264 497 et
281 438 423 502 studium*
434 435 499 496 eius
516 434 639 498 fortuna
656 436 834 512 adiuvante,
860 437 1069 520 Telephanes,
1086 440 1246 513 tibicinum
1322 462 1332 472 ‘

94 521 368 612 praestantissimus,
395 519 425 580 ei
443 521 576 583 obvenit
591 522 735 586 xVolens
761 523 855 605 igitur
882 546 970 585 suum
997 539 1118 586 coetum
1138 528 1247 587 ornare

98 624 199 699 praeter
214 618 362 682 caeteros,
378 625 507 668 coronas
526 627 629 668 aureas
648 607 691 668 eis
710 608 864 688 imposuit
881 609 989 683 Midias
1008 623 1119 685 autem,
1136 617 1248 672 unuse

103 694 207 764 ciuintis
231 686 506 775 gubernatoribus,
530 692 710 772 viropihus‘·
728 693 886 771 abundans
913 706 944 753 et
962 717 1087 778 magnae
1114 697 1248 764 auctori-

32 804 35 809 ·
103 786 173 855 ufir,
193 776 327 838 infensus
345 777 549 838 Demostheni
567 777 607 837 ob
627 798 675 838 eas
696 792 815 851 causas,
834 799 914 859 uuas
932 780 1024 859 paulu
1043 795 1114 861 post
1131 783 1197 864 ipse
1215 784 1248 844 in

62 907 69 913 ·
104 868 217 935 untione
235 863 326 936 dicet,
346 884 415 922 cum
433 884 522 944 saepe
541 862 655 933 aliasei
674 864 851 924 obturbarat
864 876 895 925 et
908 863 1077 939 insultarat,
1095 880 1160 929 tum
1175 872 1247 929 vere
1333 894 1337 899 ·

102 959 131 1019 id
143 948 400 1034 quoque'affirmat
416 949 652 1023 Demosthenes,
669 949 839 1010 iurantibus
858 949 1021 1023 iudicibus,
1040 972 1072 1012 se
1090 952 1248 1014 victoriam
1339 986 1341 991 ·

77 1104 80 1109 ,
103 1040 140 1104 illi
150 1039 273 1107 daturos,
287 1033 341 1114 qui
355 1033 507 1114 praeclare
522 1034 694 1107 cecinisset,
712 1034 837 1095 Midiam
852 1038 904 1096 eof
917 1036 1108 1097 vellicantem
1122 1038 1249 1098 dixisse:

42 1174 52 1183 .
101 1120 286 1189 Demosthene
298 1115 440 1200 {excepto
459 1120 667 1193 Quamobrem
680 1121 904 1182 Demosthenes
923 1121 1098 1182 exclamavit
1116 1142 1248 1204 eumque

101 1207 199 1293 arguit·
211 1204 349 1266 Tandem
366 1205 399 1264 in
419 1225 484 1264 eam
501 1198 586 1266 venit
603 1206 749 1266 insaniam
768 1207 886 1281 Midias,
904 1219 940 1266 ut
958 1207 986 1267 ei
1003 1207 1118 1288 alapam
1137 1208 1249 1290 impin·
1280 1206 1283 1213 ’

98 1305 170 1382 geret
185 1302 214 1352 et
230 1296 344 1351 sacra'rn
362 1303 478 1352 vestem
497 1291 679 1353 dilaceraret.
712 1293 755 1352 Ea
773 1313 806 1352 re
824 1292 957 1373 populus
975 1292 1037 1353 visa
1055 1293 1179 1354 Midiam
1199 1314 1250 1355 ex·
1271 1306 1333 1362 325

100 1380 195 1443 sibilat:
211 1396 289 1462 quae
303 1375 472 1456 antiquitus
484 1376 548 1436 irae
559 1372 632 1437 uhta
645 1390 709 1438 erat
722 1390 754 1437 ct
768 1377 1007 1459 vituperationis.
1024 1378 1249 1440 Demosthenes

28 1476 47 1533 j
96 1467 177 1549 igitur
190 1462 343 1545 digressus
363 1475 394 1542 et
411 1461 581 1522 orationem
599 1462 677 1522 hanc
695 1463 875 1539 meditatus,
894 1485 963 1523 eum
980 1463 1097 1545 publici
1115 1464 1250 1527 criminis

91 1571 167 1611 reum
181 1546 266 1631 facit:
280 1546 318 1607 'in
333 1569 392 1627 qua
403 1547 527 1608 Midiam
546 1549 636 1609 etiarn
655 1547 841 1623 criminatur,
860 1551 945 1630 quod
958 1571 994 1635 ex
1012 1550 1134 1610 coronis
1150 1551 1250 1612 aureis

88 1656 170 1696 unam
187 1633 230 1697 sit
242 1633 360 1693 aurifici
377 1633 549 1694 suffuratus.
575 1632 687 1694 Orator
703 1635 798 1717 igitur
815 1654 884 1696 eum
903 1635 936 1697 in
952 1635 1099 1696 iudicium
1117 1637 1251 1711 adducit,
1279 1654 1281 1658 ·

84 1740 190 1803 magno
208 1719 325 1800 impetu
343 1728 375 1778 et
391 1718 461 1779 loco
479 1719 654 1779 vehementi
672 1719 817 1780 adhibito.
846 1720 923 1780 Nam
942 1721 1052 1782 Midiae
1070 1718 1204 1801 pfrsona.
1219 1734 1251 1783 et

81 1807 148 1888 ipsa
168 1825 269 1867 rernm
295 1817 450 1886 gestarum
474 1805 654 1886 protervitas
690 1798 923 1888 exagitationem
951 1807 1114 1886 adversarii
1138 1807 1250 1868 iuvant

75 1893 187 1965 >Statim
202 1888 334 1951 finitivus
349 1903 401 1950 est.
419 1890 582 1970 Proprium
596 1886 676 1950 enim
694 1891 829 1951 criminis
847 1884 960 1951 nornen
975 1892 1146 1971 quaeritur:
1165 1894 1250 1972 qnod
1326 1892 1329 1899 ’

77 1978 200 2036 crimen
215 1974 319 2035 Midias
338 1974 506 2055 privatum,
532 1988 638 2039 ,orator
662 1976 821 2055 publicum
840 1997 905 2036 csse
925 1977 1090 2037 contendit
1134 1977 1248 2038 Finitio
1304 2005 1320 2050 q

77 2062 163 2122 enim
183 2053 229 2120 est
244 2060 309 2120 eius
327 2060 384 2134 rei,
403 2061 492 2121 cuius
508 2083 576 2142 pars
594 2082 654 2120 una
671 2061 749 2121 facta
768 2074 823 2134 est,
842 2062 936 2121 altera
947 2063 1049 2139 deest,
1067 2062 1129 2142 qno
1148 2062 1249 2123 minus
1282 2064 1286 2081 “

74 2148 122 2208 r'ei
139 2165 256 2213 nomen
273 2145 391 2226 imponi
410 2159 515 2225 queat:
541 2158 576 2205 ut
594 2146 626 2205 in
644 2146 703 2206 alio
730 2146 887 2229 exemplo,
912 2145 967 2206 ubi
984 2147 1026 2221 is,
1053 2148 1106 2228 qui
1125 2141 1249 2208 cenota-

76 2232 185 2315 phium
205 2231 382 2315 elfreg'erat‚
409 2231 562 2312 sepulchri
586 2231 689 2297 violati
707 2232 742 2292 fit
758 2252 837 2292 reus.
880 2231 939 2292 Hic
958 2232 1038 2292 enirn
1058 2233 1250 2294 defossione

74 2329 212 2379 constat:
231 2316 263 2377 id
280 2336 353 2377 vero
373 2317 547 2400 ambigitur,
564 2339 602 2376 an
613 2317 815 2398 ,sepulchrum
833 2319 873 2377 sit
891 2317 1043 2381 effossum.
1067 2320 1157 2378 Reus.
1169 2319 1250 2378 enirn

73 2402 236 2477 «Effudi»
255 2401 366 2483 inquit,
385 2405 544 2462 «sednon
563 2403 773 2483 sepulchrum:
791 2405 1005 2465 namcadaver
1021 2424 1085 2482 non
1104 2405 1259 2464 invenim-

73 2501 235 2550 accnsator
246 2508 326 2562 ⁴vcro
346 2487 466 2561 obiicit:
485 2489 574 2570 «Ego
590 2488 764 2570 cenotaphii
776 2487 999 2569 perfossionem
1016 2487 1170 2571 sepulchri
1184 2477 1250 2549 vio-

38 2638 42 2643 *
72 2576 224 2636 lationem
241 2593 412 2633 voco:·nec
432 2573 513 2633 enim
530 2586 570 2633 tu
583 2573 709 2647 sciebas,
727 2574 757 2633 id
779 2594 845 2633 esse
864 2573 1094 2655 cenotaphium,
1109 2576 1161 2634 sed
1181 2596 1250 2634 cum
1320 2600 1323 2604 ·

72 2659 193 2721 foderis
211 2671 356 2738 tanquam
375 2658 586 2739 sepulchrum,
604 2680 701 2732 nunc,
721 2655 881 2738 postquam
899 2659 931 2718 id
950 2654 1165 2739 cenotaphium
1185 2678 1251 2719 esse
1312 2675 1315 2687 ¹
1339 2704 1343 2709 .

25 2780 43 2788 ·-
78 2757 216 2824 constat,
232 2744 360 2824 impune
379 2744 461 2804 abire
481 2745 615 2804 studes.»
643 2744 757 2804 Eadem
777 2743 867 2803 etiam
885 2742 1030 2803 hieratio
1051 2757 1105 2804 est.
1123 2740 1252 2803 Constat

76 2831 165 2891 enirn
189 2827 343 2911 vapulasse
361 2829 617 2890 Demosthenem:
642 2828 747 2888 sedin
773 2828 982 2895 controversia
1005 2841 1067 2902 est,
1093 2841 1197 2889 utrum
1215 2828 1252 2901 is,

75 2916 133 2997 qui
145 2914 233 2977 cultro
252 2935 319 2974 sese
339 2914 462 2986 obtulit,
480 2913 585 2973 aedilis
604 2913 644 2989 sit
655 2915 822 2973 vocandus.
857 2913 934 2973 Nam
952 2913 1177 2974 Demosthenes
1196 2912 1251 2974 ait:

75 2998 243 3062 «Aedilem
253 2999 457 3060 verberastizn
476 2998 601 3058 Midias:
619 2997 712 3058 «Non
723 2998 880 3059 verberavi
890 2996 1018 3058 aedilem
1028 2997 1113 3081 (nam‘
1122 3013 1177 3060 tuo
1187 2996 1252 3058 s'uf-

73 3078 177 3170 fragio
189 3106 222 3146 es
242 3084 387 3167 creatus),
405 3086 459 3146 sed
475 3084 630 3143 hominem
649 3083 812 3164 privatum:
830 3083 889 3158 hoc
906 3102 979 3143 vero
997 3104 1062 3143 non
1077 3098 1123 3145 est
1136 3085 1252 3156 crimen
1332 3136 1348 3166 s

49 3220 55 3231 ,
76 3170 267 3254 publicum.»
286 3171 407 3252 Duplex
425 3179 527 3230 autem
542 3182 588 3229 est
598 3168 698 3228 finitio
715 3170 779 3247 eius
797 3169 929 3252 generis,
948 3170 1032 3249 quod
1050 3170 1250 3253 comprehen-

59 3258 169 3319 ‘sione
185 3269 314 3318 constat.
349 3257 404 3316 Est
422 3269 532 3339 autern'
543 3253 794 3335 comprehensio,
814 3276 882 3314 cum
900 3266 985 3314 actor
1001 3277 1086 3314 snam
1105 3255 1252 3316 intentio·
1329 3286 1343 3300 ν

75 3362 150 3405 nem
168 3355 200 3402 et
216 3342 263 3402 rei
283 3340 493 3403 defensionem
510 3342 543 3400 in
560 3361 656 3399 unum
675 3339 834 3399 contrahit
852 3337 932 3413 Curn
950 3340 1030 3400 enim
1042 3358 1108 3400 non
1123 3342 1253 3402 alterurn

80 3427 182 3516 eiicit,
196 3427 329 3488 alterum
348 3429 474 3508 accipit,
493 3426 546 3486 sed
563 3438 728 3506 utrumque
747 3424 909 3508 coniungit
926 3438 957 3485 et
975 3426 1203 3508 complectitur:
1219 3425 1252 3485 id

80 3510 156 3573 huic
172 3512 280 3596 generi
305 3512 490 3573 subiicimus.
532 3511 617 3570 Facit
641 3523 742 3571 autem
759 3510 821 3571 hoc
846 3519 952 3586 noster
977 3525 1081 3572 orator
1098 3512 1130 3573 in
1148 3511 1251 3572 multis

76 3598 235 3697 partibus,
256 3611 294 3658 nt
312 3618 343 3658 se
363 3612 393 3659 et
410 3620 471 3659 nna
496 3617 598 3656 secum
628 3596 780 3657 civitatem
798 3596 840 3656 ait
864 3596 984 3656 iniuriis
1003 3610 1034 3657 et
1059 3593 1268 3659 contumeliis

70 3682 168 3761 ,allici
184 3682 232 3743 Ac
252 3683 349 3765 capita
366 3684 405 3762 in·
417 3682 556 3744 oratione
575 3682 683 3742 ordine
701 3682 800 3763 posita
818 3681 892 3745 haec
911 3695 990 3742 sunt.
1008 3682 1160 3765 Principia
1178 3701 1252 3741 vero

76 3770 253 3851 impetuosa
273 3781 360 3842 sunt,
384 3768 527 3829 habentia
544 3767 679 3827 crebram
697 3767 940 3848 complexionem
961 3763 996 3827 'et
1013 3766 1252 3828 circumstantia-

77 3876 146 3915 rum
161 3852 439 3935 amplificationem.
458 3854 491 3913 Id
507 3854 589 3934 quod
605 3852 675 3924 hoc,
692 3852 806 3913 Annon
820 3854 963 3914 adversus
977 3854 1104 3914 omnes?
1123 3866 1163 3926 et,
1181 3852 1251 3911 Non

78 3952 186 4001 contra
205 3961 256 4000 me
276 3939 391 4015 solum:
416 3940 490 4000 item
508 3937 705 4019 petulantiam
724 3938 844 4018 semper
860 3938 1039 4001 meditatus:
1058 3951 1105 4010 et,
1122 3959 1186 3998 non
1204 3955 1254 3999 se·

77 4026 143 4098 mel,
157 4025 293 4086 samnito
305 4025 486 4104 deliquisse,
505 4024 672 4083 ostendunt
713 4019 818 4103 Capita
837 4018 984 4083 orationis
1002 4036 1075 4082 sunt
1091 4023 1180 4085 haee:
1199 4023 1254 4082 ds·
1287 4088 1292 4098 ,
1311 4091 1316 4104 ¹

76 4110 192 4188 finitio,
212 4109 526 4185 contraria-definitio,
544 4108 695 4169 sententia
707 4106 899 4191 legislatoris,
916 4108 1119 4182 ratiocinatio,
1137 4107 1254 4191 magni-

76 4195 166 4270 tudo,
184 4217 248 4256 una
267 4216 285 4254 e
303 4216 431 4255 numero
448 4193 697 4268 contentionum,
715 4209 804 4274 quam
823 4193 961 4274 sequitur
977 4193 1132 4274 translatio
1152 4206 1184 4255 ot
1201 4193 1253 4255 ab·

78 4281 179 4342 soluta
197 4279 351 4341 defensio.
373 4279 420 4341 lbi
438 4292 541 4340 orator
558 4292 690 4360 quatuor
708 4278 938 4339 definitionibus
956 4281 1178 4341 accusationem
1197 4280 1277 4353 im·,
1321 4285 1325 4288 ’

77 4365 182 4447 plicat,
199 4378 238 4426 ut
258 4365 422 4440 ostendat,
434 4363 558 4426 Midiani
573 4364 732 4446 publicum
751 4365 865 4424 crimen
882 4356 1062 4435 admisisses
1081 4365 1136 4427 Est
1152 4372 1253 4433 autem
1276 4363 1337 4420 ³26
