2722 4754
404 214 409 219 .
478 131 836 238 ιΝΝιιΕιιιιι
1112 170 1129 187 ’“
1186 181 1247 254 ιιι

80 325 179 384 sentia
198 346 262 385 nou
279 325 473 427 reperiebant
488 298 736 399 Lacedaemonii,
755 345 817 406 quo
835 339 923 406 pacto
942 346 995 387 eos
1011 325 1249 389 ulciscerentur:

79 409 167 468 annis
186 423 287 470 autem
304 424 374 493 post
389 411 512 471 circiter
529 411 748 511 quinquaginta
765 411 999 487 Archidamus,
1011 412 1186 473 Zeuxidamt
1203 414 1287 486 F

77 489 388 555 Lacedaemoniorum
405 517 474 568 rex,
499 509 636 576 ternpore
654 496 751 576 pacis,
778 501 887 556 eorum
900 497 976 557 urbe
995 497 1087 578 potiri
1104 428 1302 599 instituin'

23 592 42 631 '1
78 579 172 658 adque
188 600 258 665 per
255 581 442 640 Thebanum
439 581 929 676 Eurymachum,heontiadaeF.,
947 583 1169 642 Boeotrorum
1160 604 1260 663 prm

79 664 193 763 cipem,
207 677 253 724 cst
271 673 415 742 conatus,
425 689 492 729 cum
511 680 603 726 noctu
622 661 723 747 port'as
736 664 897 726 Nauclides
917 667 1015 729 etalii
1027 668 1162 766 quidam
1174 688 1242 727 cor

77 749 161 828 rupti
179 749 391 830 largitionibus
409 751 609 831 aperuissent
637 752 846 823 Plataeenses,
865 749 1006 851 cognito,
1023 752 1103 811 intra
1121 752 1241 814 moenia
1287 798 1290 802 a

78 854 146 894 esse
163 833 334 906 Thebanos,
352 857 385 894 ac
403 857 485 895 suam
503 836 609 895 urbem
627 849 762 935 tempore
780 835 860 915 pacis
880 836 1096 917 exinproviso
1115 850 1256 917 captum,

78 930 110 976 et
125 919 211 998 ipsi
204 920 240 977 ad
259 942 338 978 arma
357 933 544 980 concurrunt
561 933 591 980 et
609 921 702 980 aciem
715 921 882 998 instruunt
912 920 972 979 Ubi
990 920 1108 993 diluxit,
1127 935 1157 981 ct
1176 943 1238 980 non
1273 973 1275 976 Α

77 1003 190 1062 multos
210 1025 274 1062 esse
294 1005 455 1063 Thebanos
482 1005 602 1076 vident,
628 1007 697 1065 sed
707 1005 868 1085 primores
874 1026 979 1064 corum
1006 1005 1157 1088 ingressos
1168 999 1237 1087 (in-

75 1108 152 1168 gens
171 1088 250 1146 enim
270 1088 365 1148 delata
384 1088 477 1148 noctu
494 1090 602 1170 pluvia
608 1090 804 1170 prohihuerat
822 1112 884 1163 eos,
903 1112 941 1148 ne
956 1086 1062 1155 purnes
1080 1089 1238 1163 intrarent,
1305 1159 1309 1176 Ι

76 1194 134 1250 qua
160 1170 269 1232 iluvins
290 1174 409 1254 Asopos
435 1186 539 1234 auctus
565 1175 747 1274 exundabat,
776 1195 831 1233 nec
855 1176 973 1235 transiri
1000 1174 1086 1234 sacile
1109 1187 1238 1255 poterat,

74 1271 167 1314 noctu
187 1259 387 1355 pracsertim),
404 1272 439 1317 ut
457 1259 560 1340 igitur,
577 1259 715 1338 inquam,
733 1259 950 1318 Plataeenses'
942 1282 972 1320 ιιι
990 1258 1066 1318 urbe
1084 1281 1137 1318 sua
1153 1259 1237 1319 T-hc

74 1340 170 1399 banos
188 1342 339 1416 viderunt,
357 1365 414 1403 nec
430 1345 535 1403 adesse
554 1365 659 1403 omnes
677 1350 902 1442 cognoverunt:
920 1343 1138 1442 aggrediuntur
1154 1343 1235 1418 illos,
1284 1410 1291 1414 ,

73 1427 297 1506 commissoque
315 1428 428 1508 praelio
446 1441 589 1528 superant
606 1440 639 1487 ct
650 1423 801 1501 caedunt,
825 1428 999 1507 priusquam
1017 1424 1127 1489 caeteri
1144 1447 1236 1529 opem

25 1541 38 1555 κ
71 1510 152 1569 serre
178 1526 315 1591 possent,
343 1526 373 1571 et
390 1512 490 1571 statim
519 1514 611 1572 misso
629 1514 665 1571 ad
690 1534 745 1571 nos
772 1512 1076 1593 nuntiorsighisrcant
1099 1533 1162 1570 rem
1181 1525 1236 1593 gcss
1241 1584 1246 1597 1

71 1608 148 1653 stam
174 1618 319 1682 suamque
344 1597 517 1668 ιίιῐοιίιιιιι,
543 1610 573 1655 ct
590 1597 738 1656 auxilium
763 1608 889 1676 petunt,
916 1597 951 1655 si
966 1596 1104 1663 Thebani
1129 1617 1234 1678 agrum
1265 1613 1269 1632 ³

70 1679 208 1758 ipsorum
226 1693 382 1740 vastarent.
417 1683 495 1739 Tum
513 1681 732 1754 Athenienses,
758 1702 790 1739 re
806 1679 946 1762 cognita,
970 1681 1109 1740 celeriter
1125 1680 1233 1743 auxilia

71 1763 208 1822 Plataeas
233 1766 366 1824 mittunt.
400 1766 488 1840 Quos
512 1787 580 1825 cum
603 1767 749 1826 vidissent
765 1764 902 1824 Thebani
928 1786 1017 1845 opem
1043 1765 1147 1837 tulisse
1165 1765 1234 1825 Pla-

70 1849 261 1907 taeensibus:
280 1851 403 1908 domum
421 1851 600 1915 redierunt,
618 1853 686 1909 Ut
677 1851 770 1934 igitur
785 1849 923 1914 Thebani
939 1849 1091 1909 frustrati
1090 1863 1171 1912 sunt
1181 1869 1233 1909 co-

71 1944 145 1990 natu
164 1947 236 2006 suo,
261 1946 292 1992 et
308 1933 513 2013 Plataeenses,
539 1936 615 2014 quos
634 1935 799 1994 hostium
790 1957 822 1994 ιιι
839 1934 958 2019 proelio
976 1936 1060 1995 vivos
1080 1947 1232 2014 ceperant,

63 2017 264 2077 occiderunt:
289 2019 358 2078 irati
381 2020 664 2093 lacedaemonii,
656 2042 712 2078 ιιιιι
739 2019 804 2079 sine
828 2019 904 2078 ιιΙΙο
917 2031 1072 2099 praetextu
1097 2019 1231 2079 Plataeas

70 2104 300 2183 oppugnaturi,
319 2104 602 2203 Peloponnensibus
621 2101 772 2175 omnibus,
790 2116 910 2184 praeter
926 2104 1074 2186 Argivos,
1098 2103 1230 2191 edicunt,
1273 2107 1296 2140 Ὗ

67 2198 104 2243 ut
123 2185 206 2245 binas
224 2201 322 2287 partes
341 2190 494 2286 copiarum
514 2210 530 2247 c
548 2189 673 2270 singulis
691 2187 818 2255 urbibus
836 2187 1007 2259 mitterent,
1024 2186 1160 2246 Boeotiis
1176 2201 1230 2248 've-

67 2291 104 2328 ro
121 2273 245 2331 caeteris
261 2273 419 2345 universis,
439 2275 502 2331 etl
504 2273 690 2345 ocrensibus,
708 2262 927 2370 phocensibus,
944 2270 1151 2344 Maliensibus,
1167 2271 1229 2333 Oe-

67 2353 142 2413 taeis
163 2369 194 2414 et
211 2356 397 2416 Aenianibus
422 2357 618 2430 denuntiant,
641 2371 676 2416 ut
694 2377 798 2415 omnes
824 2355 962 2416 inarmis
988 2357 1135 2415 adessent.
1178 2355 1229 2414 Sic
1317 2423 1320 2431 ,

69 2459 174 2497 eorum
193 2461 313 2511 murum
330 2441 447 2522 ingenti
465 2442 598 2516 enercitu
617 2441 880 2515 circumsedentes,
898 2440 1136 2513 sciscitabantur,
1153 2460 1227 2501 nuru
1249 2445 1310 2500 383

67 2523 173 2582 urbem
193 2525 303 2584 dedere
321 2527 449 2598 vellent,
468 2549 585 2608 agrum
590 2540 690 2586 autem
708 2539 812 2585 tenere
832 2538 867 2585 et
879 2525 940 2584 frui
957 2518 1020 2584 suis
1038 2525 1159 2604 opibus,
1177 2546 1228 2583 so
1287 2552 1290 2557 ⁴

68 2608 175 2678 cietate
194 2609 426 2687 Atheniensium
445 2612 568 2670 deserta.
578 2613 691 2711 Quod
710 2633 777 2670 cum
796 2604 986 2670 Plataeenses
1005 2621 1180 2671 recusarent
1197 2621 1229 2671 ct

33 2764 38 2772 .
66 2693 132 2751 sine
151 2696 328 2754 auctoritate
348 2668 581 2755 Atheniensium
600 2698 760 2776 quicquam
778 2717 810 2754 se
827 2696 960 2754 facturos
980 2714 1044 2755 esse
1045 2704 1228 2775 negarent:
1287 2729 1291 2736 ·

50 2775 254 2837 ,obsederunt
272 2801 324 2839 eos
349 2781 529 2840 decennium
553 2780 689 2861 duplici
682 2800 771 2851 muro
793 2779 998 2867 cipcurndato,
1022 2799 1078 2839 nec
1093 2778 1229 2838 intenta?

56 2872 130 2922 'tum
164 2865 323 2942 quicquam
358 2865 554 2965 reliquerunt
607 2863 683 2924 Cum
715 2885 786 2925 vero
807 2854 893 2926 lessi
924 2863 1027 2927 malis
1035 2864 1228 2923 Plataeenses
1299 2935 1309 2945 f

65 2949 201 3007 omnium
219 2969 320 3009 rerum
345 2951 489 3030 penuria
495 2964 719 3031 premerentur:
745 2951 910 3029 desperata
926 2948 1048 3021 salute,
1065 2947 1227 3008 sortitione
1310 2982 1316 2999 ι

64 3034 146 3092 iuter
163 3055 194 3093 se
213 3020 291 3094 sacta
308 3034 358 3093 alii
375 3049 602 3109 remanserunt,
626 3035 817 3095 obsidionem
835 3033 1010 3105 toleraturi,
1035 3032 1100 3104 alii,
1120 3051 1225 3112 exspe-

58 3112 141 3176 ctata
160 3132 248 3179 nocte
268 3131 299 3178 et
316 3119 416 3199 pluvia
435 3134 465 3179 ct
459 3141 597 3220 magno.
610 3134 712 3193 vento,
731 3141 844 3201 egressr
835 3118 954 3190 urbe,
972 3117 1105 3177 hostium
1125 3116 1225 3175 muni-

63 3204 148 3261 tione
167 3216 336 3302 superata,
332 3205 475 3285 decepto
501 3205 652 3277 exercitu,
676 3204 817 3286 iugulatis
843 3161 1036 3302 custodibus,
1062 3198 1227 3261 miserabili

64 3287 168 3346 habitu
188 3289 368 3367 perveniunt
386 3289 445 3348 huc
463 3303 493 3349 et
510 3291 675 3370 inopinato
701 3289 839 3367 Reliqui,
857 3287 885 3347 vi
904 3301 987 3369 capta
1005 3286 1099 3356 urbe
1118 3305 1222 3349 omnes

63 3373 216 3432 interlecti
235 3387 306 3433 sunt
330 3374 474 3453 puberes:
498 3376 584 3455 pneri
604 3387 634 3434 et
660 3375 801 3434 mulieres
820 3373 876 3431 suh
903 3373 986 3431 hasta
1003 3369 1135 3440 ιιιιάἰιί,
1161 3367 1225 3447 qui,

60 3458 369 3517 Lacedaemoniorum
388 3461 581 3559 aggressione
600 3481 663 3519 non
681 3459 894 3529 animadversa,
914 3457 992 3516 clam
1007 3455 1143 3515 Athenas
1160 3473 1224 3513 nou

39 3543 248 3624 ‘'aufugerant
283 3543 371 3601 Fos
362 3545 465 3626 rgrtur,
487 3568 539 3624 qur
556 3562 642 3604 snam
660 3542 929 3604 benevolentiam
920 3554 960 3600 ata
980 3539 1136 3614 euidenter
1154 3539 1260 3618 erga'
1314 3598 1320 3604 ,

59 3628 277 3707 rempublicam
296 3631 496 3688 ostenderunt
515 3643 545 3689 et
568 3629 715 3688 amicitiae
741 3627 847 3708 populi
865 3649 917 3687 sua
944 3625 1055 3685 omnia
1063 3636 1095 3683 et
1111 3623 1224 3720 liberos

61 3726 152 3791 atquc
171 3721 279 3781 uxores
297 3706 556 3813 posthabueruut,
580 3726 699 3775 rursutn
718 3713 924 3782 considerate,
942 3732 1003 3792 quo
1022 3721 1110 3789 pacto
1130 3708 1161 3767 in
1181 3705 1223 3766 ci-

58 3800 182 3857 vitatem
200 3798 384 3877 receperitis.
401 3800 426 3856 E
443 3799 571 3858 decretis
590 3799 669 3858 enim
688 3798 794 3858 vestris
814 3797 938 3857 evidens
955 3795 1105 3856 omnihus
1106 3792 1173 3855 erit
1190 3813 1224 3859 ea
1304 3866 1311 3875 s,

57 3884 153 3956 ratio,
181 3896 212 3942 et
229 3905 277 3942 me
295 3904 364 3944 vera
383 3884 483 3944 dicero
509 3883 707 3968 cognoscetis.
727 3885 826 3965 Age,
852 3901 929 3962 cape
943 3875 1099 3942 decretum
1118 3878 1175 3937 hoc
1194 3888 1226 3936 et

56 3968 172 4050 lege
146 3990 196 4028 ers
1116 4032 1119 4037 ,

704 4084 709 4091 .
1130 4055 1138 4087 ι
1221 4089 1224 4093 ,
1317 4066 1320 4071 v

213 4094 216 4121 '
290 4121 518 4173 nucnutnn
555 4123 606 4164 ou
640 4119 1027 4164 nnnrnnunsrnus-
1072 4129 1074 4134 s
1183 4116 1187 4125 ‘

49 4263 53 4266 -
145 4222 329 4323 Hippocrate
347 4224 498 4283 referente
517 4226 583 4284 data
602 4225 704 4284 civitas
725 4221 1040 4297 cstPlataeensibus,
1061 4217 1150 4278 ntab
1169 4216 1224 4281 hac
1255 4290 1259 4294 ι

57 4308 116 4369 die
128 4308 191 4368 sint
209 4308 312 4368 eadem
330 4310 495 4430 dignitate,
520 4331 585 4390 qua
597 4310 707 4372 caeteri
725 4305 947 4400 Athenienses,
972 4304 1067 4369 etius
1086 4301 1225 4369 habeant,
