2722 4754
44 416 52 637 l

305 491 597 642 ἰιιιιιιιι
644 490 988 652 sunnonis

312 724 317 736 .
494 716 498 721 -
644 688 689 732 AD
1030 723 1032 727 ,
1245 719 1249 725 ,

83 744 1349 879 rnocousonnusnourrumc‘

236 932 308 1019 oui
340 948 416 1004 snu
444 894 568 1011 ιἰιιιο
602 893 648 998 ιιι
676 888 798 1003 utram
825 891 1099 998 nuuosruuurs
1179 912 1182 917 ’
1217 894 1243 909 ”

112 1077 117 1087 ·
151 1089 197 1140 ιι
229 1084 392 1142 ommuni
418 1018 650 1170 oriciorum
676 1032 1029 1171 ιιιιιιιιιιιιιίιιι
1060 1064 1208 1170 scama

574 1208 771 1288 russanen,
986 1200 987 1215 ³
1057 1211 1059 1214 ⁴

363 1355 929 1445 PRAEFATIO.

1249 1500 1352 1543 Ἣ)

45 1554 49 1665 l
86 1585 209 1694 Quum,
238 1608 498 1714 praestantissime
516 1608 688 1671 Proconsul
708 1607 819 1680 lllonti,
848 1620 884 1667 ut
902 1607 1086 1676 Homericus
1104 1605 1157 1672 ille
1175 1595 1289 1672 Asta

43 1719 231 1780 ropaeus,
263 1693 510 1777 ineloquentiae
534 1693 676 1755 facultate
705 1692 912 1773 ambidexter,
944 1707 976 1753 et
999 1693 1032 1753 in
1058 1695 1268 1757 Romanorum

42 1810 45 1867 Ῑ
87 1804 226 1845 sermone
254 1783 460 1864 principatum
479 1792 606 1852 teneas,
650 1799 818 1867 eorumque
844 1778 1001 1839 doctrinae
1024 1778 1155 1859 palmam
1184 1794 1292 1853 extra

41 1874 43 1937 s
88 1869 329 1930 controversiam
356 1867 396 1926 sis
421 1866 564 1946 adeptus,
593 1878 623 1925 et
640 1885 680 1923 ne
700 1864 816 1923 Graeca
836 1865 961 1944 quidem
978 1863 1133 1948 negligas,
1161 1866 1271 1947 utqui

88 1955 115 2014 in
138 1954 187 2012 his
210 1972 336 2033 quoque
355 1956 481 2031 propter
505 1949 621 2033 ingenir
614 1949 883 2031 'magnitudinem
901 1950 1000 2031 possis
1021 1950 1187 2013 excellere:
1214 1951 1268 2012 sed

41 2029 43 2081 l
89 2063 153 2100 cum
171 2039 206 2096 in
225 2039 293 2096 aliis
313 2032 514 2117 scriptoribus
532 2034 672 2107 verseris,
696 2047 761 2094 tum
779 2055 852 2094 vero
872 2035 904 2093 in
923 2035 1168 2115 perfectissimo
1164 2033 1269 2106 Grae·
1328 2098 1345 2113 „

79 2145 192 2185 eorum
220 2122 385 2181 Oratorum
409 2121 635 2180 Demosthene:
667 2142 700 2178 ac
723 2119 853 2200 proinde
878 2121 1014 2194 anobis,
1040 2135 1076 2183 ut
1095 2122 1273 2194 orationum

41 2198 52 2211 ..
90 2209 225 2269 eiusdem
251 2218 429 2289 argumenta
456 2203 513 2264 tibi
532 2204 819 2304 conscriberemus,
852 2205 1037 2285 postularis:
1075 2205 1156 2266 haud
1181 2206 1273 2269 inviti·
1326 2280 1333 2291 N

89 2295 231 2354 mandato
251 2313 408 2373 paremus,
435 2306 505 2350 non
519 2290 633 2372 ignari,
658 2288 760 2389 plus'
751 2313 784 2349 ιιι
809 2311 845 2350 eo
865 2291 992 2351 honoris
1018 2311 1083 2351 esse
1110 2314 1201 2372 quam
1225 2292 1278 2376 1²1

88 2378 179 2439 boris.
204 2376 466 2458 Auspicabimur
489 2389 592 2436 autem
618 2375 763 2456 scriptum
791 2374 850 2435 hoc
876 2397 892 2434 a
918 2377 978 2436 vita
1005 2377 1115 2455 ipsius
1108 2375 1272 2449 Oratoris,
1345 2420 1348 2429 ·

90 2486 153 2525 non
170 2476 268 2523 totam
288 2479 354 2522 eam
361 2461 471 2545 (quod
490 2481 747 2542 supervacaneum
766 2458 860 2543 esset)
879 2461 1058 2541 exposituri,
1076 2462 1139 2521 sed‘
1150 2481 1184 2521 ea
1202 2475 1270 2522 tan-

41 2616 43 2629 ,
90 2563 156 2610 tum
174 2547 319 2607 allaturi'
310 2571 342 2606 m
368 2547 503 2606 medium
530 2559 561 2606 et
587 2545 775 2625 excerptori,
808 2565 885 2624 quae
904 2546 942 2606 ad
959 2546 1131 2627 pleniorem
1155 2547 1270 2608 oratio-

92 2657 167 2694 num
185 2634 250 2692 eius
268 2632 497 2714 perceptionem
518 2645 549 2692 et
565 2630 815 2720 intelligentiam
820 2629 981 2710 profutura
998 2631 1167 2693 videantur.
1208 2630 1271 2693 De-

41 2771 45 2775 ,
92 2717 290 2778 mosthenis
282 2718 374 2800 agitur
392 2729 479 2796 pater
495 2716 570 2776 suit·
565 2712 806 2815 Demosthenes,
830 2715 883 2794 qui
902 2715 1025 2776 videtur
1041 2715 1199 2799 inculpato
1218 2736 1272 2801 ge-

91 2824 166 2863 nere
186 2816 282 2875 ortus,
304 2816 340 2890 ιιι
358 2815 389 2862 et
406 2800 604 2862 Aeschines'
595 2800 737 2860 mimicus
756 2813 895 2873 testatur,
921 2801 1008 2860 cuius
1027 2802 1130 2862 haec
1120 2825 1185 2885 1psa
1203 2815 1272 2866 ver-

92 2889 129 2947 ba
156 2901 254 2947 sunt:¹
280 2881 336 2945 Ei
341 2900 430 2968 pater
452 2887 512 2947 suit
534 2887 759 2956 Demosthenes
769 2886 1025 2961 -Paeaniensis,
1035 2886 1080 2947 vir
1104 2888 1272 2974 ingenuus:
1328 2889 1332 2893 ’

93 2994 149 3033 nec
179 2972 260 3055 enim¹
284 2972 495 3038 mentiendum
515 2985 569 3036 est.
622 2974 649 3031 ls
677 2992 751 3030 cum
772 2971 937 3036 officinam
952 2993 1110 3033 servorum
1135 2973 1274 3048 haberet,

94 3058 145 3139 qui
170 3057 289 3140 gladios
311 3056 482 3134 faciebant,
506 3058 578 3118 inde
602 3053 853 3154 machaeropoei
852 3079 1032 3141 cognomen
1053 3059 1176 3140 accepit
1212 3053 1274 3120 Sed

94 3149 265 3203 maternum
284 3137 424 3213 Oratoris
435 3164 540 3226 genus
560 3164 623 3202 non
642 3163 718 3224 pure
736 3137 807 3217 luit,
830 3156 866 3202 ut
882 3144 996 3215 serunt,
1022 3143 1171 3219 Atticum,
1190 3144 1279 3226 quod⁴

95 3215 220 3312 Gylon,
244 3250 317 3288 avus
335 3229 570 3302 Demosthenis,
589 3250 658 3289 cum
675 3229 806 3289 Athenis
826 3229 865 3288 ob
883 3229 1069 3311 proditionis
1089 3230 1204 3290 crimen
1223 3249 1274 3291 ex-

93 3312 193 3372 ularet
220 3326 251 3371 et
283 3314 362 3373 circa
387 3314 521 3373 Pontum
547 3307 715 3386 habitaret,
750 3314 792 3373 ibi
816 3313 975 3374 mulierem
1003 3315 1042 3374 Sc
1064 3313 1177 3375 thicam
1196 3335 1274 3376 uxo·
1285 3362 1292 3368 .

60 3447 63 3449 ι
96 3417 160 3482 rem
178 3397 316 3472 duxerit,
343 3417 444 3477 equa
468 3406 537 3457 nata
555 3399 649 3458 fuerit
672 3385 890 3460 Demosthenis
910 3413 1007 3460 mater
1057 3399 1189 3460 leobule.
1240 3401 1274 3462 ld
1307 3397 1322 3431 Ψ

98 3478 125 3541 ei
146 3485 225 3542 certe
246 3504 317 3552 cum
336 3482 387 3541 alii
407 3483 658 3563 exprobrarupt,
662 3483 727 3543 tum
745 3483 924 3558 Aeschines,
952 3485 1005 3564 qui
1025 3505 1093 3543 eum
1113 3483 1188 3561 dicit
1207 3505 1291 3559 esse
1296 3488 1317 3548 2

97 3566 261 3650 Scytham,
276 3567 443 3627 Barbarum
463 3568 580 3628 Graeca
599 3560 729 3650 lingua
720 3582 866 3629 utentem
917 3569 978 3629 Sed
997 3569 1144 3630 hactenus
1163 3570 1201 3633 de
1219 3591 1274 3655 ge-

97 3671 169 3737 nere
190 3653 263 3712 eius.
313 3650 452 3736 Pupillus
471 3667 572 3713 autem
591 3676 607 3713 a
625 3667 721 3733 patre,
750 3638 913 3715 admodum
931 3673 1018 3736 puer,
1042 3649 1179 3728 relictus,
1205 3676 1273 3717 cor·
1352 3660 1356 3667 '

98 3732 172 3817 pore
197 3733 292 3798 fuisse
321 3737 434 3797 dicitur
458 3739 534 3798 adeo
560 3738 706 3798 imbecilli
731 3753 761 3798 et
785 3739 943 3812 morbido,
968 3753 1004 3801 ut
1031 3761 1071 3801 ne
1095 3739 1279 3821 palaestram
1304 3759 1318 3788 ι’

98 3823 227 3901 quidem
247 3822 475 3903 frequentaret:
500 3820 538 3883 id
584 3825 647 3884 uod
673 3825 809 3884 omnium
817 3823 1072 3909 Athpniensium
1096 3825 1151 3884 filii
1174 3826 1275 3901 lacere

50 3921 56 3938 ·’
97 3907 245 3969 solebant.
288 3909 379 3967 Unde
399 3908 489 3968 etiam
508 3847 612 3969 adulto
630 3904 774 3969 mollities
794 3892 858 3968 ab''
849 3910 979 3970 mimicis
1000 3908 1220 3999 obiectabatur,
1245 3925 1275 3981 et
1355 3943 1357 3948 ·

96 3991 207 4053 Battali
234 4000 409 4082 cognomen
432 3978 631 4063 tribuebatur.
686 3987 859 4055 Memorant
890 3994 970 4055 enim
1004 3987 1155 4075 quendam
1179 3997 1275 4058 foisse

97 4077 278 4154 Battalum,
298 4069 466 4172 Ephesium
484 4078 660 4152 tibicinem,
691 4080 744 4160 qui
762 4080 908 4161 primus
897 4080 1033 4141 calceis
1024 4105 1056 4142 ιιι
1075 4103 1165 4144 scena
1183 4082 1314 4144 muli

164 4285 197 4356 1θ)
218 4286 349 4342 Numeri
371 4288 408 4341 ad
425 4287 570 4363 margines
589 4289 678 4362 positi
691 4288 836 4346 indicant
852 4269 977 4363 paginas
995 4284 1090 4347 textus
1110 4291 1223 4346 Graeci.
1266 4330 1270 4337 -

292 4376 313 4394 .‚
389 4390 393 4402 ι
456 4387 458 4392 ,
517 4380 528 4399 κ
1028 4379 1052 4444 p
1156 4377 1158 4381 .

1219 4492 1279 4537 nt,
