2722 4754
473 221 477 227 ·
526 157 785 259 savarres
935 190 937 194 ‘
1190 201 1230 256 :a

42 370 49 385 ¹
85 382 152 448 pam
168 373 276 419 curare.
322 358 441 415 Verum
458 353 499 429 si,
517 352 637 415 omissis
655 349 780 412 caeteris
799 351 957 425 omnibus,
975 348 1110 412 breviter
1126 351 1228 412 dicen-

85 453 139 513 tum
158 456 216 504 est:
248 460 305 500 vos
326 439 479 501 civitatem
497 438 623 498 dedistis
641 438 796 518 Euagorae
815 433 929 520 Cyprio
953 451 985 497 et
1000 437 1152 520 Dionysio
1171 437 1230 521 Sy-

86 530 188 601 nmio,
205 527 394 605 illorumque
410 523 588 603 posteritati.
607 522 639 580 Si
650 522 748 603 'igitur
762 512 820 593 his,
840 523 892 601 qui
904 536 1051 602 utrosque
1066 523 1231 596 eiecerunt,

63 670 66 676 .
87 611 286 704 percusseritis,
313 623 351 670 ut
369 607 442 678 actis
460 609 492 667 in
517 596 639 668 exilium
658 605 783 687 imperia
800 606 978 666 restituant:
1007 629 1089 667 ame
1109 627 1232 689 quoque

77 695 306 767 'ittmThraciae
330 708 448 776 partem
464 705 659 773 recuperate,
684 699 773 771 quam
791 693 817 749 Τ
819 711 884 750 eres
904 704 935 750 et
953 688 1167 775 Cersobleptes
1185 707 1248 754 te-·

96 794 214 852 meunt.
235 780 280 839 At
297 780 324 838 si
342 782 473 841 victores
491 778 614 837 illorum
632 797 670 836 ne
690 777 783 836 verbo
803 776 925 855 quidem
946 777 1141 857 appellandos
1160 801 1231 839 cen-

99 865 242 941 uu‘s,mihi
262 884 336 924 vero
356 862 544 924 obturbatis:
571 884 608 921 an
626 882 690 921 non
708 861 775 921 iure
794 863 910 942 optimo
929 882 983 921 vos
1001 862 1150 939 ulciscar?
1184 866 1232 925 Ac

96 953 182 1026 labis,
198 971 382 1031 quamquam
400 950 485 1031 plura
503 948 664 1020 habe-rem,
683 968 759 1028 quae
777 966 847 1007 vere
866 944 1013 1006 dicerem:
1040 949 1231 1029 praetermit-

93 1057 137 1105 tue
149 1050 244 1097 tamen
264 1054 299 1093 ea
318 1035 417 1094 statui.
443 1030 597 1093 Cardianis
615 1046 716 1093 autem
734 1054 783 1092 me
802 1032 945 1112 opitulari
961 1034 1118 1113 profiteor,
1137 1056 1231 1113 quum

92 1128 187 1187 illorum
203 1120 305 1181 socius
323 1132 394 1180 ante
412 1119 518 1178 factam
535 1139 640 1199 pacem
655 1119 778 1190 fuerim,
796 1119 828 1176 et'
844 1138 909 1191 vos,
927 1139 1015 1201 saepe
1033 1140 1112 1178 ame
1130 1140 1232 1200 neque

27 1276 28 1281 ἵ
90 1207 187 1272 moab
205 1205 264 1265 illis
284 1205 373 1277 orati,
384 1205 495 1268 venire
512 1203 545 1263 in
563 1203 709 1264 iudicium
728 1202 896 1263 nolueritis.
921 1202 972 1261 An
989 1224 1054 1262 non
1072 1205 1166 1286 igitur
1177 1226 1231 1288 ’es-

27 1342 28 1372 ,
88 1316 137 1358 stru
152 1291 280 1353 onmium
300 1290 460 1348 hominum
479 1288 701 1369 nequissimus,
719 1288 745 1347 si
764 1288 890 1348 desertis
909 1289 1000 1348 sociis
1019 1290 1110 1349 vestri
1128 1290 1231 1370 potius

87 1367 212 1442 rationem
228 1375 390 1449 haberem,
418 1375 470 1454 qui
488 1374 572 1443 omni
589 1374 682 1433 modo
701 1395 750 1432 me
768 1373 895 1445 vexatis,
922 1395 1010 1452 quam
1031 1394 1153 1448 eorum,
1179 1376 1233 1456 qui

27 1532 28 1544 ,
89 1464 150 1526 nili
162 1473 329 1522 constanter
346 1472 378 1518 et
395 1479 515 1540 semper
531 1458 619 1518 amici
630 1479 700 1519 esse
716 1458 931 1539 perseverant?
949 1460 1020 1534 Iam,
1038 1459 1064 1519 si
1079 1461 1138 1520 hoc
1154 1482 1231 1541 quo·
1252 1515 1257 1521 .

87 1538 133 1631 qne
152 1545 493 1626 praetereundumnon
518 1557 577 1617 est,
598 1565 634 1604 eo
658 1544 850 1604 insolentiae*
863 1543 1002 1618 venistis,
1027 1558 1063 1605 ut
1084 1547 1231 1626 priusde

86 1630 258 1713 supradictis
275 1642 395 1691 tantum
412 1650 461 1689 me
479 1630 672 1702 accusaretis:
689 1631 863 1709 nuperrime
881 1651 971 1703 vero,
990 1652 1082 1710 quum
1101 1633 1232 1713 Pepare-

84 1717 126 1779 thii
140 1735 239 1796 secum
256 1714 423 1774 crudeliter
438 1728 537 1775 actum
557 1736 621 1774 esse
641 1729 858 1794 quererentur,
883 1729 985 1776 vestro
1004 1717 1074 1776 duci
1092 1717 1233 1794 iussistis,

51 1828 55 1839 ·
83 1816 108 1864 ut
117 1822 161 1861 me
176 1800 299 1861 illorum
313 1800 411 1883 vicent
424 1801 632 1873 ulcisceretur,
649 1821 725 1879 quos
742 1821 799 1882 ego
814 1823 886 1861 sane
904 1801 1082 1862 clementius
1098 1805 1232 1878 tractavi,

52 1884 57 1895 '
82 1908 154 1969 mam
172 1899 428 1946 commeruerant:
449 1909 550 1965 quum
568 1885 629 1958 illi,
647 1898 785 1966 tempore
802 1887 883 1966 pacis
902 1886 1057 1946 Haloneso
1077 1903 1232 1970 occupata,

80 1990 166 2052 neque
183 1971 310 2032 insulam
329 1970 420 2044 mihi,
443 1992 544 2050 neque
562 1971 772 2051 praesidiarios
791 1971 921 2043 milites,
947 1993 1023 2051 quos
1042 1993 1097 2053 per
1114 1973 1231 2056 legatos
1261 2008 1272 2025 -

78 2077 153 2139 saepe
168 2077 370 2137 reposcerem,
387 2056 599 2119 reddidissent
619 2061 682 2118 Vos
701 2077 773 2115 vero
792 2056 920 2115 iniuriae
939 2057 1014 2115 mihi
1032 2058 1068 2116 ah
1087 2059 1146 2117 illis
1164 2059 1230 2119 illa-

72 2142 241 2223 tae'nullam
258 2141 408 2202 rationem
427 2141 585 2214 habuistis,
603 2143 656 2201 sed
674 2155 791 2201 tantum
808 2142 962 2222 supplicii:
981 2164 1048 2202 cum
1068 2141 1231 2205 satis.scia·

74 2228 127 2302 tis,
145 2248 190 2286 me
209 2227 339 2286 insulam
357 2248 415 2287 nec
431 2226 517 2287 vobis
536 2247 592 2285 nec
611 2227 671 2286 illis
690 2228 853 2308 eripuisse,
883 2228 936 2293 sed
954 2226 1099 2287 Sostrato¹
1110 2229 1231 2309 piratae.

27 2306 30 2369 ζ
76 2315 164 2387 Quam
180 2312 207 2371 si
223 2332 278 2372 vos
297 2313 435 2372 Sostrato
462 2312 620 2372 tradidisse
638 2313 696 2393 ipsi
715 2313 827 2385 dicitis:
851 2312 1011 2392 piratasin
1030 2333 1095 2372 eam
1112 2314 1234 2400 misisse¹

73 2397 206 2457 fatemini
239 2397 304 2470 Sin,
321 2397 408 2456 vobis
427 2396 539 2468 invitis,
556 2399 587 2458 vi
605 2397 775 2458 obtinebat:
793 2417 870 2477 quae
887 2398 1010 2457 tandem
1028 2398 1060 2456 in
1077 2419 1131 2459 vos
1149 2400 1230 2459 iniu-
1267 2430 1271 2434 ·

32 2546 36 2553 ,
71 2481 113 2541 ria
128 2482 199 2554 fuit,
227 2503 292 2542 eam
311 2503 328 2541 a
346 2503 394 2540 me
412 2482 571 2563 occupari,
598 2497 629 2543 et
645 2483 747 2543 locum
771 2496 871 2543 tutum
888 2482 976 2542 reddi
999 2483 1231 2565 navigantibus?

71 2565 137 2627 Etsi
152 2579 247 2626 autem
264 2579 393 2628 uestram
411 2568 519 2626 urbem
536 2569 613 2628 tanti
630 2568 786 2642 faciebam,
804 2581 839 2628 ut
856 2567 984 2628 insulam
1003 2568 1031 2627 ei
1050 2569 1166 2647 duem:
1183 2584 1247 2631 ta„

69 2671 138 2711 men
156 2664 289 2712 oratores
306 2653 399 2712 vestri
416 2653 551 2733 accipere
569 2652 787 2733 prohibebant,
811 2652 1016 2733 recipiendam
1035 2674 1100 2712 esse
1119 2675 1230 2716 consu-

69 2735 190 2808 lebant,
210 2750 274 2808 nt,
286 2737 311 2796 si
328 2739 413 2817 quod
430 2738 636 2818 imperabatur
651 2738 799 2809 facerem,
816 2758 865 2797 me
882 2738 1010 2796 alienam
1028 2737 1230 2799 obtinere-fa·

68 2831 168 2879 terer:
197 2820 243 2897 sin
261 2820 358 2881 locum
376 2823 462 2902 illum
479 2823 662 2894 retinerem,
686 2823 801 2904 populo
820 2834 978 2903 suspectus
995 2822 1107 2881 fierem.
1152 2825 1229 2898 Qui-

64 2904 124 2964 bus
144 2925 200 2987 ego
218 2906 347 2988 cognitis
364 2908 449 2967 ultro
466 2907 662 2979 denuntiavi,
697 2929 745 2967 me
769 2909 806 2967 de
824 2907 871 2966 his
889 2907 921 2965 in
939 2906 1054 2967 iudicio
1072 2907 1230 2970 vobiscum

73 2989 312 3070 disceptaturum,
328 3004 364 3051 ut
382 2995 408 3053 si
426 2993 500 3051 mihi
517 2992 686 3052 adiudicata
705 3005 794 3066 esset,
812 2991 899 3051 vobis
918 3013 935 3050 a
953 3012 1001 3050 me
1020 2992 1156 3053 daretur:
1181 2994 1229 3054 sin

72 3075 248 3137 iudicaretur
263 3090 364 3138 vestra
383 3097 467 3151 esse,
484 3077 598 3157 populo
618 3098 682 3137 eam
699 3078 865 3138 redderem.
897 3077 981 3135 Haec
998 3081 1154 3163 me'saepe
1172 3101 1228 3160 po·
1253 3085 1269 3140 t

73 3161 209 3234 afflante,
241 3177 272 3224 et
301 3184 357 3223 vos
388 3161 592 3222 contemsistis
621 3175 652 3221 et
678 3161 851 3244 Peparethii
878 3161 1008 3221 insulam
1036 3178 1230 3243 occuparunt

72 3245 147 3319 Quid
163 3247 258 3329 igitur
275 3248 353 3307 mihi
370 3248 543 3309 faciendum
558 3245 637 3311 suit?
654 3269 717 3306 non
734 3246 900 3328 infligenda
918 3266 1016 3327 poena
1033 3246 1232 3332 foedifragis?

44 3377 50 3385 .
72 3350 128 3390 non
143 3332 328 3407 ulcisce'ndi,
358 3334 411 3413 qui
428 3346 489 3393 tam
507 3331 637 3412 superbe
654 3332 875 3405 insultabantf·
895 3332 971 3391 Nam
989 3332 1015 3391 si
1032 3331 1230 3414 Peparethio-

71 3436 133 3483 rum
146 3415 203 3476 fuit
218 3411 333 3491 insula,
352 3418 413 3498 qim
432 3418 497 3477 iure
516 3417 552 3478 ab
569 3416 810 3477 Atheniensibus
827 3417 955 3498 repetita
967 3419 1038 3494 est?
1056 3419 1103 3478 sin
1121 3434 1231 3496 vestra,

27 3492 30 3507 '
73 3520 124 3560 cur
137 3522 194 3577 uon
212 3502 256 3562 eis
277 3503 459 3578 irascimini,
477 3503 530 3582 qui
548 3503 725 3582 occuparint
742 3502 888 3563 alienam?
913 3503 959 3562 Eo
978 3524 1070 3582 porro
1089 3526 1231 3588 prognes-

27 3584 33 3605 '
54 3606 116 3644 -sae
130 3599 197 3651 sunt
212 3600 341 3648 nostrae
357 3587 543 3662 inimicitiae,
559 3601 603 3660 ut,
619 3611 713 3667 quum
730 3588 854 3648 classem
871 3588 903 3646 in
914 3589 1147 3670 Hellespontum
1160 3612 1230 3673 per-

72 3670 169 3732 ducere
186 3694 353 3755 cuperem,
389 3687 510 3734 coactus
536 3674 593 3733 sim
612 3693 676 3731 eam
695 3695 749 3755 per
767 3671 992 3733 Chersonesum
1010 3696 1079 3734 curn
1097 3677 1233 3737 exercitu
1261 3670 1265 3677 ’

70 3758 207 3817 comitari:
217 3781 328 3839 ¹quum
346 3759 440 3818 vestri
455 3759 557 3819 coloni
573 3779 608 3817 ex
623 3759 745 3819 decreto
760 3758 929 3843 Polycratis
945 3758 1058 3819 bellum
1071 3760 1231 3821 nobiscum

34 3881 43 3905 t
68 3857 211 3922 gererent,
241 3857 274 3904 et
292 3843 386 3904 vobis
403 3844 473 3904 talia
492 3843 778 3925 comprobantibus,
805 3858 835 3904 et
854 3844 930 3903 duce
948 3857 1049 3905 vestro
1067 3845 1231 3927 Byzantios

66 3943 225 4006 accersente
252 3943 287 3991 et
312 3929 397 4010 apud
421 3949 526 3988 omnes
550 3929 649 3988 missis
672 3929 788 3989 nuntiis
812 3929 1001 4011 divulgante,
1033 3949 1076 3990 se‘
1090 3930 1188 3988 iuberi
1214 3951 1232 3990 a

27 4028 30 4041 ¹
64 4013 152 4089 vobis,
178 4029 232 4090 ut,
259 4016 290 4076 si
320 4015 446 4073 daretur
468 4015 604 4087 occasio,
631 4013 745 4073 bellum
771 4026 896 4097 gereret
940 4015 996 4074 His
1020 4013 1118 4072 modis
1137 4036 1232 4095 quum

62 4109 200 4175 tractares,
224 4114 341 4161 tamen
360 4112 390 4158 et
401 4100 471 4158 urbi
483 4114 600 4177 vestrae
615 4113 645 4158 et
657 4099 829 4159 triremibus
846 4110 876 4159 et
890 4120 963 4180 agro
975 4099 1098 4179 peperci
1111 4097 1233 4182 (quam-

55 4183 95 4244 n's
108 4187 267 4268 plerisque
290 4182 394 4267 potiri
418 4205 556 4265 possem,
582 4186 630 4244 vel
655 4186 758 4266 potius
782 4182 955 4262 omnibus),
982 4195 1013 4241 et
1036 4203 1089 4243 vos
1115 4186 1236 4262 adeas,

60 4291 121 4350 quae
137 4273 221 4336 inter
237 4293 311 4333 nos
334 4265 455 4342 essent,
477 4269 703 4332 ‘controversias
723 4265 942 4349 disceptatione
961 4266 1144 4327 dirimendas
1162 4289 1237 4349 per.

55 4346 132 4436 pftuo
154 4354 353 4442 provocavi.
395 4354 491 4437 Atqui
517 4355 724 4428 considerate,
751 4367 854 4415 utrum
872 4351 1030 4414 honestius
1049 4352 1105 4424 sit,
1132 4352 1240 4416 verbis
