2722 4754
236 151 250 258 Ῐ
324 150 956 283 sovsususttocntuurc
1129 158 1225 250 'soa
1297 154 1316 220 s

58 391 325 486 οιιιιιο
378 392 744 512 A'uvnnsus
797 363 1242 484 edocte-suun
1300 377 1330 452 .’

328 527 444 605 'un
497 531 907 652 nanu-nuruum.
1095 550 1134 565 -
1300 574 1306 581 -

352 916 359 923 -
430 877 500 940 AR
517 877 715 940 GUMEN
728 877 852 973 TUM.

59 991 260 1093 Archiada
235 1042 301 1082 stne
319 1021 423 1082 liberis
442 1024 625 1095 defuncto,
631 1024 791 1092 leocrates
801 979 1008 1092 hereditatem
1028 1019 1125 1103 cepit,
1143 1018 1228 1098 quod
1310 1072 1319 1079 .

65 1123 94 1170 et
113 1121 260 1190 cognatus
286 1101 350 1168 eius
370 1112 466 1210 esset,
492 1122 572 1191 etse
592 1107 627 1167 ab
645 1107 795 1167 Archiada
815 1109 994 1189 adoptatum
1014 1128 1080 1167 esse
1106 1105 1234 1165 diceret·

60 1195 105 1255 Ac
124 1196 169 1257 ad
180 1205 299 1274 tempus
319 1215 382 1254 eam
401 1195 466 1275 ipse
489 1193 608 1254 tenuit.
638 1194 748 1253 deinde
771 1194 836 1253 filio
863 1215 918 1254 suo
943 1196 1106 1253 Leostrato
1120 1213 1176 1272 pro
1195 1207 1228 1247 se
1313 1251 1320 1261 ,

60 1278 227 1339 Archiadae
256 1281 420 1359 adoptato,
445 1279 556 1339 familia
583 1280 663 1339 cedit
682 1278 763 1337 etin
789 1302 873 1338 suam
899 1279 995 1352 redit,
1024 1279 1122 1357 quasi
1128 1298 1162 1336 ea
1179 1292 1241 1336 res·

61 1366 128 1446 lege
153 1364 265 1424 liceret
302 1366 384 1424 ldem
408 1365 480 1424 fecit
506 1365 595 1424 etiam
612 1366 804 1424 Leostratus:
829 1376 860 1423 et
876 1385 933 1445 pro
959 1384 991 1422 se
1009 1364 1041 1423 in
1059 1362 1228 1423 Archiadae

59 1449 170 1509 familia
196 1449 304 1509 relicto
321 1450 403 1521 filio,
427 1450 552 1509 nomine
569 1451 594 1508 Ι
596 1461 746 1521 eocrate,
757 1448 822 1528 ipse
841 1449 939 1509 insui
965 1448 1108 1508 naturalis
1134 1445 1229 1528 patris
1301 1451 1314 1513 ζ

60 1534 201 1594 familiam
220 1535 318 1594 rediit
336 1533 539 1594 Postremus
530 1557 539 1593 ι
563 1535 624 1594 itur
641 1535 690 1594 hic
705 1535 865 1594 leocrates
881 1535 1050 1594 Archiadae
1068 1534 1230 1614 adoptatus
1281 1599 1284 1606 ἱ

61 1620 154 1679 orbus
173 1620 311 1679 decessit
345 1617 441 1680 Cuius
457 1557 658 1683 hereditatem
676 1618 752 1678 adiit
768 1614 1000 1690 Aristodemus,
1026 1640 1179 1693 asserens,
1196 1637 1231 1677 se

61 1701 173 1785 genere
190 1704 361 1782 proximum
380 1727 446 1764 esse
459 1704 638 1776 Archiadae,
656 1704 741 1764 cuius
755 1704 816 1765 ab
807 1703 897 1765 mitio
914 1705 964 1764 illa
982 1704 1090 1764 fuerit:
1110 1716 1141 1764 et
1158 1723 1232 1785 pro-

61 1802 130 1869 pter
148 1788 234 1847 illum
251 1790 406 1863 Leocrati,
425 1803 580 1871 postremo
599 1789 818 1870 adoptivorum
852 1790 1022 1850 Leochares
1040 1803 1158 1863 autem,
1177 1789 1254 1851 do

62 1874 161 1932 functi
179 1875 288 1950 frater,
313 1877 350 1936 de
368 1875 545 1938 hereditate
555 1875 797 1949 contendens,
788 1875 924 1956 mp'rimis
938 1876 995 1936 ille
1014 1877 1137 1977 quidem
1156 1873 1314 1935 ado-181

62 1959 169 2037 ptione
195 1959 320 2033 nititur,
345 1974 379 2021 ut
396 1961 476 2020 filius
495 1960 649 2036 Leocratis
674 1960 850 2054 adoptivus.
878 1963 933 2021 sed
957 1974 1059 2021 Ιιιιιειι
1082 1964 1172 2022 etiam
1198 1981 1234 2020 se
1314 1981 1316 1985 ’

62 2043 233 2102 Archiadae
252 2060 413 2127 cognatum
433 2066 498 2105 esse
517 2045 629 2106 asserit
658 2048 685 2106 ls
704 2067 788 2118 vero,
807 2068 860 2125 qur
851 2036 1108 2106 Aristodemum
1126 2045 1233 2106 defen:
1261 2070 1265 2098 ι

63 2127 117 2200 dit,
135 2128 258 2208 generis
275 2131 532 2211 propinquitatem
549 2130 747 2191 Aristodemo
765 2132 836 2190 dare
855 2118 1053 2191 hereditatem
1063 2130 1235 2210 ,adoptio

63 2234 133 2272 nem
152 2228 253 2274 autem
272 2215 510 2277 commentitiam
530 2220 596 2275 esse
613 2216 749 2274 affirmat
767 2215 875 2295 Neque
891 2215 972 2275 eninr
988 2215 1103 2286 vivens,
1120 2212 1237 2294 inquit,

61 2299 223 2385 Leocrates
241 2298 299 2357 sibi
316 2301 501 2360 Leocharem
519 2300 691 2381 adoptavit,
717 2313 754 2360 ut
769 2299 853 2382 leges
872 2301 1078 2384 praecipiunt:
1102 2301 1155 2359 sed
1174 2297 1233 2359 sub

63 2381 128 2442 eius
148 2384 277 2456 obitum,
295 2399 330 2444 ut
347 2407 405 2445 nos
424 2384 513 2446 honis
529 2384 755 2459 fraudaremur,
773 2399 879 2461 contra
897 2387 980 2468 leges
998 2386 1075 2446 facta
1094 2398 1140 2446 est
1157 2385 1232 2445 ado·
1280 2451 1289 2468 ¹

46 2468 139 2550 “ptin
157 2469 338 2531 Orationem
354 2471 447 2532 habet
464 2470 654 2531 Aristodemi
670 2472 760 2532 filius.
1196 2491 1200 2500 ·

468 2650 571 2658 ——0—

54 2773 169 2882 ,Culpa
186 2801 348 2862 Leocharis
366 2801 411 2875 lit,
428 2802 556 2876 ludices,
574 2813 609 2862 ιιΙ
626 2801 738 2883 etipse
757 2801 789 2862 iu
801 2802 854 2884 ¹ius
872 2813 1009 2874 vocetur,
1033 2813 1064 2862 et
1083 2822 1140 2883 ego
1159 2801 1234 2861 ado-

65 2889 182 2948 lescens
202 2889 281 2968 apud
299 2909 353 2946 vos
372 2887 463 2952 verba
480 2888 603 2949 faciam:
622 2889 705 2968 quod
725 2910 774 2947 eas
793 2887 976 2950 hereditates
995 2907 1102 2967 capere
1121 2887 1234 2959 studet,

65 2994 143 3054 quae
162 2972 239 3034 nihil
258 2974 295 3033 ad
312 2972 411 3053 ipsum
429 2973 577 3047 attinent,
603 2986 634 3033 et
651 2986 776 3054 propter
794 2994 843 3033 eas
861 2973 937 3033 falso
955 2975 1041 3053 apud·
1061 2983 1232 3053 praetorem
1306 3003 1309 3019 ι

65 3058 245 3119 testificatus
264 3072 317 3118 est.
352 3057 448 3118 Nohis
468 3059 548 3117 enim
568 3079 691 3118 necesse
708 3057 783 3132 suit,
802 3081 870 3119 curn
889 3058 938 3126 len
956 3079 1069 3140 genere
1088 3057 1234 3139 proximis

65 3142 301 3225 propinquitatis
319 3143 366 3206 ius
383 3143 514 3218 tribuat,
532 3158 567 3204 ut
584 3142 924 3227 Archiadaccoguatis,
943 3144 996 3223 qui
1015 3143 1052 3203 ah
1071 3143 1160 3203 initio
1179 3142 1233 3202 he·
1286 3207 1291 3218 ,γ

65 3229 225 3288 reditatem
231 3229 377 3310 reliquit,
396 3249 518 3304 cavere,
534 3250 575 3289 ne
594 3229 660 3289 eius
677 3229 788 3289 familia
789 3230 1060 3311 exstingueretur,
1078 3229 1126 3288 vel
1145 3228 1234 3289 here·
1252 3298 1258 3306 ⁸

68 3315 145 3373 ditas
165 3314 201 3371 ad
221 3335 271 3373 eos
292 3314 521 3387 devolveretur,
538 3316 575 3374 ad
594 3312 671 3395 quos
690 3314 815 3374 minime
833 3315 1009 3396 pertineret,
1045 3317 1103 3374 lste
1122 3327 1238 3386 autem,
1274 3339 1283 3345 ·*

69 3422 136 3459 cum
156 3420 213 3458 nec
231 3420 342 3481 genere
360 3400 405 3459 sit
425 3400 560 3459 defuncti
579 3401 677 3471 lilius,
702 3421 759 3460 nec
777 3399 895 3482 legibus
920 3399 1097 3500 adoptatus,
1122 3412 1157 3458 ut
1175 3418 1234 3478 ego
1257 3452 1259 3455 .

68 3484 242 3559 ostendam,
267 3487 344 3545 adeo
368 3497 482 3544 temere
500 3485 608 3545 falsum
633 3485 811 3545 testificatus
831 3498 877 3544 est
896 3497 926 3544 et
943 3484 1032 3543 nohis
1052 3483 1163 3572 eripuit
1181 3483 1235 3541 he·
1245 3542 1248 3550 Χ
1319 3555 1328 3563 .

68 3570 236 3629 reditatem
273 3569 336 3630 Oro
355 3583 455 3631 autem
473 3592 544 3643 vus,
570 3571 703 3641 ludices,
729 3584 764 3645 ut
783 3582 813 3629 et
830 3569 907 3650 patri
935 3569 1005 3628 huic
1023 3591 1092 3630 meo
1111 3581 1142 3628 et
1159 3566 1236 3626 mihi
1256 3564 1261 3569 ⁴

70 3676 158 3734 opem
177 3654 351 3727 feratis,s1,
370 3677 446 3735 quae
464 3677 559 3735 aequa
577 3669 666 3727 sunt,
685 3654 863 3715 dixerimus:
881 3675 982 3734 neque
1001 3654 1160 3738 negligatis
1179 3653 1235 3715 ho·
1285 3685 1296 3731 s

68 3740 164 3799 mines
187 3758 337 3839 pauperes
358 3754 389 3800 et
411 3741 518 3821 inopes
536 3753 569 3800 et
593 3741 696 3821 iniqua
721 3740 854 3801 factione
879 3753 1038 3822 potentum
1067 3759 1237 3839 oppressos.
1331 3760 1334 3764 ·

69 3825 134 3884 Nos
161 3824 240 3883 enim
267 3825 393 3886 veritate
418 3826 488 3889 teeti
513 3826 607 3885 huc
597 3827 725 3908 ingressi
750 3849 871 3899 sumus,
897 3825 976 3886 bene
1001 3825 1049 3908 agi
1076 3824 1235 3885 nobiscum
1312 3836 1314 3840 '

68 3923 220 3991 putantes,
239 3907 264 3968 si
278 3909 344 3988 quis
363 3911 491 3970 nosfrui
505 3910 607 3993 legum
619 3910 776 3991 praesidiis
788 3913 935 3992 patiatur:
953 3911 1003 3971 isti
1015 3923 1114 3977 autem
1127 3909 1235 3969 sactio-

68 3993 158 4055 uihus
179 4008 209 4055 et
226 3994 437 4077 largitionibus
456 3995 525 4056 niti
530 4017 593 4055 non
613 3996 802 4057 destiterunt,
829 3996 937 4077 Neque
955 4018 1027 4058 vero
1047 3996 1165 4075 mirum
1188 3994 1236 4056 De
1328 4049 1343 4074 χ

69 4081 169 4141 alieno
191 4080 271 4139 enirn
297 4093 414 4142 sumtus
432 4080 514 4141 haud
536 4093 664 4165 gravate
681 4081 810 4143 faciunt:
836 4083 965 4162 proinde
991 4095 1022 4141 et
1039 4102 1111 4140 suae
1129 4080 1248 4152 causae
1260 4083 1323 4156 182

69 4167 246 4229 defensores
273 4180 304 4226 ct
320 4165 412 4227 falsos
437 4179 530 4227 testes
555 4168 668 4227 multos
692 4181 911 4248 compararunt
945 4169 1035 4227 Pater
1059 4186 1131 4227 vero
1151 4186 1236 4226 meus

69 4250 208 4332 (dicetur,
222 4249 335 4335 enim),
360 4273 421 4312 una
439 4273 513 4312 cum.
525 4264 719 4333 paupertate,
744 4261 981 4337 ‘utros-omnes·
993 4251 1108 4324 nostis,
1132 4264 1163 4312 et
1179 4250 1237 4311 im·
1275 4270 1294 4311 .’

70 4337 176 4416 peritia
195 4358 300 4397 rerum
323 4337 491 4403 manifestis
509 4337 693 4411 testimoniis
710 4351 840 4422 pugnat:
868 4360 937 4399 nam
955 4337 988 4399 iu
1005 4337 1131 4426 Piraeeo
1150 4356 1238 4418 praea
1258 4384 1261 4390 .
