2722 4754
18 185 30 201 >·
156 116 254 276 342Ι
318 106 320 113 ¹
378 123 380 129 ’
439 106 1160 265 cracuaensem,oaumo''⁸¹
1283 134 1286 152 '

414 421 484 445 .„
555 331 945 445 asseruerinx

239 495 454 575 Theoplremus
472 503 572 552 autem
590 493 666 557 adeo
685 513 748 551 non
762 503 884 552 secutus
897 488 992 551 estad
1008 511 1152 564 mensam,
1170 501 1225 549 aut
1236 488 1315 559 mul·

72 628 74 633 .
108 573 112 577 ’
156 592 235 661 ειαιη
251 579 381 659 recepit,
398 577 668 659 ut‘quinquaginta
687 597 768 636 meas
787 595 859 636 oves
877 575 1003 649 molles,
1021 576 1092 635 dum
1109 585 1317 656 pascerentur,

23 694 26 701 ·
103 670 131 743 l.
156 680 188 726 et
205 654 370 744 opilionem
388 684 448 723 una
466 684 533 721 cum
553 662 613 735 eis,
638 674 687 734 et,
710 658 855 741 quiequid
872 660 909 720 ad
927 681 1049 747 gregem
1066 652 1218 742 pertinet,
1236 659 1317 718 abri-

155 747 270 830 puerit:
289 748 399 808 deinde
416 766 545 827 puerum
562 738 742 816 ministrum,
761 744 897 828 hydriam
915 764 1031 804 aeream
1046 755 1267 826 reportantem,
1284 765 1317 802 ac

156 834 347 894 commodato
365 844 531 912 acceptam,
549 830 650 911 magni
667 829 764 909 pretii.
799 829 907 908 Neque
926 828 998 901 hae-c
1017 828 1059 888 eis
1078 829 1240 888 abstulisse
1258 825 1317 886 fuit

32 975 34 978 .
116 913 119 918 ’
156 919 244 979 satis:
270 918 323 976 sed
350 918 433 976 etin
459 913 614 994 praedium
638 912 768 995 ingressi
791 910 894 995 (agros
923 926 1023 972 autem
1050 913 1119 973 colo
1140 912 1178 972 ad
1202 912 1318 971 circum

22 1009 37 1055 Γ
68 1011 131 1068 231
157 991 337 1083 equestrem,
354 1000 457 1078 ibique
475 997 578 1057 habito
598 995 970 1079 aprimaadoles'centia),
988 998 1123 1077 primum
1137 997 1169 1056 in
1186 995 1317 1057 famulos

112 1135 115 1143 .
151 1089 300 1168 impetum
318 1085 462 1144 feceruut.
487 1085 528 1140 Ut
546 1090 618 1142 verb
636 1081 681 1140 illi
698 1081 896 1163 diffugerunt,
913 1093 1005 1161 atque
1021 1082 1096 1142 alius
1115 1082 1176 1141 alio
1195 1103 1228 1141 se
1247 1102 1318 1161 pro-

59 1151 80 1173 ⁴
155 1172 264 1252 ripuit:
282 1168 410 1251 ingressi
424 1168 528 1246 aedes,
545 1179 576 1226 et
594 1166 709 1226 deiecta
727 1166 825 1240 ianua,
846 1187 923 1245 quae
942 1166 1115 1226 intortum
1132 1166 1203 1241 fert,
1220 1167 1317 1224 Euer-

156 1279 223 1340 gus,
240 1255 333 1325 frater
350 1249 557 1332 Theophemi,
575 1250 607 1310 ‘et
623 1250 951 1327 Mnesibulus,2affinis
965 1250 1046 1325 eius,
1065 1274 1081 1311 a
1099 1250 1211 1330 quibus
1231 1249 1317 1309 nullo

156 1353 238 1401 e'ram
256 1338 369 1398 iudicio
387 1338 494 1413 victus,
513 1334 704 1415 quibus‘n'on
721 1335 764 1394 fas
782 1334 840 1394 fuit
858 1332 1018 1418 quicqiqam
1037 1356 1139 1394 meum
1157 1335 1319 1418 attingere,

58 1426 62 1435 “
100 1441 102 1445 ’
156 1423 284 1507 ingressi
301 1424 338 1482 ad
355 1439 489 1481 urorem¹
500 1441 596 1480 meam
613 1431 644 1478 et
656 1419 778 1494 liberos,
798 1419 941 1500 qiricquid
960 1419 1155 1480 instrumenti
1167 1419 1242 1480 mihi
1260 1418 1319 1480 suit
1342 1460 1344 1465 ·

30 1572 33 1581 ἢ
86 1502 89 1508 ’
155 1510 308 1588 reliquum
330 1507 363 1566 in
387 1505 527 1580 aedibus,
553 1503 750 1564 abstulerunt
785 1505 945 1564 Putabant'
961 1506 1058 1579 enim,
1082 1525 1117 1565 se
1134 1526 1199 1564 non
1223 1495 1341 1566 raddo*

77 1582 79 1590 ἱ
121 1618 128 1633 ·
155 1593 319 1666 tantillam,
349 1592 402 1650 sed
425 1589 517 1671 longe
551 1588 776 1666 instructiorem
806 1589 1024 1670 supellectilem
1051 1589 1135 1649 domi
1159 1611 1241 1650 meae
1265 1611 1315 1649 re-

155 1691 303 1760 perturos.
321 1679 434 1735 Verum
451 1686 578 1754 propter
594 1673 677 1749 obita
693 1693 828 1748 munera,
843 1687 877 1734 et
888 1674 1016 1755 tributa,
1031 1687 1061 1734 et
1076 1675 1172 1747 vestri
1182 1675 1313 1736 studium

91 1798 93 1803 -
134 1763 139 1818 ’.
156 1762 212 1825 alia
232 1760 441 1843 oppignerata,
464 1759 521 1818 alia
546 1758 698 1818 divendita
717 1768 815 1818 erant:
845 1779 921 1839 quae
939 1778 1012 1820 vero
1031 1759 1130 1819 adbuc
1153 1759 1315 1831 restabant,

78 1872 81 1876 ⁴
155 1830 194 1908 iii
211 1845 341 1927 abreptis
360 1843 500 1904 omuibus
523 1843 671 1907 abierunt.
703 1844 879 1918 Praeterea,
904 1845 1038 1919 ludices,
1062 1865 1141 1904 uxor
1163 1865 1230 1904 mea
1248 1843 1316 1903 cuni

83 1999 97 2010 ,
155 1932 258 1993 liberis
276 1930 308 1989 in
326 1930 393 1989 aula
417 1927 602 2010 prandebat,
628 1938 659 1987 et
677 1929 823 2007 quaedam
840 1944 908 2005 cum
922 1929 1005 2010 ipsa,
1030 1941 1118 2009 quae¹
1131 1929 1234 1990 nutrix
1250 1927 1320 1988 mea

155 2018 264 2097 fuerat,
280 2034 400 2097 magno
409 2026 481 2073 natu
494 2012 623 2090 mulier,
635 2013 788 2073 benevola
801 2025 832 2101 et
849 2015 926 2088 fida,
942 2014 1082 2088 libertate
1101 2015 1246 2076 donataa
1265 2035 1317 2094 pa·
1337 2061 1339 2065 .

116 2155 122 2174 ,
155 2115 202 2163 tre
225 2105 302 2160 ineo.
337 2101 487 2178 Nupserat
511 2111 612 2158 autem
637 2098 744 2181 adepta
753 2108 757 2171 ᾗ
771 2098 958 2172 libertatem:
985 2099 1157 2179 maritoque
1183 2111 1318 2170 mortuo,

156 2181 240 2265 quod
259 2183 406 2243 etvetula
425 2193 505 2255 erat,
523 2195 563 2256 et,
582 2204 598 2241 a
617 2203 677 2261 quo
696 2183 842 2256 aleretur,
860 2185 1011 2244 neminem
1029 2184 1180 2259 habebat,
1197 2185 1264 2266 ipsa
1282 2183 1316 2241 ad

58 2276 62 2290 '
154 2291 203 2329 me
222 2259 359 2327 redierat.
375 2267 417 2325 Ea
435 2266 530 2348 igitur
546 2267 583 2325 ad
601 2278 763 2348 egestatem
781 2269 911 2343 redacta,
929 2287 1006 2349 quae
1025 2281 1056 2329 et
1072 2270 1174 2331 nutriar
1192 2268 1317 2347 etedu-

52 2354 59 2376 ⁸
146 2353 332 2429 'catrix‘m‘e'a
349 2350 464 2424 fuerat,
490 2351 575 2410 nullo
594 2352 686 2410 modo
710 2352 789 2411 mihi·
809 2354 989 2436 negligenda
1007 2354 1082 2413 suits
1104 2355 1193 2414 simul
1213 2352 1316 2424 etiam,

155 2437 225 2519 quia
242 2436 423 2497 trierarchus
442 2455 522 2513 eram
539 2434 691 2508 abiturus,
715 2448 748 2496 ‘et
770 2458 848 2505 uxor
864 2459 947 2512 mea,
975 2437 1035 2498 sibi
1051 2439 1141 2498 talem
1160 2462 1176 2498 a
1193 2460 1243 2497 me
1263 2459 1315 2496 eu-

23 2578 25 2580 .
154 2521 412 2607 stodemaedjun'r
429 2519 572 2598 relinqui,
589 2520 746 2601 gaudebat.
774 2517 850 2581 Cum'
869 2523 1019 2582 autem‘in
1036 2524 1104 2583 aula
1122 2522 1313 2604 pranderent,

28 2633 32 2636 ’
55 2669 58 2673 „
100 2620 113 2683 ἵ
155 2620 246 2685 atque
264 2605 331 2676 isti,
349 2604 408 2664 illis
426 2603 529 2663 subito
548 2604 884 2684 oppressis,‘irruerent
902 2619 932 2666 et
948 2629 1016 2666 vasa
1034 2608 1217 2688 diriperent:
1237 2606 1312 2665 aliae
1329 2678 1332 2684 .

156 2689 279 2770 quidem
297 2688 421 2748 ancillae
438 2688 491 2771 (in
503 2689 580 2749 turri
599 2688 678 2748 enim
697 2702 791 2763 erant,
807 2690 862 2749 ubi
880 2690 1094 2773 diversantur),
1112 2693 1246 2752 clamore
1263 2713 1311 2750 au-

86 2786 89 2789 ’
135 2850 137 2855 Ι
156 2774 231 2846 dito,
249 2773 356 2832 turrim
369 2772 541 2834 occludunt.
558 2771 747 2852 Atqueilluc
758 2774 887 2857 ingressi
904 2797 968 2835 uon
986 2782 1068 2852 sunt,
1085 2778 1171 2836 sede
1192 2774 1310 2835 caeteris

155 2857 347 2938 conclavibus
366 2877 433 2915 vasa
458 2869 661 2938 exportarent.
696 2862 825 2918 Vetante
843 2872 943 2920 autem
961 2880 1072 2935 uxore,
1091 2881 1138 2930 ,ne
1158 2881 1192 2920 ea
1210 2873 1308 2942 tange-

37 2963 41 2973 ’
132 2978 134 2982 ·
153 2955 239 3020 rent,
258 2955 289 3002 et
307 2942 443 3013 dicente,
462 2940 501 3000 ob
521 2942 623 3000 dotem
641 2940 706 3024 sibi·
717 2964 782 3020 esse
801 2945 1014 3026 oppignerata,
1033 2958 1080 3018 et,
1099 2964 1173 3006 oves
1193 2964 1243 3004 eos
1260 2945 1307 3002 ba·
1338 2991 1344 2997 .

153 3028 226 3087 bere
245 3024 466 3107 quinquaginta
481 3038 512 3084 et
529 3025 695 3107 opilionem
713 3027 839 3102 ¹maioris
856 3029 961 3111 pretii,
986 3051 1075 3109 quarn
1094 3029 1204 3110 quanti
1219 3049 1307 3087 essem

154 3109 466 3192 damnatus¹(vicinus
494 3111 574 3168 enim
600 3110 721 3194 quidam
749 3113 790 3171 eis
819 3113 850 3172 id
876 3114 1043 3187 nuntiarat,
1069 3116 1187 3193 pulsata
1213 3110 1311 3193 ianua)

18 3262 23 3270 η
123 3264 129 3273 st
153 3207 308 3275 praeterea
325 3206 483 3276 argentum
502 3195 545 3254 eis
564 3193 684 3254 dicebat
700 3195 732 3254 in
749 3199 851 3256 mensa
871 3217 935 3256 esse
961 3199 1095 3278 positum
1113 3198 1160 3281 (id
1179 3198 1260 3258 enim
1277 3217 1312 3255 ex

48 3311 53 3316 ·
154 3300 203 3338 rne
222 3278 378 3359 audierat).
404 3278 533 3353 Quodsi·
550 3278 806 3360 exspectaveritis,
831 3279 950 3361 inquit,
970 3295 1022 3342 aut
1045 3295 1180 3343 vestrum
1205 3281 1311 3362 aliquis

73 3394 79 3409 s
154 3363 294 3422 maritum
321 3383 421 3422 meum
448 3362 633 3436 arcessierit,
658 3363 758 3423 statim
776 3366 906 3445 acceptis
933 3367 1063 3428 nummis
1082 3368 1219 3428 abibitis:
1244 3387 1312 3425 vasa

152 3445 434 3526 autem'relinquite
462 3459 498 3506 et
510 3447 588 3507 nihil
613 3463 713 3508 meum
731 3449 863 3521 auferte,
888 3452 1064 3530 praesertim
1082 3474 1150 3512 cum
1168 3449 1319 3527 babeatis,

153 3531 258 3610 quanti
276 3531 386 3591 mulcta
406 3543 458 3607 est.
492 3532 575 3591 llaec
594 3533 712 3592 dicente
730 3555 843 3607 uxore,
870 3547 984 3595 tantum
1003 3536 1117 3610 abfuit,
1134 3548 1170 3597 ut
1189 3536 1312 3596 desiste·
1337 3556 1341 3571 .

93 3609 95 3626 '
152 3628 284 3693 rent-ut
302 3628 333 3675 et
350 3617 509 3689 nutricem,
523 3637 604 3695 ‘quae
623 3617 775 3700 cymbium
793 3619 851 3694 sibi
868 3617 1050 3701 appositum,
1068 3612 1165 3701 equo*
1181 3620 1311 3702 potabat,

95 3731 119 3775 '.
152 3700 231 3760 intra
249 3701 349 3764 sinum
373 3699 552 3775 abdiderat,
569 3712 608 3760 ne
625 3700 676 3760 isti
693 3702 860 3775 auferrent,
883 3718 1043 3785 postquam
1058 3709 1122 3766 ‘'eos
1147 3707 1232 3767 intus
1252 3724 1312 3764 esse

68 3791 131 3848 232
152 3785 237 3858 vidit,
250 3806 284 3844 re
297 3785 509 3859 animadversa,
527 3785 570 3845 sie
582 3787 737 3846 tractarint
749 3787 830 3848 inter
842 3788 1030 3869 eripiendum
1044 3790 1311 3875 cymbiumrTlteo-

138 3871 279 3952 'phemus
298 3882 329 3929 et
346 3869 501 3952 Euergus,
524 3870 618 3930 frater
643 3870 737 3945 eius,¹
751 3880 835 3933 utet
861 3873 980 3935 brachia
999 3889 1029 3936 et
1046 3898 1152 3936 manus
1179 3874 1310 3935 mulieris

53 3988 62 3996 ‚
132 3954 298 4037 ,sanguine
324 3953 589 4028 suffunderentur,
614 3957 686 4017 dum
712 3961 944 4037 retorquentur,
971 3961 1102 4040 dumque
1127 3973 1254 4022 vexatur
1278 3957 1310 4019 ab

84 4072 87 4086 .
152 4039 228 4112 istis,
245 4039 389 4119 poculum
408 4039 623 4119 eripientibus,
642 4053 673 4101 et
690 4055 776 4102 notas
794 4043 942 4124 unguium
960 4044 992 4103 in
1011 4041 1202 4119 collotldum
1221 4046 1250 4105 ei
1266 4044 1310 4103 iu·
1335 4104 1337 4111 ,

153 4123 257 4204 gulum
276 4123 496 4204 comprimunt,
514 4135 544 4183 et
559 4124 686 4184 lividum
704 4139 809 4206 pectus
827 4128 965 4189 haberet:
992 4149 1090 4209 eoque
1109 4130 1151 4189 im
1174 4129 1308 4190 robitatis
1326 4139 1329 4146 '

153 4221 316 4281 venerunt,
341 4220 376 4267 ut
393 4229 482 4276 anum
502 4221 532 4268 et
556 4210 679 4270 obtorto
704 4212 785 4271 eollo
808 4213 926 4273 trahere
945 4226 975 4273 et
993 4213 1159 4275 verberare
1179 4235 1243 4275 non
1261 4215 1313 4273 de„
1336 4269 1339 4273 J

154 4288 294 4367 stiterint,
313 4293 410 4354 donee
430 4293 619 4374 ei-poculum
638 4315 656 4356 e
672 4295 742 4356 sinu
760 4295 948 4378 eripuissent.
983 4299 1101 4359 ramuli
1119 4296 1223 4361 autem
1235 4297 1325 4363 ‘vicia
