2722 4754
125 251 133 258 ,
209 124 211 128 '
268 173 271 179 ’
332 195 365 207 ·’
425 166 637 243 ORATIO
651 166 949 263 PUNEBnttt‘
1011 170 1046 197 ¹·
1115 164 1323 247 53531

86 331 142 410 qui
159 351 207 389 res
226 343 325 412 gestas
343 328 412 391 ι111
418 327 557 391 vindicet
579 328 715 402 Quarum
733 327 828 408 igitur
843 314 944 387 rer'um
962 325 1097 398 fortuna,
1113 305 1256 394 ninnium

41 454 48 462 ·
87 416 230 489 domina,
248 428 390 475 eventum
408 435 463 473 suo
482 413 627 473 arbitratu
645 412 871 496 gubernavits
862 435 894 470 ιιι
912 411 948 470 iis
967 416 1153 479 caeterorum
1172 408 1250 468 nulli
1320 427 1342 470 ·,

69 523 229 581 prorsus,
258 521 325 559 cunr
351 499 473 578 quidem
497 498 635 557 homines
660 497 827 569 luerint,'
818 497 953 578 ignaviae
979 509 1051 556 sunt
1073 494 1249 563 accusandi:
1314 534 1322 545 .

50 582 54 589 ’
88 588 172 665 quod
191 598 291 672 autem
309 583 546 643 adversariorum
564 583 815 663 imperatoreos,
827 582 879 660 qui
897 596 1007 640 eontra
1020 581 1118 661 ipsum
1137 580 1169 638 'm
1187 578 1251 650 acie
1272 624 1275 632 s

87 682 257 742 steterunt,
260 668 442 748 superavi-t,
467 667 498 726 id
517 689 616 745 neque
636 666 786 737 hostium,
805 687 904 744 neque
923 679 1044 726 nostrae
1063 662 1273 724 multitudini*
1331 696 1336 707 =

88 768 135 815 est
150 755 356 814 tribuendum.
384 754 424 811 Et
440 764 475 811 ut
493 751 619 816 maxime
639 751 796 835 quisquam
816 751 974 809 hominum
993 750 1049 822 sit,
1068 751 1117 809 cui
1134 749 1200 808 iure
1218 748 1251 807 id

87 840 273 919 imputetur,
308 837 467 898 accusandi
486 849 629 895 eruntex
645 831 837 895 Thebanis”
817 857 858 908 n,
892 835 944 914 qui
963 835 1170 903 eontraillum
1189 847 1251 894 ste·
1310 911 1313 914 Α

86 938 169 997 tere,
188 945 250 982 non
269 923 433 981 multitudo
453 922 499 980 vel
518 934 637 992 nostra,
655 921 702 978 vel
720 921 858 979 illorum:
878 920 949 999 qui,
967 919 1047 978 nacti
1058 919 1166 999 ‚copias
1185 919 1251 979 airi-

70 1010 145 1068 'mis
171 1008 320 1088 praeditas
347 1006 467 1070 invictis
492 1019 523 1065 et
548 1008 585 1065 ad
609 1018 716 1065 nutum
741 1018 857 1086 paratas
883 1004 1059 1086 gloriaeque
1085 1004 1251 1084 cupiditate
1295 1011 1307 1018 ”

86 1093 283 1193 llffagrantes,
278 1092 382 1150 harum
402 1091 650 1150 commoditatum
664 1090 751 1149 nulla
769 1100 832 1149 rect
834 1111 850 1148 e
868 1090 915 1149 nsi
933 1089 1077 1149 santrio
1096 1090 1133 1148 de
1152 1100 1250 1150 caete·
1280 1145 1286 1151 .

86 1179 129 1237 ris
149 1199 204 1258 pro
223 1177 315 1236 animi
332 1175 379 1238 sui
398 1175 545 1235 sententia
565 1189 600 1235 nt
618 1188 729 1237 statuat
747 1175 887 1253 quisque,
905 1174 989 1233 lieet:
1008 1174 1088 1248 illud
1101 1194 1173 1232 vero
1192 1173 1252 1233 toti
1288 1191 1294 1205 ¹

74 1262 259 1322 ‘rnnrtalium
278 1282 383 1343 genem
374 1260 582 1319 declaratum
602 1273 664 1332 est,
681 1259 785 1319 totins
792 1259 937 1318 Graeciae
956 1236 1153 1319 libertatem*
1143 1281 1176 1316 ιιι
1194 1258 1251 1317 ho·
1329 1291 1345 1298 -

86 1371 155 1415 rum
174 1347 308 1409 virorum
327 1345 433 1405 animis
452 1345 538 1404 sitam
556 1345 658 1410 luisse.
684 1341 792 1415 Certe
810 1344 855 1403 his
873 1346 934 1402 sato
953 1344 1096 1416 sublatis,
1115 1356 1251 1403 caetero-

86 1437 155 1492 rum
175 1451 264 1490 nemo
283 1430 410 1490 restitit:
428 1429 515 1488 absit
522 1429 642 1488 rnrrdra
651 1429 742 1487 dicto
766 1428 850 1487 At
825 1450 851 1487 ιι
870 1428 937 1506 quis
956 1427 1044 1499 dieat,
1062 1426 1218 1487 horum
1190 1449 1251 1486 ιιι

86 1530 185 1579 tutem
199 1516 344 1574 Graeciae
361 1505 440 1579 su
406 1535 453 1572 sse
469 1535 607 1585 ammam,
625 1535 659 1571 rs
665 1535 770 1572 rerum
786 1512 886 1572 dicere
900 1512 974 1571 ιιιιΙιι
990 1512 1149 1571 trclebrtur
1173 1490 1250 1580 Nam
1339 1526 1343 1533 '

86 1601 179 1660 simul
196 1605 226 1660 el
241 1601 349 1658 horum
365 1598 488 1678 spiritus
505 1616 632 1678 corpora
647 1618 700 1656 sua
716 1597 916 1683 reliquerunt,
934 1609 968 1655 et
974 1597 1119 1655 (rraecrac
1134 1595 1251 1657 sublata

83 1699 135 1746 est
149 1685 323 1744 auctoritas.
352 1683 417 1741 Etsi
436 1695 536 1743 autem
554 1703 617 1740 rem
637 1680 797 1741 immodice
816 1664 954 1743 fortassis
970 1702 1148 1762 exaggerare
1166 1681 1252 1741 vide·
1256 1701 1261 1713 ·
1321 1705 1324 1722 ¹

87 1770 206 1839 bimur,
231 1768 391 1826 dicendum
410 1779 510 1826 tamen
532 1779 596 1827 est
621 1767 663 1825 Ut
681 1766 777 1838 enim,
801 1767 912 1848 siquis
932 1787 967 1825 ex
985 1766 1044 1824 hoc
1062 1766 1228 1838 mundo,
1219 1787 1252 1823 ιιι

88 1875 151 1932 quo
176 1852 244 1911 de
236 1875 330 1924 rmus,
362 1852 460 1911 lucem
484 1849 627 1950 tollat,
619 1863 778 1910 inamoena
805 1864 835 1917 et
859 1851 984 1912 molesta
1008 1851 1125 1930 reliqua
1152 1850 1251 1913 omnis

87 1939 147 1999 vita
167 1875 390 1996 ιῖῑ1ιιιιιιιιι
367 1936 425 2009 sic,
449 1936 520 1995 viris
540 1935 648 1995 hisee
631 1924 830 2013 interceptis,
856 1937 888 1994 in
903 1932 1046 1999 tenebras
1066 1949 1105 2003 et
1113 1938 1251 2018 rrlagnam

88 2022 285 2104 ignominiam
309 2022 409 2079 omnia
432 2033 568 2081 veterum
588 2021 775 2099 Graecorum
801 2017 913 2081 decora
931 2020 1138 2084 conciderunt.
1174 2017 1251 2079 Cum

87 2120 187 2166 autem
208 2107 239 2165 hi
257 2106 359 2164 multis
378 2107 414 2164 de
434 2105 530 2167 causis
549 2126 612 2164 nou
630 2104 782 2165 immerito
801 2117 903 2165 essent
919 2105 1024 2178 tales,
1045 2119 1172 2184 propter
1188 2088 1250 2164 rei-

84 2190 240 2274 publicae
258 2192 384 2250 sormam
414 2189 603 2269 potissimum
629 2186 686 2247 riri
711 2189 822 2249 virtute
849 2202 1033 2268 praestantes
1063 2191 1252 2259 exstiterunt

87 2276 192 2336 Nam
184 2276 349 2373 imperia,
360 2296 436 2352 qnae
455 2294 618 2353 paucorum
637 2274 816 2333 anctoritate
824 2287 999 2373 reguntur,
1033 2287 1181 2356 terrorem
1199 2266 1252 2335 illa
1272 2279 1335 2337 394

88 2361 238 2439 quidem'
229 2359 382 2417 incutiunt
392 2357 531 2416 civibus':
564 2358 775 2417 verecundiam
794 2372 895 2418 autem
913 2359 946 2417 in
964 2359 1007 2417 eis
1027 2359 1167 2438 expedire
1185 2380 1249 2419 ιιοιι

46 2459 54 2467 “
89 2457 223 2524 possunt
260 2443 389 2517 Quoties
415 2443 509 2523 igitur
532 2441 605 2501 belh
623 2443 811 2502 discrimen
802 2444 930 2516 institit,
955 2465 1013 2522 qua
1032 2465 1160 2522 quisque
1178 2456 1249 2524 pot·
1307 2459 1312 2464 “

91 2542 136 2588 est
153 2528 223 2609 luga
242 2527 386 2598 elabitur,
410 2548 473 2584 non
492 2525 627 2607 ignarus,
653 2549 678 2584 ιι
670 2526 836 2588 dominos
854 2528 902 2588 vel
920 2527 1097 2587 muneribus
1114 2528 1171 2588 vel
1181 2528 1249 2607 qui

83 2613 189 2673 busvis
209 2613 274 2671 aliis
293 2611 445 2690 obsequiis
464 2611 633 2682 delinierit,
652 2612 708 2671 etsi
714 2635 768 2671 se
767 2613 918 2699 gesserit
921 2612 1057 2671 oninium
1075 2611 1250 2695 flagitiosis·
1314 2629 1320 2649 ··

89 2698 183 2771 sime,
191 2718 283 2778 parvo
301 2697 333 2754 id
351 2697 409 2754 sibi
427 2696 568 2754 dedecori
586 2697 748 2755 futurum
740 2720 770 2756 ιιι
790 2711 953 2797 posterum.
977 2698 1021 2758 At
1037 2699 1143 2778 populi
1160 2712 1249 2779 pote-

88 2796 158 2855 stas,
174 2804 242 2843 cum
261 2782 316 2839 alia
335 2781 427 2839 multa
446 2779 537 2848 habet
547 2793 586 2841 ,et
599 2781 731 2861 pulchra
742 2796 773 2841 et
789 2785 878 2861 iusta,
893 2803 969 2863 quae
989 2782 1106 2842 homini
1123 2782 1249 2843 cordato
1282 2812 1284 2819 ¹
1321 2779 1323 2782 ’
1345 2793 1346 2800 ’

87 2869 201 2927 tuenda
224 2880 310 2926 sunt.
335 2879 399 2925 tum
426 2886 496 2924 vero
520 2865 669 2925 libertas
661 2889 692 2925 ιιι
711 2867 868 2968 loquendo
886 2868 1030 2927 veritate
1036 2869 1105 2928 nixa
1129 2869 1248 2927 ratione

59 2948 60 2953 '
87 2952 225 3011 cohiberi
244 2950 325 3009 nulla
344 2952 459 3049 potest,
484 2970 546 3028 qno
564 2951 664 3009 minus
681 2972 750 3011 vera
769 2953 893 3012 erimina
911 2951 1051 3036 obiectet
1087 2953 1149 3045 Qui
1168 2953 1248 3013 enim

86 3035 232 3117 flagitium
251 3034 517 3108 lecerunt,'11nee
536 3055 640 3095 omnes
656 3037 772 3116 placare
791 3049 934 3118 possunt,
953 3058 1009 3096 nec
1027 3038 1096 3096 ab
1083 3059 1119 3096 eo
1138 3039 1249 3112 solum,

87 3121 142 3199 qui
164 3142 268 3180 verum
291 3120 436 3200 probrum
462 3119 582 3192 obiicit,
608 3121 799 3189 cruciantur
820 3116 886 3183 se'd
899 3135 945 3195 ct,
971 3122 1029 3201 ipsi
1053 3123 1106 3201 qui
1129 3120 1249 3188 nollent

64 3205 312 3278 maledicere,
316 3205 409 3263 alium
438 3203 665 3264 maledicentem
695 3205 826 3287 libenter
851 3208 985 3266 audiunt.
1029 3208 1115 3281 Quae
1142 3228 1247 3271 omnes

86 3282 194 3348 lrand
186 3291 293 3349 iniuria
308 3302 498 3365 metuentes,
522 3303 679 3355 secuturae
697 3289 883 3370 ignominiae
901 3292 1082 3353 verecundia
1099 3304 1130 3351 ct
1148 3291 1247 3351 imnri-
1283 3274 1302 3341 .'

84 3396 166 3435 nens
169 3375 224 3434 ab
249 3374 424 3433 adversariis
448 3372 616 3452 periculum
641 3374 761 3435 sortiter
783 3377 1011 3449 sustinuerunt,
1037 3389 1067 3436 et
1085 3376 1247 3436 honestum
1332 3402 1336 3407 ·

87 3459 203 3519 obitum
216 3459 444 3540 ignominiosae
463 3458 541 3524 vitae
558 3459 773 3536 praetulerunt
807 3461 852 3520 Ac
872 3483 948 3540 quae
968 3461 1069 3521 lios
1041 3482 1122 3521 vrros
1141 3481 1247 3531 causae

85 3545 289 3613 communiter
312 3543 503 3622 impulerint,
533 3555 568 3600 ut
592 3542 742 3622 praeclare
768 3545 895 3604 vellent
906 3546 1103 3619 occumbere,
1126 3547 1247 3605 dietum
1291 3562 1301 3569 ’·

88 3642 149 3699 est,
174 3629 301 3699 natales,
326 3628 482 3698 educatio,
508 3625 658 3689 bonorum
677 3629 847 3688 studiorum
866 3631 1083 3702 cousuetudo,-
1083 3644 1145 3717 et,
1170 3634 1249 3710 duae

84 3712 300 3774 fundamenti'
291 3725 387 3771 instar
405 3724 465 3782 est,
483 3711 577 3771 totius
594 3713 777 3793 reipublicae
795 3715 890 3777 forma
910 3729 945 3789 ct
959 3702 1151 3777 constitutio·
1170 3736 1246 3795 quae

85 3819 158 3857 vero
176 3798 312 3865 tributim
332 3797 368 3855 ad
387 3797 596 3864 fortitudinem
615 3798 751 3880 singulos
770 3799 888 3860 hortata
906 3800 985 3873 sint,
1013 3822 1046 3859 ea
1062 3801 1123 3860 iam
1143 3801 1247 3860 dicam„

84 3883 287 3942 Meminerant
303 3881 505 3940 Erechtlridae
524 3903 643 3955 omnes,
662 3896 781 3957 eum,'a
800 3906 862 3963 quo
882 3885 1152 3967 cognominantur,
1170 3887 1259 3957 Erep‘

84 3967 228 4029 chtheunr
244 3989 299 4046 pro
314 3967 407 4046 patrii
425 3967 511 4048 regni
529 3967 739 4047 incolumitate
755 3992 823 4029 suas
838 3968 924 4043 filias,
943 3991 1015 4049 quas
1027 3969 1245 4053 Hyaacintbidas
1266 3954 1289 3984 ’“

48 4056 63 4095 -“
84 4052 382 4123 vocantmanilestn
398 4051 489 4110 exitio
508 4051 666 4130 perituras,
685 4052 840 4114 obtulisse.
856 4056 958 4134 Turpe
974 4054 1071 4136 igitur,
1084 4055 1246 4129 ducebant,

84 4136 214 4208 cumis,
238 4137 328 4196 odiis
346 4136 567 4199 immortalibus
584 4151 766 4220 prognatus,
793 4141 830 4199 'ad
854 4139 1037 4203 liberandam
1057 4139 1180 4219 patriam
1198 4141 1245 4201 le
1273 4160 1282 4167 “

83 4221 175 4301 risset
201 4220 318 4294 omnia,
345 4242 376 4280 se
404 4223 609 4299 committere,
637 4236 672 4283 nt
696 4225 822 4284 mortale
847 4237 956 4304 corpus
983 4224 1088 4305 pluris
1102 4226 1247 4299 facerent,
1299 4265 1302 4270 -

83 4329 174 4386 quam
192 4305 320 4388 gloriam
336 4301 551 4381 immortalem.
563 4308 709 4390 Aegidae,
726 4309 813 4393 qni
782 4329 869 4371 non
877 4309 1076 4433 ignorarent,
1082 4310 1248 4389 liberaum,
