2746 4748
384 202 391 271 5
476 142 884 276 'oeconomus
968 178 1006 253 ῃ
1130 137 1281 243 ns-

55 344 186 405 vestros
224 331 416 414 magistratus
452 330 609 392 vetueritis
639 330 789 407 unalitiose
816 328 1034 411 rempublicam
1069 350 1175 413 gerere
1212 343 1243 390 et
1278 352 1293 406 ῃ
1326 360 1333 371 2

57 398 287 491 co‘e'reireritis,
307 438 429 499 operam
447 416 543 491 daho,
562 429 597 476 ut
615 429 646 477 et
664 408 727 498 ego.
741 436 844 496 pacem
864 416 1040 477 custodiam.
1083 416 1198 477 Valcte,
1220 408 1223 413 ’

150 503 217 575 Hic,
238 496 390 581 uu'squam
413 498 636 563 Demosthenis'
655 501 808 561 meminit:
835 521 935 580 neque
955 502 1058 562 deme
1078 501 1240 583 quiequam
1335 508 1351 546 ι·

59 588 215 670 queritur.
252 586 460 662 Quamobrem
479 588 588 670 igitur,
612 609 680 647 cum
698 587 774 647 ulios
793 598 929 660 accuset,
948 599 1085 647 actorum
1103 606 1241 646 meorum

41 673 135 758 'luen
149 673 311 733 meminit?
332 674 426 748 Quod
445 672 622 735 iniuriarum
641 696 762 734 suarum
781 671 980 752 meminisset,
999 672 1117 753 siquid
1136 673 1173 731 de
1193 692 1240 731 me

60 760 245 841 ‚tempsisset
277 759 316 843 lis
336 758 418 817 enim
438 780 495 840 ego
514 757 758 844 inhaeqebamet
774 757 810 817 iis
829 757 1017 817 adversabar
1045 760 1092 817 Ac
1109 757 1239 837 primum
1293 770 1307 788 '¹

74 845 336 926 Peloponnensem
354 844 539 926 legationem
558 845 696 918 decrevi,
730 865 798 903 cum
816 841 1017 923 ille¹primum
1036 842 1067 900 in
1086 842 1239 923 Pelopon-

72 951 174 991 nesum
193 929 495 995 invaderetsdeinde
507 923 772 1015 Euboicam-'eum
786 928 944 988 Euboeam
962 927 1139 1010 attingeret:
1159 940 1240 1007 post,
1266 933 1322 1011 lbl
1356 982 1360 989 .

69 1015 294 1097 expeditionem
314 1014 479 1088 Oritanum,
498 1037 562 1075 non
580 1017 639 1076 iam
657 1015 853 1098 legationem,
870 1015 1005 1094 itemque
1023 1012 1241 1086 Eretriensem,

54 1096 135 1163 ¹eum
152 1099 284 1181 illeuiam
303 1113 450 1184 tyrannos
469 1100 502 1159 in
520 1101 580 1161 illis
598 1090 724 1163 urbibus
744 1099 959 1178 constituisset.
980 1099 1055 1160 Post
1071 1098 1144 1158 haec
1163 1099 1238 1158 clas-

41 1186 44 1191 ’
70 1186 198 1260 resilias
217 1207 322 1246 omnes
342 1186 490 1271 ablegari,
513 1186 568 1267 per
586 1209 660 1265 quas
679 1199 854 1247 conservata
874 1197 920 1245 est
938 1180 1158 1257 Chersonesus,
1176 1184 1238 1270 By-

41 1320 47 1329 .
71 1271 201 1333 :antium
218 1284 248 1332 et
266 1292 373 1353 omnes
392 1272 549 1332 foederati.
572 1273 672 1355 ‘Unde
690 1271 776 1332 vobis
795 1270 1014 1352 pulcherrimae
1032 1269 1152 1341 laudes,
1171 1270 1237 1351 glo-

41 1386 44 1396 ·
69 1357 132 1430 ria,
158 1357 309 1431 honores,
333 1377 485 1430 coronae,
511 1350 674 1439 gratiarum
698 1357 835 1417 actiones
860 1356 897 1416 ab
922 1355 977 1429 iis,
1002 1354 1057 1435 qui
1082 1353 1237 1415 benefieiis

73 1442 169 1505 affecti
185 1439 323 1517 fueraut,
348 1442 564 1502 reddebantur.
607 1444 722 1503 Eorum
740 1454 860 1514 autem,
887 1441 939 1521 qui
959 1439 1172 1500 alliciebantur·
1184 1440 1236 1511 in-

56 1522 159 1601 -iuria,
176 1526 233 1602 iis,
252 1527 307 1608 qui
325 1526 412 1588 vobis
432 1527 695 1608 obtemperarant,
712 1541 797 1608 parta
814 1528 874 1587 tuit
891 1527 988 1613 ¹salus3
1017 1525 1070 1605 qui
1090 1546 1163 1584 vero
1182 1538 1235 1583 ue'-
1322 1550 1326 1562 ·

70 1612 242 1695 glexerunt,
270 1614 302 1673 id
328 1613 485 1672 consecuti
508 1626 598 1686 sunt,
624 1627 659 1673 ut
677 1635 775 1693 saepe
800 1625 968 1673 vestrarum
993 1611 1235 1692 praedictionum
1328 1602 1335 1629 ‘

71 1698 276 1771 meminerint,
306 1710 402 1778 utque
425 1719 479 1759 vos
507 1720 572 1776 non
596 1699 655 1758 sibi
680 1700 772 1758 modo
799 1698 973 1757 consultum
1001 1695 1158 1766 voluisse,
1182 1696 1235 1752 sed
1265 1746 1273 1753 .

40 1820 45 1826 ·
72 1783 167 1843 etiam‘
182 1784 350 1864 prudentes
374 1783 514 1845 hemines
541 1797 573 1845 et
595 1797 678 1843 vates
704 1803 771 1842 esse
795 1795 911 1862 putent.
955 1781 1132 1838 Evenerunt
1155 1777 1236 1836 enim

71 1868 189 1942 omnia,
208 1889 286 1947 quae
303 1888 356 1927 uos
375 1868 415 1930 eis
434 1869 657 1950 praedirieratis.
700 1867 953 1948 Atqui-magnam
970 1863 1130 1944 pecuniam
1149 1862 1235 1922 datu-

73 1975 136 2012 rum
154 1952 249 2013 luisse
267 1951 464 2028 Philistidem,
481 1968 516 2015 ut
535 1953 666 2014 Oreum:
690 1975 827 2034 magnam
847 1965 878 2012 et
896 1948 1091 2022 Clitarchum,
1106 1946 1144 2008 'ut
1160 1947 1235 2005 Ere-

77 2037 153 2098 triam
172 2037 341 2098 obtineret:
365 2061 502 2123 magnam
522 2040 611 2099 etiam
630 2039 822 2120 Philippum,
846 2050 882 2097 ut
900 2059 933 2096 ea
953 2049 1058 2097 contra
1075 2055 1129 2094 vos
1148 2052 1242 2117 prae-¹
1310 2041 1328 2098 f,

81 2122 140 2182 sidia
157 2123 300 2203 haberet,
319 2135 350 2183 et
367 2127 477 2185 caeteri
497 2125 560 2185 eius
580 2138 707 2185 conatus
727 2144 790 2183 uon
808 2123 1003 2204 patefierent,
1020 2134 1116 2200 utque
1135 2119 1167 2179 in
1186 2139 1234 2181 re·
1255 2176 1262 2186 ,

41 2280 46 2289 ⁸
76 2206 246 2286 liquasfeius
266 2208 393 2271 iniurias
411 2230 501 2271 nemo
521 2233 648 2290 usquam
667 2209 848 2290 inquireret:
878 2228 967 2267 nemo
986 2206 1124 2287 ignorat,
1151 2217 1182 2264 et
1199 2216 1233 2263 tu
1298 2202 1303 2207 ’

85 2291 187 2361 minime
206 2293 357 2355 omnium.
399 2297 504 2379 Legati
530 2297 611 2356 enim
636 2309 701 2355 tum
727 2291 914 2354 aClitareho
940 2304 971 2352 et
988 2291 1147 2351 Philistide
1174 2289 1233 2348 huc

40 2434 43 2463 r
65 2377 150 2439 nissi
165 2381 244 2461 apud
262 2392 294 2440 te
314 2379 558 2459 diversabantur,
584 2380 750 2443 Aeschine:
777 2392 812 2439 tu
832 2400 938 2439 eorum
956 2398 1020 2437 eras
1039 2385 1234 2459 procurator:
1250 2419 1253 2429 .

40 2484 43 2497 ·
85 2472 147 2540 'ques
160 2464 329 2546 respublica
346 2478 382 2526 ut
399 2465 520 2542 hostes,
553 2480 590 2527 ut
606 2461 707 2546 neque
725 2466 803 2524 iusta
822 2484 921 2542 neque
939 2461 1025 2522 utilia
1043 2459 1232 2540 postulantes
1271 2455 1276 2463 ’

40 2556 52 2631 ζ,
86 2549 190 2632 repulit,
213 2551 236 2610 ii
259 2549 318 2609 tibi
341 2551 436 2611 amici·
454 2553 585 2613 suerunt.
627 2550 712 2610 Nihil
737 2549 831 2632 igitur
853 2547 962 2608 horum
988 2547 1100 2627 laetum
1125 2554 1232 2614 est,·o

40 2646 59 2709 ξ,
79 2629 208 2697 ,Ιιοιιιοὶιι
225 2655 273 2695 me
292 2634 455 2711 maledice,
486 2637 649 2717 quidicis,
682 2657 730 2695 me
750 2647 871 2715 accepta
890 2644 987 2711 tacere
1005 2627 1150 2711 pecunia,
1182 2648 1231 2687 ex-

89 2736 166 2793 pensa
178 2712 333 2789 clamitare.
379 2723 426 2782 Tu
444 2743 517 2781 vero
536 2744 599 2781 non
618 2721 674 2779 ita:
693 2721 747 2778 sed
767 2719 963 2789 etelamitas,
983 2717 1055 2774 dum
1072 2713 1183 2772 habes:
1202 2724 1234 2770 et

87 2810 221 2883 nunquam
238 2807 376 2880 desines,
402 2806 462 2866 nisi
486 2820 516 2865 te
541 2806 574 2864 hi
600 2803 792 2865 coercuerint
816 2799 909 2861 hodic
935 2809 1074 2867 eoactum
1098 2796 1130 2854 in
1149 2794 1232 2854 ordi-

88 2905 150 2948 nem.
187 2889 237 2951 Ob.
252 2913 287 2951 ea
306 2893 400 2975 igitur
418 2913 487 2951 eum
505 2913 559 2951 uos
578 2913 626 2950 me
644 2903 709 2950 tum
728 2883 947 2959 coronassetis,
991 2895 1022 2943 et
1037 2878 1231 2942 Aristonicus

40 3040 43 3045 Ι
90 2966 376 3058 easdem'scripsisset
399 2976 547 3061 syllabas,
573 2999 646 3055 quas
667 2972 908 3054 Ctesiphon·hic
933 2992 1015 3031 nunc
1039 2966 1176 3048 scripsit,
1202 2977 1236 3025 et
1251 2977 1258 2987 ·“

47 3070 52 3077 ’
91 3059 244 3133 pneumata
263 3076 344 3123 esset
362 3063 394 3122 in
412 3063 531 3122 theatro
549 3082 671 3136 corona,
691 3074 722 3121 et
738 3059 905 3120 secundum
924 3057 983 3117 hoc
1000 3053 1075 3122 mihi
1093 3073 1179 3112 nuno
1192 3051 1232 3110 sit

94 3148 277 3217 praeeonium:
304 3170 404 3229 neque
423 3149 596 3209 adversatus
616 3160 662 3206 est
679 3145 866 3216 Aeschines,
884 3144 956 3202 dum
974 3142 1111 3212 adesset,
1129 3156 1230 3215 neque
1274 3168 1282 3189 x

93 3222 178 3367 qenes
199 3232 356 3313 auctorem
381 3234 539 3296 accusavit
582 3233 649 3314 Age
668 3252 740 3311 cape
760 3243 790 3291 et
807 3230 866 3290 hoc
891 3228 1046 3288 decretum
1072 3245 1106 3285 ae
1128 3220 1229 3283 recita.

113 3313 175 3377 edu

491 3468 797 3516 DECRETUM.

45 3564 51 3572 ’
103 3644 108 3658 ⁸
138 3569 290 3635 ,Praetore
303 3570 506 3647 Chaeronide,
517 3572 704 3656 Hegemonis
714 3571 756 3645 F,
765 3571 874 3630 xxvt
886 3565 1025 3642 Ianuarii,
1037 3563 1118 3627 tribu
1128 3563 1227 3622 Leon-

92 3655 139 3711 ΠΜ
147 3660 347 3736 praesidente,
374 3658 566 3719 Aristonicus
584 3658 761 3720 Phrearrius
780 3655 870 3715 dixit:
895 3654 1096 3731 Posteaquam
1113 3650 1228 3708 Demo-⁴

89 3731 193 3830 tiltres,
205 3744 423 3805 Demosthenis
434 3746 475 3818 F,
489 3742 692 3817 Paeaniensis,
709 3742 804 3801 multa
821 3754 852 3800 et
866 3735 1086 3822 magna'officia
1102 3731 1227 3829 praesti-
1276 3768 1283 3789 .

89 3826 228 3908 ¹¹tp0pulo
248 3828 447 3888 Atheniensi:
472 3830 635 3908 multisque
655 3828 896 3897 foederatorum,
915 3844 982 3884 cum
1000 3820 1095 3902 prius,
1112 3830 1177 3906 tum
1195 3836 1227 3872 m

39 3906 48 3919 ’
86 3901 129 3967 lot
144 3924 293 3995 tempore,
311 3936 367 3995 per
383 3914 646 3983 senatusconsulta
664 3931 757 3991 opem*
771 3911 856 3971 tulit:
876 3923 907 3971 et
924 3907 1067 3988 quasdam
1084 3900 1227 3972 Euboeae

82 3990 195 4059 ciuitates
214 3999 367 4059 liberarit:
394 4013 425 4059 et
443 3998 557 4080 populo
577 3996 759 4058 Atheniensi
776 3996 854 4056 bene
873 3994 950 4066 velle
967 3998 1140 4072 perseuerat
1157 4006 1228 4045 cum
1252 3995 1313 4052 162

78 4076 208 4158 licendo„
233 4098 298 4144 tum
317 4086 452 4166 agendo,
477 4083 623 4164 quicquid
642 4094 688 4143 est
705 4104 721 4142 e
739 4095 779 4141 re·
792 4095 822 4140 et
840 4082 973 4162 ipsorum
992 4071 1242 4155 Atheniensium
1321 4080 1323 4084 “
1348 4149 1359 4163 ,

76 4178 100 4225 et
120 4183 304 4232 caeterorum
324 4172 525 4233 Graecorum:
553 4169 670 4250 placere
696 4167 815 4227 senatui
840 4163 1016 4248 populoque
1034 4157 1227 4233 Atheniensi,

71 4265 99 4313 ut
122 4253 259 4316 laudetur
285 4255 527 4330 Demosthenes,
560 4252 776 4314 Demosthenis
795 4252 843 4323 R,
875 4244 1083 4318 Paeamensis,
1117 4257 1149 4304 et
1174 4265 1226 4302 au-

60 4337 112 4411 jea
130 4348 242 4404 corona
254 4341 411 4423 donetur,
425 4353 462 4405 et
479 4362 592 4407 corona
610 4340 642 4399 in
657 4334 781 4403 theatro
800 4333 1012 4416 proclametur,
1032 4326 1225 4430 bacchanali·
1306 4410 1313 4421 p

243 4568 255 4611 ἶ
283 4560 286 4569 .
