2722 4754
395 96 503 140 *r

37 262 61 293 ,,
141 160 203 280 aaa
300 225 337 234 „
427 163 1112 309 nfsnosrunuisouarfros

91 412 93 416 =
140 385 227 454 tum,¹
253 370 347 431 nulla‘
363 368 444 450 apud
468 364 720 449 populum'facta
743 367 918 441 mentione,
948 365 1086 439 occulte,
1116 361 1245 446 dimisso
1269 384 1315 424 se-

70 459 76 468 ‘
141 470 225 530 natu,
251 455 315 516 aliis
341 467 466 536 propter
489 455 601 514 festum
625 451 714 513 ferias
740 450 974 533 celebrantibus,
1002 449 1192 512 clandestine
1217 449 1316 536 legem

76 527 86 595 s
121 533 280 603 'obtrusit
330 539 441 620 Atqui'·
462 539 624 620 oportebat
648 551 697 613 te,
722 530 929 612 Timocrates,
960 560 1054 618 quum
1080 534 1316 618 legem,'quam

140 628 233 690 modo
252 624 514 706 recitavi,scires,
532 625 558 685 si
575 625 634 686 rite
652 643 742 707 agere
760 623 871 697 velles,
888 623 1020 705 primum
1037 623 1153 683 referre
1172 621 1212 681 ad
1229 635 1316 684 sena·

33 709 46 737 ³
116 703 220 785 tum,
239 709 358 782 deinde
381 710 682 794 rogarepopulum,
709 723 739 770 et
764 709 824 783 sic,
849 709 875 768 si
903 708 1052 768 omnibus
1067 707 1316 768 'Atheniensibus

96 852 98 857 ,
116 866 123 871 ,
138 797 311 871 videretur,
329 796 461 856 scribere
480 808 511 856 et
528 795 627 878 legem
645 796 724 856 serre
744 795 781 854 de
800 794 882 868 istis,
906 793 999 873 idque
1016 806 1157 874 tempore
1176 785 1316 876 legitimo

51 915 53 920 ·
139 894 332 967 exspectato,
357 894 413 956 nt,
436 881 528 942 rebus
547 881 585 940 ad
604 880 830 941 hunc'modum
849 877 1083 958 administratis,
1110 878 1231 939 etiamsi
1248 878 1315 960 quis

138 969 303 1030 ostendere
322 969 498 1040 conaretur,
523 986 588 1026 eam
606 966 706 1049 legem
725 960 790 1025 non
809 980 874 1026 esse
894 962 1101 1046 erepublica,
1124 965 1234 1025 saltem
1251 985 1316 1024 non

134 1046 285 1128 insidiose
304 1053 403 1136 egisse
420 1047 584 1126 videreris,
608 1053 662 1112 sed
681 1049 836 1132 opinionis
856 1071 958 1111 errore
978 1050 1123 1130 deceptus
1143 1048 1315 1133 impegisse.

136 1141 245 1215 Nunc,
265 1137 410 1228 quoniam
429 1150 460 1198 et
477 1137 665 1212 clanculum,
692 1136 722 1199 et
739 1136 860 1211 subito,
887 1148 918 1196 et
936 1149 1041 1196 contra
1059 1135 1143 1218 leges
1162 1135 1253 1196 istam
1271 1135 1315 1197 le-

40 1225 43 1229 ’
92 1221 98 1227 ’
136 1247 207 1310 gem
230 1225 263 1287 in
287 1226 420 1286 c'aeteras
435 1222 591 1284 intrusisti
607 1222 711 1305 potius
730 1244 820 1304 quam
837 1221 952 1296 tulisti,
979 1243 1102 1306 omnem
1125 1221 1185 1282 tibi
1200 1235 1313 1303 'postn-

135 1311 244 1374 larldae
261 1310 368 1373 veniae
387 1330 505 1370 cansam
524 1305 678 1370 ademisti:
709 1307 779 1369 nain
796 1306 849 1382 iis,
877 1306 1076 1389 qui'peccant
1093 1306 1203 1382 inviti,
1227 1307 1314 1368 venia

137 1386 268 1460 concedi
285 1395 477 1469 debet‚,non
495 1387 554 1470 iis,¹
578 1395 631 1483 qui
650 1394 688 1456 de
705 1393 854 1455 industria
874 1406 905 1453 et
923 1414 960 1454 ex
977 1392 1095 1453 insidiis
1115 1392 1315 1473 delinquunt:

106 1495 112 1504 “
138 1483 170 1544 id
188 1484 272 1566 quod
290 1478 422 1546 te'nunc
440 1481 539 1560 facere
558 1492 685 1553 constat
721 1480 782 1540 Sed
802 1479 883 1539 enim
902 1480 940 1539 de
958 1478 1006 1539 his
1020 1488 1096 1539 'mox
1113 1479 1230 1544 dicatu:
1255 1478 1315 1558 iam

136 1567 210 1632 iero
229 1575 409 1648 sequentem
425 1565 519 1629 recita
536 1566 644 1650 legem.

50 1705 128 1775 45⁵2
193 1757 195 1760 a
644 1720 778 1765 >arx
1208 1784 1211 1791 A

87 1856 90 1879 ι
178 1842 184 1848 ’
222 1821 537 1911 Sipquis‘supplicarit
560 1823 594 1888 in
615 1833 724 1892 senatu
749 1837 802 1886 aut
823 1825 905 1908 apud
929 1824 1079 1908 populum
1092 1823 1133 1906 iis
1153 1825 1192 1887 de
1211 1823 1312 1901 rebus,

134 1924 263 1996 propter
280 1933 354 1993 quas
380 1913 429 1974 vel
447 1911 613 1994 iudicium,
633 1911 685 1971 vel
702 1923 843 1985 senatus,
867 1912 916 1971 vel
940 1912 1080 1999 populus¹
1098 1908 1245 1999 aliquem·
1262 1913 1313 1974 da.

90 2040 93 2043 -
134 1998 269 2073 mna'vit,
288 1997 314 2058 si
332 1997 398 2079 ipse
416 1998 567 2072 aerarius,
591 1995 769 2079 priusquam
787 1997 932 2071 solverit,
959 1997 1153 2079 supplicarit:
1181 1999 1262 2060 actio
1280 1998 1314 2059 in

112 2105 207 2151 ⁴eum
221 2076 326 2157 detur,
344 2077 472 2164 perinde
490 2106 524 2145 ac
542 2082 654 2164 siquis
674 2080 857 2150 aerarius‘in
875 2081 1032 2163 Heliaeam
1050 2104 1083 2144 se
1102 2085 1228 2167 ingerat
1255 2083 1311 2166 Sin

43 2183 65 2230 ἢ
105 2165 114 2190 “
135 2167 204 2249 quis
221 2168 297 2230 alius
309 2189 370 2250 ,pro
388 2169 503 2230 aerario
520 2169 740 2244 intercesserit5
753 2159 972 2268 priusquamis
988 2169 1129 2231 solverit:
1148 2168 1228 2230 bona
1244 2170 1311 2234 eius
1338 2229 1344 2234 .

60 2274 64 2281 ’
134 2253 238 2316 omnia
255 2254 469 2336 publicentur.'
501 2253 557 2314 Sin
580 2255 753 2336 praesidum
767 2248 880 2334 'aliqurs
900 2255 1020 2315 dederit
1037 2253 1128 2315 alicui
1146 2255 1311 2338 suffragio-

132 2361 202 2413 rum
219 2340 279 2413 ius,
296 2340 359 2400 sive
376 2340 436 2421 ipsi
453 2339 588 2418 aerario,
606 2332 669 2426 sive
688 2338 778 2401 alicui
796 2360 853 2422 pro
873 2340 910 2402 eo
930 2341 1115 2425 deprecanti,
1132 2340 1310 2422 priusquam

21 2493 26 2502 s
133 2424 274 2486 solverit:
292 2425 518 2508 ignominiosus
538 2438 613 2486 esto.
798 2505 801 2509 .
1035 2459 1055 2491 μ
1153 2430 1191 2468 *“

58 2505 60 2508 ’
116 2584 118 2586 q
201 2509 350 2586 ⁸Difficile
369 2510 478 2586 fuerit,
496 2507 719 2586 Athenienses,
746 2513 783 2572 de
802 2513 944 2574 omnibus
962 2511 1100 2596 legibus,
1119 2513 1234 2595 quibus
1252 2513 1310 2575 iste

61 2600 63 2606 ’
114 2591 285 2657 'contraria
303 2597 454 2673 decrevit,
481 2596 659 2659 disserere*
679 2597 714 2656 Si
730 2608 834 2658 tamen
852 2600 890 2659 de
907 2597 974 2677 ulla,
989 2599 1090 2659 dicere
1108 2601 1221 2681 operae
1240 2620 1309 2681 pre·

36 2680 74 2763 ᾗ
130 2670 209 2742 imm
229 2694 290 2742 est:
320 2682 358 2741 de
376 2679 449 2757 hac,
476 2704 554 2762 quae
578 2684 671 2744 modo
699 2697 745 2745 est
761 2684 904 2758 recitata,
927 2683 1022 2745 luerit
1037 2679 1188 2769 inprimis.
1231 2686 1307 2747 Nam

25 2785 32 2790 ·
122 2764 304 2850 quilegem
322 2765 418 2841 bane,
434 2765 651 2844 Athenienses,
669 2768 759 2843 tulit3
777 2782 870 2831 norat
885 2769 1105 2831 humanitatem
1125 2785 1156 2832 et
1173 2772 1307 2845 clemen-

20 2848 32 2929 ,
129 2850 203 2912 tiam
221 2864 367 2913 vestram:
392 2864 425 2912 et
450 2866 578 2936 propter
602 2854 680 2915 hanc
704 2855 827 2926 videbat
850 2856 883 2915 in
906 2857 1010 2926 multis
1034 2878 1089 2918 vos
1113 2857 1206 2918 rebus
1224 2858 1307 2918 ultro

64 2984 66 2988 2
128 2930 190 2997 iarn
207 2936 371 3017 aliquando
389 2958 497 3020 magna
516 2939 624 2999 damna
641 2939 757 3002 fecisse.
785 2941 831 3001 Ne
850 2940 946 3024 igitur
961 2943 1056 3011 ullam
1075 2941 1195 3003 causam
1212 2943 1305 3004 relin-¹

130 3034 248 3103 queret,
266 3042 325 3103 qua
340 3021 512 3105 respublica
523 3023 712 3103 laederetur,
731 3046 795 3100 eos,
812 3027 876 3107 qui,
895 3026 1027 3088 convicti
1045 3028 1165 3111 legibus
1181 3042 1305 3093 senten-

128 3107 171 3168 tia
189 3107 385 3188 iudicioque,
398 3107 583 3170 iniuriarum
602 3111 873 3187 damnati'essent,
890 3125 989 3174 restra
1007 3113 1152 3175 facilitate
1169 3115 1232 3176 frui
1249 3136 1304 3176 no·
1326 3148 1329 3152 ⁸
1348 3134 1351 3138 ’

63 3213 79 3236 1
128 3190 203 3266 luit,
227 3203 346 3274 arrepta
371 3193 531 3254 occasione
557 3196 740 3278 deprecandi
764 3199 795 3258 et
818 3197 905 3259 vobis
930 3197 963 3259 in
988 3200 1073 3260 malis
1098 3201 1306 3283 supplicandi:

35 3301 56 3358 .'
101 3298 106 3302 ·
128 3277 182 3339 sed
200 3277 329 3338 omnino
348 3278 520 3355 interdixit,
538 3273 644 3360 nevel
662 3282 814 3365 ipse,·vel
834 3284 996 3365 quisquam
1015 3285 1091 3347 alius
1117 3309 1174 3367 pro
1193 3286 1302 3365 talibus

61 3370 85 3398 ’“
127 3361 176 3441 vel
202 3362 294 3426 verba
317 3358 446 3438 iaceret,
470 3362 763 3442 velintercederet,
793 3390 827 3429 ac
852 3370 943 3455 iussit
968 3391 1092 3446 omnes,
1120 3372 1197 3433 iusta
1224 3391 1302 3453 quae

126 3454 217 3523 sunt,
232 3445 358 3534 silentio
378 3451 510 3531 exsequi.
545 3451 578 3511 Si
597 3453 665 3533 quis
680 3453 780 3536 igitur
796 3475 851 3515 vos
869 3467 977 3538 roget,
994 3458 1071 3517 utris
1089 3457 1193 3538 potius
1211 3457 1308 3518 obse-·

126 3533 181 3614 qui
198 3533 328 3595 malletis
345 3556 527 3618 quacunque
545 3535 584 3613 in¹
595 3560 639 3613 re,
657 3538 897 3623 supplicantibus
916 3563 955 3602 an
972 3534 1305 3623 imperantibusa⁷scio,

20 3626 23 3632 ’
125 3618 197 3679 vbs:
226 3619 493 3702 Supplicantibus,
516 3642 727 3703 responsuros.
770 3626 946 3686 Hoc'enim
966 3628 1112 3689 bonitatis
1138 3641 1200 3703 est,
1217 3629 1321 3704 illud,

124 3704 270 3788 ignaviae.
313 3704 356 3765 At
372 3707 457 3790 leges
476 3727 582 3778 omnes
600 3708 766 3791 imperant,
792 3710 867 3791 quid
883 3712 1056 3773 faciendum
1075 3714 1130 3774 sit:
1155 3715 1299 3795 quivero

124 3789 401 3868 sordidatiolivam
426 3794 648 3873 praetendunt,
672 3796 852 3878 supplicant.
871 3859 873 3861 ,
896 3799 1016 3873 Quodsi
1040 3800 1213 3880 supplicare
1236 3807 1303 3861 non

23 3867 33 3949 f
123 3874 210 3963 licet:
236 3876 336 3959 legem
360 3897 429 3938 curn
454 3877 583 3960 imperio
603 3879 796 3963 coniunctam
818 3882 970 3944 inculcare
996 3884 1121 3946 licebit?
1147 3886 1305 3967 Equidem

56 4026 60 4035 q
123 3979 188 4033 non
205 3961 325 4043 opinor.
347 3962 470 4025 Etenim
488 3978 578 4047 turpe
596 3964 705 4042 luerit,
725 3988 802 4048 quae
820 3978 877 4030 nec
894 3970 1084 4052 gratificandi
1102 3973 1208 4033 studio
1226 3992 1301 4033 con-

74 4098 77 4113 ,
124 4047 264 4107 donanda
278 4049 431 4124 censetis,
449 4049 482 4109 in
500 4049 566 4127 his,
577 4050 679 4114 invitis
695 4053 796 4130 vobis,
815 4075 849 4116 ea
867 4055 967 4116 sinere
986 4055 1114 4134 confici,-
1132 4047 1212 4139 quae
1229 4058 1300 4140 qui·
1321 4109 1329 4124 ,

90 4178 95 4195 s
119 4131 193 4205 'datis'
212 4132 325 4195 volunt
368 4133 475 4198 Recita
490 4136 610 4221 legem,
630 4161 706 4220 qnae
724 4139 802 4204 hanc
821 4141 928 4203 ordine
944 4142 1094 4224 sequitur.

603 4334 605 4338 ,
656 4292 716 4338 us
731 4294 764 4338 x.

33 4468 35 4471 ᾖ
117 4446 125 4466 2
169 4422 174 4429 ·
203 4372 333 4482 ⁴inlstts
349 4393 388 4455 de
405 4384 499 4459 rebus
514 4387 662 4460 iudicium
684 4398 771 4482 prius
795 4399 925 4474 lactum,
942 4380 1003 4463 'aut
1019 4401 1157 4465 rationes
1174 4394 1312 4477 relatae,

93 4625 159 4672 ’ΔΙ
