2722 4754
59 187 193 329 ἰιι
307 155 338 260 s
400 173 1072 316 nouosulrnntsonn'cro

8 336 43 409 ,Ι
112 324 222 418 laesus.
263 350 365 431 Atque
391 350 482 414 etiam
498 350 684 415 Nicobulum
708 365 740 412 et
757 353 795 411 de
813 304 981 439 ereptione
1006 350 1170 431 pecuniae,
1194 371 1274 430 qua·
1299 390 1325 416 .

79 465 83 469 ·
104 432 221 499 xservus
239 436 375 507 tulisset,
404 436 491 495 etde
510 431 649 496 officinae
676 435 957 519 mancipiorumque
980 435 1161 495 venditione
1178 449 1349 513 contr&

137 534 203 606 asta
227 534 258 580 et
284 532 432 602 conventa
456 520 552 594 facta,
579 532 677 600 atque
693 522 770 581 adeo
796 524 835 582 de
860 521 925 581 aliis
951 520 1133 601 quibusdam
1157 541 1264 603 accusa

115 544 284 679 ilicobulus
302 618 403 665 autem
420 604 658 686 praescriptione
675 605 788 680 utitur,
803 607 873 689 lege
890 606 945 665 illa
959 605 1077 679 nitens,
1097 625 1175 685 quae
1193 617 1264 664 veta

89 718 91 733 =
116 689 244 770 amplius
263 710 366 750 carum
383 695 496 757 rerum
510 711 623 790 agere,
643 711 720 770 quae
738 703 820 751 actae
839 704 875 754 et
894 703 1060 751 transactae
1079 691 1157 750 sint.
1181 690 1268 750 alter

21 813 23 817 ν
116 795 193 875 qnae
211 774 311 838 verbis
335 775 445 855 apertis
465 787 497 835 et
522 774 689 856 perspicuis
715 775 839 850 definit,
865 775 992 855 quibus
999 776 1149 836 derebus
1168 775 1267 838 danda
1353 831 1356 838 .

114 861 177 920 sint
193 860 361 921 metallicae
378 860 521 920 actiones.
564 856 651 919 Cum
659 872 761 920 autem
778 861 838 920 tale
860 855 940 920 nibil
958 862 1147 926 Pantaeneto
1166 860 1346 934 accidesN

114 944 176 1013 rit:
196 943 326 1023 absorde
337 944 386 1005 ait
404 958 474 1004 eum
492 963 582 1027 agere
599 946 720 1005 actione
744 945 900 1006 metallica.
935 940 1021 1021 Quin
1040 959 1071 1008 et
1089 945 1215 1023 tertiam
1234 945 1341 1014 adn„

87 1048 92 1056 ’
115 1029 200 1090 ducit
217 1029 335 1112 legem,
349 1050 430 1110 quae
449 1029 625 1112 distinguit,
644 1050 721 1110 quae
740 1051 846 1092 causae
865 1030 1003 1111 quibus⁰
993 1053 1025 1089 ιιι
1044 1016 1166 1091 indiciis
1186 1029 1319 1095 disces

58 1120 93 1177 ’,’
113 1115 244 1196 ptandae
262 1114 342 1188 sint,
360 1126 392 1174 et
408 1136 425 1173 a
443 1113 553 1194 quibos
572 1115 794 1197 magistratibus
812 1117 935 1176 dandae
945 1116 1094 1176 actiones.
1113 1115 1304 1189 Pantacne.

110 1212 197 1277 tum
205 1212 307 1260 autem
332 1218 397 1258 cam
422 1199 523 1286 legem
549 1199 678 1261 violasse
701 1201 791 1261 variis
815 1200 1025 1261 criminibus
1014 1223 1048 1260 ιιι
1072 1222 1166 1260 unam
1189 1184 1295 1266 veluti

64 1279 70 1294 ⁰
106 1297 241 1344 ”massam
260 1282 417 1357 conflatis,
441 1283 541 1364 deque
566 1284 736 1346 omnibus⁰
726 1308 760 1345 m
776 1272 928 1346 metallico
946 1285 1060 1346 iudicio
1084 1298 1285 1351 accusantem

114 1367 160 1429 Ac
185 1368 253 1450 lege
277 1369 315 1429 de
340 1369 544 1455 transactione
570 1369 669 1435 ἰιιὶιίο
686 1383 733 1431 est
756 1392 846 1443 usus,
872 1369 998 1430 duabus
1010 1370 1171 1450 reliquis⁰
1161 1391 1196 1428 ιιι
1214 1371 1280 1448 fine,

31 1453 91 1510 103
114 1452 152 1516 ab
170 1454 350 1535 exceptione
369 1467 400 1514 et
420 1437 592 1548 auspicatus
618 1468 650 1516 et
667 1450 837 1516 desinens⁰⁰
827 1476 860 1514 ιιι
886 1456 1026 1515 eandem.
1054 1457 1089 1514 ln
1106 1453 1212 1514 medio
1232 1476 1277 1515 au-

58 1598 64 1607 ,
94 1545 177 1601 tem
194 1549 307 1600 rectam
322 1529 546 1600 defensionem
566 1541 742 1600 collocavit:
771 1539 857 1601 cuius
880 1539 976 1599 idest
1001 1540 1166 1599 maximum
1170 1550 1216 1599 'et
1232 1539 1277 1599 fir-

114 1622 303 1698 minimum,
325 1622 511 1708 Nicobulum
528 1635 594 1684 tum
617 1645 743 1709 peregre
758 1602 919 1699 abfuisse,
937 1647 1006 1686 cum
1024 1626 1216 1685 Pantaeueto
1233 1623 1279 1686 illa

114 1707 293 1782 acciderint,
317 1721 443 1791 propter
465 1704 547 1791 quac
567 1722 599 1771 et
620 1722 696 1771 tunc
711 1710 866 1794 Euergutn
891 1722 923 1772 et
946 1730 1028 1801 nunc
1045 1709 1259 1817 Nicobulum⁰
1250 1731 1277 1772 ιιι

114 1793 162 1856 ius
180 1792 302 1857 vocarit
357 1849 361 1852 .

711 2088 717 2110 ι
1111 2090 1113 2094 ·
1177 2066 1183 2092 ¹
1200 2109 1203 2113 ,
1226 2068 1232 2081 ’

115 2106 208 2217 Quia
226 2112 377 2202 dederuut
392 2135 477 2218 leges
496 2124 665 2218 excipiendi
683 2149 880 2219 potestatem,
901 2135 1088 2212 ludices,⁰⁰
1067 2159 1104 2197 ns
1124 2137 1161 2197 de
1177 2134 1280 2208 rebus,

18 2213 47 2301 ,J
96 2238 192 2326 'quae
211 2233 294 2280 actae
312 2234 539 2302 transactaeque
556 2228 638 2323 sunt,
658 2235 688 2282 et
705 2222 781 2282 baec
791 2235 926 2312 utraque
944 2221 1099 2299 interme
1109 2235 1141 2296 et
1154 2221 1282 2282 Pantae-

113 2303 220 2368 n⁰etum
237 2306 488 2369 intercesseruntt
506 2305 702 2389 praescripsi,
718 2319 754 2368 ut
771 2305 863 2367 modo
881 2297 1065 2381 audivistis,
1072 2327 1136 2367 non
1154 2306 1283 2366 dandam

37 2410 49 2419 ¹·
114 2412 180 2453 esse
207 2391 244 2451 ei
258 2391 426 2466 actionem,
450 2412 515 2452 non
538 2392 751 2453 abstinendum
777 2392 872 2452 boc⁰
862 2413 928 2451 rure
955 2392 1029 2452 mibi
1054 2405 1154 2489 ratus,
1182 2407 1284 2469 neque

48 2501 50 2504 ’
113 2477 382 2577 committendum,
397 2477 448 2550 rit,
467 2497 536 2536 cum
553 2488 673 2557 praeter
690 2489 806 2565 caetera
825 2458 926 2536 orinia
944 2477 1121 2550 convicero,
1139 2474 1234 2536 istum
1253 2484 1284 2532 et

113 2561 198 2638 omni
222 2582 271 2621 me
296 2560 434 2641 periculo
458 2560 601 2622 liberasse
626 2574 658 2621 et
675 2560 793 2621 mecum
816 2561 1015 2644 transegisse,
1041 2562 1141 2621 dicere
1168 2571 1284 2640 posset,

114 2667 164 2706 me
187 2664 251 2705 non
272 2666 347 2706 vera
371 2645 477 2725 loqui,
500 2667 578 2707 neve
603 2643 663 2706 bo'c
686 2659 865 2728 argumento
893 2658 1048 2719 uteretur,
1075 2645 1100 2706 si
1121 2645 1195 2724 quid
1222 2644 1282 2703 tale
1318 2704 1328 2717 ,

19 2773 22 2778 -
51 2780 53 2787 .
79 2716 213 2792 -ssactum
219 2742 327 2809 esset,
344 2729 438 2791 fuisse
456 2751 504 2815 me
522 2730 582 2790 srbr
598 2731 870 2812 praescripturum
895 2730 997 2791 sedin
1016 2730 1076 2824 boc
1094 2730 1212 2789 iudicio
1232 2750 1281 2787 ea-

48 2811 76 2854 ’-
114 2817 245 2896 deinque
264 2836 352 2875 causa
374 2801 473 2876 vobis
486 2828 650 2899 utrumque
676 2817 919 2889 ostendendum,
942 2828 973 2875 et
989 2815 1040 2875 isti
1054 2812 1074 2874 ‘a
1092 2835 1142 2874 me
1165 2813 1282 2873 nullam

73 2921 76 2925 ·
113 2921 180 2962 esse
197 2899 333 2961 sactam⁰
323 2900 481 2975 iniuriam,
508 2914 539 2961 et
556 2900 592 2960 ab
612 2921 650 2960 co
669 2899 744 2960 mihi
762 2913 867 2961 contra
889 2900 972 3001 leges
990 2899 1097 2975 lacessi
1113 2899 1281 2980 negotium

3 2988 4 2995 ’
114 2976 235 3061 Quodsi
254 2985 327 3064 quid
346 3005 451 3044 corum
469 2985 627 3046 accidisset
639 2986 836 3059 Pantaeneto,
855 2987 932 3064 quae
949 3006 1031 3044 nunc
1040 2984 1204 3065 queriturz
1197 2982 1277 3041 ·illis

9 3136 11 3139 ,
113 3072 214 3132 statim
239 3069 457 3150 temporibus
447 3090 479 3128 ιιι
497 3070 544 3131 ius
562 3091 611 3130 me
628 3082 781 3144 vocasset,
808 3069 947 3154 quibus'
937 3081 1019 3130 anter
1045 3090 1102 3129 nos
1121 3081 1277 3128 contraxe-

90 3216 94 3226 ,
112 3177 230 3216 ramus:
257 3177 325 3237 cum
344 3168 375 3216 et
398 3162 552 3216 menstrua
569 3156 631 3216 sint
635 3148 759 3216 iudicia
776 3147 866 3254 baec,
894 3166 925 3214 et
942 3154 1065 3254 utrique
1083 3153 1168 3213 domi
1186 3150 1284 3229 lueri·>

113 3263 199 3315 mus,
217 3253 248 3302 et
266 3232 372 3300 omnes
390 3231 546 3315 homines,
562 3235 765 3302 recentibus
755 3239 873 3305 iniuriis
892 3226 1006 3321 magis,
1022 3259 1112 3317 quam
1130 3258 1216 3296 mora
1233 3236 1280 3294 in-

46 3325 50 3332 ’
112 3325 277 3406 terposita,
304 3325 458 3408 indignari
474 3326 614 3386 soleant.
644 3326 705 3385 Sed
721 3337 898 3406 postquam,
923 3324 1007 3384 nulla
1024 3322 1180 3382 affectus⁰
1170 3319 1277 3380 iniuria

92 3452 95 3458 ·
113 3411 177 3513 (ιιι
182 3424 212 3471 et
229 3430 294 3484 vos,
311 3410 382 3471 satis
401 3409 483 3484 scio,
502 3411 603 3471 audita
621 3431 654 3470 re
679 3430 831 3470 assensuri
822 3406 955 3489 ⁰estis),
973 3428 1116 3468 successu
1132 3401 1280 3486 Euergini

112 3494 220 3557 iudicii
246 3494 341 3556 elatus
366 3495 584 3555 calumniatur.
591 3495 766 3596 ⁴‘reliquum
793 3504 856 3567 est,
886 3489 1039 3566 ludices,
1053 3493 1089 3552 rit
1111 3490 1198 3571 apud
1214 3509 1280 3564 vos,

74 3575 236 3643 'ostensa
259 3581 435 3641 innocentia
457 3601 524 3641 mea
543 3594 574 3640 et
590 3578 644 3654 iis,
670 3601 745 3659 quae
773 3579 885 3651 dicam,
910 3577 1038 3637 testibus
1064 3573 1281 3657 comprobatis,

37 3672 39 3674 ’
62 3718 83 3731 ..
112 3666 193 3733 tueri
211 3686 259 3726 me
277 3666 421 3726 studeam
465 3659 568 3725 Petam
593 3678 692 3725 autem
712 3685 728 3730 a
745 3662 831 3724 vobis
857 3661 998 3724 omnibus
1022 3681 1087 3728 rem
1105 3681 1233 3740 aequam
1251 3669 1282 3717 et

81 3767 89 3796 ³
112 3751 279 3822 modicam:
297 3763 333 3811 ut
349 3770 447 3810 meam
466 3749 674 3832 exceptionem
692 3748 825 3842 benigne
843 3747 986 3821 audiatis,
1004 3759 1166 3825 totumque
1185 3762 1280 3825 nego-

113 3838 197 3899 ιίιιιιι·
214 3836 379 3923 diligenter
404 3835 572 3896 attendatis.
616 3834 692 3896 Nam
711 3855 779 3896 cum
805 3832 926 3892 multa⁰
916 3853 948 3890 ιιι
972 3831 1048 3890 urbe
1074 3829 1187 3893 iudicia
1204 3829 1281 3887 sacta
1318 3839 1321 3843 '

23 3921 92 3982 tot
114 3920 188 3984 sint.
202 3922 321 3983 nullam
337 3942 472 4001 unquam
490 3920 641 3985 actionem
657 3920 707 3979 vel
725 3917 932 3999 impudentius
950 3915 1025 3976 vel‘
1015 3915 1152 3995 iniquius
1171 3913 1208 3973 ab
1226 3911 1281 3971 illo
1339 3926 1342 3931 '

114 4028 183 4069 esse
199 4006 370 4069 institutam
387 4003 534 4080 sentietis,
551 4018 587 4066 ut
604 4005 751 4076 arbitror,
769 4013 820 4076 ea,
839 4023 897 4083 qua
915 4022 996 4061 nunc
1013 4001 1071 4060 iste
1091 3999 1230 4059 instituta
1248 3996 1281 4055 in

40 4117 47 4129 ‘
115 4091 312 4173 conspectum
330 4098 464 4153 vestrum
489 4089 613 4172 prodire
630 4111 693 4151 non
718 4087 902 4149 dubitavit.-
916 4085 1004 4146 Dabo
1027 4089 1142 4144 autent
1148 4103 1281 4185 operam,

114 4190 149 4238 ut
166 4197 231 4237 rem
248 4176 335 4238 vobis
354 4197 475 4235 omnem
494 4174 559 4236 ab
549 4175 657 4252 mitio,
684 4176 773 4255 quam
791 4171 858 4232 fieri
875 4169 1063 4260 paucissimis
1080 4169 1224 4251 poterit,
1230 4188 1280 4228 ex-

41 4279 44 4282 ’
98 4254 238 4343 'plicem
250 4259 454 4322 Mutnavimus
473 4261 608 4360 quinque
628 4274 659 4327 et
675 4272 798 4320 centum
815 4256 920 4330 minas,
939 4255 1066 4330 ludices,
1083 4255 1283 4325 Pantaeneto,

116 4367 174 4432 ego
198 4359 229 4409 et
252 4347 407 4431 Euergus,
429 4345 467 4409 ad
493 4340 680 4470 officinam⁰
670 4367 702 4406 ιιι
727 4341 839 4406 fodinis
865 4341 1016 4466 Maroneis
1042 4341 1133 4404 etad
1157 4339 1282 4422 triginta

739 4533 810 4564 ,Ι
911 4530 913 4534 “

824 4581 856 4595 ‚x
