2722 4754
724 98 733 127 ι
758 85 760 95 .

210 151 225 209 ”
255 298 260 305 .
286 160 388 306 “on
422 207 582 268 saissa
616 208 932 285 c-ucarrons..
1108 166 1205 289 *aaa

59 364 154 429 luenda
169 360 340 444 designasse
359 375 484 422 constat
528 365 588 422 lam
613 363 677 441 cius
703 376 767 424 acta
790 364 891 445 priora
909 376 940 426 et
958 366 1059 428 obitae
1076 381 1204 451 propter
1253 434 1264 442 ,,

61 454 122 514 haec
135 444 296 530 lc'gatioues
314 447 422 507 merito
442 468 512 507 eum
530 447 745 509 interfecerint
780 451 883 524 Quare
901 452 1102 528 considerate,
1125 475 1202 534 quae

62 540 111 601 litia
132 533 293 595 aestimatio
312 533 352 592 'ea
376 533 584 615 magnitudine
609 533 665 606 sit,
691 547 727 593 ut
750 545 798 594 tot
822 536 987 599 sceleribus
1012 560 1076 598 non
1101 541 1203 599 minor

64 645 117 688 esse
131 620 267 681 rideatur.
296 616 411 678 Annon
429 631 519 699 turpe
530 617 647 691 luerit,
664 614 887 693 Athenienses,
906 644 973 682 cum
992 623 1113 703 publice
1131 625 1201 685 unis
1224 634 1232 687 ζ·

55 707 128 773 'versi
141 725 190 781 vos
216 715 246 762 et
263 703 494 784 totus-populus
514 703 616 763 omnia
635 724 685 776 ea,
722 725 799 783 quae
817 727 921 786 pacem
939 722 1102 775 consecuta
1120 723 1206 782 sunt,

63 787 280 878 reprehendatis,
305 809 374 858 cum
399 809 457 846 nec
479 787 740 872 Amphictyonum
764 791 896 850 decretis
922 794 1144 868 assentiamini,
1158 808 1203 857 'et

65 873 208 945 irascamini
232 873 373 955 Philippo
400 893 530 953 eumque
558 887 733 954 suspectum
760 876 911 955 habeatis,
930 888 1085 956 tauquam
1111 881 1202 962 impia
1259 866 1262 870 μ

66 971 114 1031 sint
127 974 152 1022 et
167 958 298 1018 crudelia
315 959 366 1017 illa
384 958 476 1032 facta,
508 973 539 1018 et
556 981 657 1038 neque
674 961 769 1034 iusta,
797 981 898 1040 neque
916 961 1012 1022 vobis·
1023 966 1201 1026 conducibi-

66 1056 109 1116 lia:
125 1046 159 1123 si,
176 1043 206 1102 iu
224 1043 339 1114 chriam
356 1043 484 1125 ingrcssi
502 1046 538 1104 ad
557 1045 690 1105 rationes
701 1047 747 1105 -de
765 1046 824 1106 illis
842 1046 974 1106 redditas
993 1048 1200 1111 diiudicandas

67 1153 92 1202 et
110 1129 289 1194 iureiurando
315 1149 371 1208 pro
397 1129 552 1209 republica
577 1130 665 1202 dato,
698 1128 847 1191 malorum
873 1132 1009 1191 omnium
1036 1120 1228 1208 auctorem,⁸

68 1241 137 1307 quem
151 1215 180 1274 in
196 1213 308 1273 talibus
326 1214 510 1279 facinoribus
529 1215 627 1295 palam
645 1216 904 1295 deprehendistis,
932 1239 1000 1277 eum
1013 1216 1201 1283 absolvetis?
1234 1276 1240 1290 ,

35 1359 39 1365 ,
68 1303 153 1387 Ecquis
174 1311 362 1359 caeterorum
386 1299 511 1373 civium,
541 1300 589 1360 vel
613 1301 714 1380 potius
742 1303 929 1361 Graecorum
955 1303 1106 1378 omnium‘,
1137 1327 1201 1365 uon
1223 1302 1232 1313 ’

73 1398 121 1456 iure
132 1407 176 1448 ros
192 1385 414 1464 reprehendet,
441 1385 493 1464 qui
510 1386 681 1471 videat'uos
700 1386 789 1446 irasci
805 1387 964 1468 Philippo,
990 1388 1043 1468 qui
1060 1411 1165 1468 pacem
1185 1411 1201 1449 c
1218 1430 1225 1447 χ

73 1478 130 1540 bello
143 1485 173 1531 nt
188 1471 317 1544 faceret,
335 1471 457 1553 negotia
475 1471 511 1531 ab
529 1472 583 1544 iis,
602 1471 655 1551 qui
670 1474 800 1532 vendere
818 1474 934 1547 solent,
952 1487 1118 1548 mercatus,
1136 1497 1201 1537 rem
1220 1530 1228 1550 ,

69 1563 116 1648 agit
128 1556 242 1618 omnino
261 1556 349 1615 venia
367 1558 502 1638 dignam:
526 1557 737 1617 istum.autem
755 1550 936 1631 absolvere,
951 1559 1007 1638 qui
1024 1573 1123 1621 vestra
1139 1574 1201 1621 tam

32 1674 34 1679 ·
68 1644 186 1730 flagitiose
202 1642 349 1714 vendidit,
368 1663 435 1700 curn
451 1641 568 1724 legibus
584 1656 715 1702 extrema
729 1644 876 1724 supplicia
889 1643 1000 1704 talibus
1011 1644 1201 1706 facinoribus
1224 1649 1276 1712 245

68 1727 295 1797 aintconstituta?
314 1727 462 1786 Fortassis
482 1728 571 1788 etiam
589 1728 656 1789 talis
676 1728 712 1787 ab
728 1728 795 1788 istis
812 1729 897 1793 ratio¹
909 1729 1072 1803 adferetur,
1089 1731 1210 1814 princi·r
1260 1728 1264 1733 ⁴

53 1846 56 1853 ·
68 1820 132 1901 pium
141 1814 190 1875 hoc
197 1813 263 1872 fore
274 1806 499 1872 inimicitiarum
511 1836 579 1873 cum
589 1812 742 1895 Philippo,
759 1814 785 1874 s'i
794 1814 875 1895 pacis
886 1815 1067 1895 interpretes
1080 1817 1202 1878 damna-

68 1901 155 1965 veritis.
166 1899 239 1980 'Ego
257 1919 341 1970 vero,
359 1899 390 1956 id
408 1913 514 1958 verum
533 1899 558 1957 si
578 1911 632 1971 est,
652 1900 736 1978 quod
753 1899 871 1980 gravius
891 1901 942 1959 isti
960 1894 1074 1959 crimen
1092 1898 1223 1982 hupin?
1269 1913 1275 1920 “

67 1983 358 2072 gam,nulla.ratione
376 1982 505 2063 reperio.
531 1983 563 2042 si
582 1984 663 2043 enim
682 1983 725 2056 is,
744 1984 797 2062 qui
814 1984 974 2062 pecuniam
992 1984 1150 2065 impendit,
1168 2000 1202 2047 ut
1225 1997 1228 2000 ’

67 2093 150 2157 pacem
161 2070 340 2149 impetraret,
358 2069 399 2126 ita
417 2090 500 2128 nunc
513 2070 609 2129 factus
625 2081 670 2128 est
681 2068 880 2140 formidabilis
900 2081 930 2128 et
942 2091 1078 2151 maguus,
1096 2083 1132 2129 ut
1148 2093 1203 2130 vo-

68 2160 113 2232 bis,
124 2154 249 2237 neglecto
265 2153 461 2233 iureiurando
479 2154 644 2227 etiustitia,
657 2154 821 2213 videndum
833 2155 873 2213 sit
886 2154 954 2228 iam,
970 2175 1071 2234 quare
1083 2167 1202 2236 gratum

36 2308 41 2315 ,
69 2242 181 2322 Philippo
197 2239 414 2317 faciatis:‘qno
438 2238 585 2321 supplicio
611 2239 764 2299 afficiendi
790 2251 879 2299 erunt
905 2239 969 2300 eins
990 2240 1036 2299 rei
1053 2254 1203 2313 auctores,

68 2343 99 2389 ut
110 2327 196 2409 dignas
214 2325 289 2384 dent
304 2324 438 2404 poenas?
473 2326 587 2384 Verum
611 2324 764 2384 enimvero
784 2345 849 2384 earn
866 2345 931 2384 rem
950 2325 1098 2385 amicitiae
1115 2325 1203 2386 vobis

67 2411 172 2475 utilioris
196 2410 284 2470 etiam
302 2410 483 2490 principium
503 2409 639 2469 futurum
658 2430 739 2482 esse,
766 2422 912 2487 quantum
935 2410 1109 2470 coniectura
1132 2402 1214 2470 licet*

68 2496 177 2577 assequi,
198 2496 229 2555 id
253 2504 377 2574 qdoque
402 2518 450 2555 me
477 2508 670 2556 ostensurum
690 2495 808 2576 opinor.
849 2495 917 2554 Hoc
936 2508 1020 2555 certo
1037 2497 1204 2556 tenendum
1232 2524 1239 2535 1
1270 2548 1272 2553 .

1 2602 5 2609 ·
69 2584 138 2645 vobis
152 2593 201 2655 est,
216 2580 402 2662 Philippurr'i,
419 2580 634 2654 Athenienses,
652 2602 715 2640 non
731 2590 928 2639 contemnere
943 2593 1073 2641 vestram
1085 2581 1205 2653 urbem,

69 2688 150 2750 neque
163 2688 212 2739 eo,
231 2668 315 2747 quod
333 2687 387 2726 vos
406 2665 577 2726 inutiliores
596 2667 710 2746 putarit
728 2685 818 2744 quam
831 2665 1010 2738 Thebanos,
1029 2666 1116 2726 tobis
1134 2666 1204 2725 illos

71 2753 228 2836 praemlissee
266 2753 319 2811 sed
338 2751 374 2810 ab
393 2752 619 2811 istiscdoctum
639 2771 704 2810 esse
723 2762 754 2809 et
771 2749 937 2822 audivisse,
968 2750 999 2809 id
1018 2751 1204 2830 quod-prius
1254 2766 1262 2772 ·

71 2838 145 2899 etiam
157 2837 268 2918 publice
286 2835 372 2897 vobis
392 2836 533 2916 exposui,
561 2836 682 2896 nemine
700 2836 828 2897 istorum
845 2835 1033 2916 refragante,
1055 2835 1203 2916 populum

12 2926 21 2932 “
70 2923 260 2997 esseturbam,
287 2942 350 2981 rem
370 2921 507 2981 omnium
525 2920 832 2983 inconstantissimam
851 2934 885 2979 et·
899 2917 1143 2993 stolidissimam,
1170 2931 1205 2978 ut
1255 2939 1261 2948 ·

68 3010 97 3069 in
111 3008 170 3069 mari
183 3009 293 3067 undam
318 3007 546 3081 fluctuantem„
570 3029 647 3089 quae
665 3006 807 3067 fortituto
826 3006 972 3087 agitetur:
1008 3005 1100 3065 alium
1119 3025 1204 3064 acce-

69 3095 141 3168 dere,
153 3095 237 3154 alium
255 3092 355 3167 abire,
372 3093 589 3172 rempublicam
607 3105 709 3153 autem
727 3112 816 3151 curae
835 3111 900 3150 esse
919 3089 1052 3164 nemini,
1069 3113 1114 3163 ac,
1132 3089 1206 3169 quid

71 3193 149 3241 actum
163 3181 212 3252 sit,
236 3201 275 3239 ne
294 3179 468 3238 meminisse
488 3178 626 3258 quidem:
651 3177 807 3239 habendos
825 3189 927 3236 autem
944 3177 1063 3255 aliquos
1081 3176 1205 3246 amicos,

71 3264 115 3344 (jul
132 3265 154 3325 ei
173 3266 248 3346 apud
265 3287 320 3325 vos
337 3264 456 3348 singula
475 3264 639 3324 conficiant
656 3277 748 3343 atque
766 3263 831 3323 eius
854 3262 1001 3321 arbitratu
1025 3262 1206 3344 gubernent.

30 3336 43 3355 '⁴
70 3349 136 3428 quod
150 3344 175 3410 si
187 3351 323 3433 inprimis
351 3350 390 3409 sit
408 3363 606 3414 consecutus:
626 3370 695 3409 eum
713 3348 834 3409 a·vobis
852 3347 951 3420 facile,
969 3346 1115 3428 quicquid
1134 3346 1205 3406 libi-

71 3431 121 3493 tum
133 3436 230 3510 fuerit,
248 3438 487 3518 impetraturum.
505 3435 538 3494 Si
555 3436 650 3518 igitur
666 3455 737 3507 eos,
756 3433 891 3513 quitum
909 3433 960 3492 ill'a
977 3434 1016 3492 ad
1034 3453 1104 3493 eum
1123 3431 1205 3509 diteb

72 3533 139 3593 runt,
151 3523 263 3596 statim,
280 3534 317 3582 ut
333 3522 393 3581 huc
410 3522 581 3595 redierant,
598 3521 630 3579 in
648 3541 773 3581 crucem
786 3532 869 3601 actos
887 3517 1066 3578 audiuisset:
1084 3517 1208 3578 fecisset

69 3604 147 3680 idem,
162 3609 240 3688 quod
258 3628 312 3668 rex
323 3607 496 3669 Persarum.
539 3606 624 3681 Quid
642 3618 743 3666 autem
761 3604 837 3678 fuit,
856 3604 940 3683 quod
957 3604 1014 3663 ille·
1027 3602 1118 3663 fecit?
1144 3603 1206 3662 De-

68 3694 180 3769 ceptus'a
197 3693 375 3776 Timagora,
393 3692 442 3752 cui
461 3692 677 3774 quadraginta,
690 3703 728 3763 nt
744 3689 864 3762 ferunt,
882 3689 995 3769 talenta
1013 3690 1155 3758 dederat,
1171 3698 1207 3745 ut

67 3775 160 3838 audivit
196 3800 265 3839 eum
288 3801 306 3838 a
328 3778 416 3839 vobis
441 3770 635 3839 interfectum
654 3799 688 3836 ac
706 3798 744 3836 ue
762 3773 990 3854 suam=quidem
1007 3774 1087 3834 tueri
1104 3773 1206 3841 vitam,

67 3862 172 3948 nedum,
190 3886 267 3944 quae
284 3863 439 3944 pollicitus
456 3863 570 3936 fuerat,
587 3875 738 3944 praestare
756 3861 908 3943 potuisse:
927 3857 1155 3930 animadvertit,
1173 3876 1205 3915 se

66 3949 201 4026 pecuniam
217 3970 280 4010 nou
305 3950 333 4010 ei
356 3956 548 4022 nu‘merasse,
582 3969 677 4029 penes
695 3968 784 4028 quem
803 3967 920 4006 summa
938 3957 1020 4005 esset
1036 3943 1212 4004 auctoritas.¹

65 4030 181 4105 Proinde
192 4034 322 4118 primam
332 4035 540 4118 Amphipolim
557 4035 665 4095 urbem
682 4046 784 4095 restro
801 4031 930 4112 imperio
948 4031 1050 4111 denuo
1068 4026 1208 4097 subiecit,

66 4138 141 4196 quan
155 4121 294 4182 hactenus
313 4121 425 4196 sociam
443 4143 527 4181 snam
546 4133 577 4180 et
594 4120 718 4179 amicam
737 4140 803 4179 esse
820 4117 999 4196 scripserat:
1024 4115 1134 4175 deiude
1152 4130 1206 4173 ne-

66 4202 269 4287 utnusquam
287 4220 392 4288 postea
408 4207 569 4287 pecuniam
585 4196 680 4266 dedit
722 4206 806 4264 ldem
827 4202 921 4284 igitur
936 4212 969 4259 et
986 4199 1144 4282 Philippus
1162 4199 1207 4259 fe-

68 4287 158 4365 cisset,
182 4292 333 4353 ciborum
351 4293 483 4372 aliquem
500 4312 616 4374 poenas
635 4291 706 4351 dare
724 4290 866 4358 vidisset,
878 4334 882 4346 .
895 4285 994 4367 idque.
1008 4287 1097 4347 etiam
1116 4305 1209 4353 nunc,

66 4371 88 4430 tl
109 4375 220 4453 viderit,
244 4378 376 4439 facturus
402 4391 455 4438 est.
487 4379 561 4438 Aet
584 4375 793 4445 eumaudiat,
817 4390 872 4433 eos
892 4371 1062 4433 conciones
1082 4370 1209 4437 hahere,

934 4455 1139 4561 122⁶»
