2722 4754
137 168 273 287 „94'⁴
402 174 1031 282 osrtos'rnnmsonario
1129 234 1133 238 ·

34 452 40 462 ἱ
143 375 247 441 ‘sicubi
270 373 397 437 fortasse
415 371 482 432 Rex
503 368 582 431 urbe
604 369 840 454 fuit‘superior:
858 374 1117 459 autjGraecomm
1139 354 1325 440 lscelestissi-

73 477 77 485 '
131 464 206 531 ¹mis
225 475 257 522 et
273 457 484 543 proditoribus
503 455 654 518 intereos
673 458 885 541 largitionibus
905 463 1071 543 corruptis,
1092 477 1145 525 aut
1162 464 1248 524 nulla
1267 458 1339 525 slis'

149 549 267 610 ratione
285 545 426 627 superior
441 542 507 605 fuit'
550 540 596 604 Ac
613 563 653 604 ne
672 544 703 604 id
722 545 821 625 ipsum
840 545 963 627 quidem
982 549 1010 608 ei
1027 549 1151 629 profuit
1195 546 1324 632 Cogno-
1341 594 1349 609 ..

148 634 239 695 scetis
258 631 354 703 enim,
379 652 448 691 cum
465 652 521 712 per
536 628 791 691 Lacedaemonios
812 631 898 691 urbis
916 646 1039 694 nostrae
1058 655 1131 715 opes
1150 634 1326 709 minuisset,
1350 676 1354 685 ·

50 768 53 774 .
150 741 220 780 eum
246 738 262 776 a
285 713 432 776 Clearclro
459 729 490 776 et
514 712 596 800 Cyro
622 737 679 777 suo
704 717 804 798 ipsum
827 738 925 800 regno
950 718 1015 780 fere
1041 720 1136 780 fuisse
1161 721 1325 781 deiectntss·
1357 740 1360 749 ’

70 880 74 885 .
148 806 255 885 ltaque
273 822 373 882 neque
391 800 488 883 palam
504 801 593 875 sicit,
611 823 711 882 neque
731 802 905 863 ei-insidiae
922 806 1113 885 profuerunt
1147 805 1252 865 Video
1263 824 1337 866 ass-0

148 890 229 962 tem,
256 899 424 947 svestrum
443 886 623 966 quibusdam
640 888 833 968 Philippum,
860 902 896 948 ut
913 891 1027 950 nullius
1044 891 1137 973 pretii
1155 891 1333 966 hominem,

149 973 265 1057 negligi
280 993 384 1053 saepe:
402 973 517 1055 Regem
533 986 634 1032 autem
646 973 815 1046 Persarum,
832 987 868 1034 ut
882 987 1041 1055 potentem
1055 968 1186 1052 bostem,
1204 975 1233 1036 si
1248 975 1321 1057 quid
1336 1009 1341 1015 ·

149 1058 333 1132 instituerit,
357 1055 520 1118 formidari.
563 1055 660 1138 Atqui
678 1058 703 1117 si
721 1079 778 1118 nec
796 1059 896 1133 illum,
921 1073 958 1120 ut
976 1064 1250 1136 contemnendum,
1272 1048 1339 1122 ut!

150 1146 315 1217 ciscemur,
334 1156 365 1202 et
382 1140 471 1215 huic,
488 1153 525 1201 ut
542 1141 741 1217 formidabili,
760 1144 861 1204 omnia
878 1147 1097 1219 concedemus:
1121 1170 1190 1209 cum
1209 1147 1320 1229 quibus

38 1291 45 1309 ,
149 1231 272 1293 tandem
289 1226 527 1309 proeliabimur?
551 1226 631 1288 Sunt
648 1229 738 1288 etiam
757 1229 879 1308 quidam
897 1216 1050 1311 apud¹nos
1069 1233 1101 1292 in
1120 1232 1330 1293 defendendis

150 1316 231 1398 apud
243 1335 301 1375 uos
319 1313 448 1374 aliorum
466 1312 562 1372 causis
582 1313 734 1373 acerrimi:
758 1309 1025 1398 quibus'ego'hoc
1045 1317 1144 1378 solum
1161 1338 1321 1400 persuase-

86 1478 94 1483 ᾖ
150 1403 226 1475 rim,
243 1412 280 1460 ut
296 1413 429 1460 vestrum
441 1398 494 1458 'ius
513 1399 592 1480 apud
611 1400 693 1459 alios*
704 1399 785 1460 tueri
802 1401 961 1476 studeant,
981 1423 1042 1482 quo
1061 1403 1119 1483 ipsi
1137 1404 1229 1484 primi
1247 1403 1320 1464 iuris

152 1488 349 1561 observantes
364 1484 532 1544 videantur.
566 1482 742 1545 Absurdum
761 1485 841 1545 enim
861 1499 920 1561 est,
940 1507 1009 1547 eum
1029 1489 1066 1548 de
1084 1489 1150 1550 iure
1169 1482 1249 1572 apud
1265 1492 1321 1548 'vos

60 1586 63 1591 ’
152 1575 300 1634 ἆίεεὸτετε
318 1571 429 1644 multa,
447 1568 502 1650 qui
520 1589 571 1643 ea,
591 1590 667 1650 qnae
685 1570 764 1630 iusta
782 1583 868 1645 sunt,
894 1571 959 1652 ipse
976 1573 1126 1656 negligat:
1152 1588 1222 1635 cu'm
1239 1573 1321 1635 iniu-
1337 1578 1360 1589 ⁹

151 1672 233 1720 stum
251 1657 307 1731 sit,
325 1655 500 1717 accusandis
517 1654 621 1730 vobis,
638 1675 702 1715 non
718 1655 918 1716 defendendis
934 1650 1032 1731 vobis,
1049 1672 1186 1739 paratum
1204 1680 1240 1720 ac
1256 1679 1322 1719 me-

56 1811 65 1830 „
152 1744 280 1804 ditatum
300 1762 365 1807 esse
383 1740 486 1800 civem.
510 1739 603 1822 Agite
621 1761 711 1813 vero,
728 1762 784 1821 per
799 1742 883 1801 Deos
899 1743 1108 1818 considerate,
1127 1767 1182 1805 cur
1197 1736 1332 1806 tandemx

42 1887 47 1894 ,
151 1828 290 1914 Byzantii
313 1846 404 1886 nemo
430 1838 495 1899 est,
527 1825 580 1906 qni
606 1846 658 1885 eos
683 1839 822 1900 moneat,
851 1847 890 1887 ne
908 1824 1141 1901 Chalcedonem,
1159 1843 1322 1911 occupent,

106 1965 117 1972 .
152 1936 230 1997 quae
249 1926 281 1974 et
298 1911 389 1996 Regis
409 1923 473 1985 est,
503 1922 534 1970 et
550 1910 740 1972 vestra‘olim
759 1911 836 1985 fuit,
866 1925 896 1972 et
913 1912 999 1972 nullo
1018 1914 1054 1973 ab
1074 1915 1118 1974 eis
1136 1917 1203 1976 iure
1220 1914 1322 1976 vindi-

26 2057 31 2070 ,
68 2007 132 2066 127
156 2004 361 2063 catursneve
378 1987 594 2082 selymbriam,
619 2017 696 2076 quae
720 1997 882 2077 aliquando
907 1998 1052 2059 socictate
1069 2000 1228 2062 vobiscum
1246 2014 1322 2063 con-

65 2141 68 2146 .
151 2088 254 2148 iuncta
278 2083 415 2156 fuit,·ad
439 2103 524 2140 suam
546 2080 604 2162 ipsi
628 2080 870 2143 iurisdictionem
894 2084 1083 2163 pertrahant:
1109 2107 1186 2146 neve
1210 2086 1322 2146 horum

67 2214 76 2223 ,
152 2193 226 2264 agro
243 2167 382 2272 Bprantii
399 2167 510 2228 limites
529 2166 717 2226 constituant
733 2180 839 2227 contra
856 2168 1065 2229 iusiurandum
1085 2172 1263 2253 etxfoedus,
1290 2171 1323 2230 in

153 2277 216 2340 quo
234 2277 282 2316 sur
299 2253 373 2314 iuris
393 2270 445 2312 eos
464 2272 529 2311 esse
542 2252 693 2332 'scriptum
713 2261 774 2313 cst:
797 2275 852 2312 cur
868 2254 942 2313 item
959 2274 1050 2314 nemo
1068 2254 1217 2336 fuit„qui
1235 2256 1322 2316 Mau·
1337 2329 1352 2334 -

153 2339 221 2418 εοΙο
238 2338 287 2402 rel
309 2339 430 2402 vivente
454 2336 502 2397 vel
527 2337 671 2399 defuncto
695 2332 888 2399 Artemisiam
911 2332 1071 2400 docuerit:
1101 2336 1169 2401 Con
1187 2354 1219 2402 et
1236 2341 1323 2402 Rbo-

96 2452 98 2457 ·
153 2428 226 2490 dum
244 2446 307 2486 non
325 2444 391 2485 esse
409 2424 617 2504 occupandas,
647 2435 739 2503 atque
757 2424 828 2484 alias
841 2424 912 2484 'eius
930 2425 1051 2507 generis
1070 2424 1322 2505 civitatesGrae-

153 2535 215 2587 caS,
243 2511 352 2592 quibus
379 2508 469 2569 etiam
494 2510 576 2582 Rex,
604 2509 739 2590 ipsorum
768 2509 927 2584 dominus,
952 2509 985 2569 in
1008 2510 1133 2572 foedere
1159 2512 1265 2587 cessit,
1292 2512 1324 2572 el

153 2611 280 2682 propter
297 2616 370 2676 quas
388 2594 483 2654 rdulta
500 2593 633 2675 pericula
643 2607 689 2654 “et
712 2590 863 2675 praeclara
880 2595 1043 2655 certamina
1061 2595 1182 2677 illoruni
1199 2610 1358 2678 tempos·

152 2707 221 2746 rum
240 2679 352 2743 Graeci
374 2678 540 2739 subierunt.
582 2678 685 2758 Atque
707 2692 744 2739 ut
766 2680 893 2741 maxime
917 2680 994 2754 sint,
1020 2674 1075 2760 qui
1098 2683 1235 2762 utrisque
1260 2682 1323 2741 illis

153 2770 229 2830 baec
247 2768 362 2827 dicant:
380 2777 419 2838 at,
438 2764 492 2844 qui
507 2763 593 2824 bisce
610 2777 746 2845 pareant,
762 2778 798 2825 ut
815 2778 956 2853 apparet,
973 2786 1037 2826 non
1055 2781 1133 2838 sunt
1162 2768 1233 2850 Ego·
1247 2786 1323 2827 uero
1356 2794 1358 2799 ¹

155 2856 245 2916 etiarn
267 2853 382 2912 iustum
405 2870 471 2919 esse
494 2867 623 2923 censeo,
646 2848 892 2918 utRhodiorum
909 2851 1041 2933 populus
1057 2853 1244 2913 restituatur.
1288 2852 1325 2912 ld

59 3006 63 3011 ⁴
98 3007 105 3013 ,
146 2942 227 3000 “vero
244 2936 365 2997 tametsi
382 2935 577 2995 iustum-non
595 2946 690 2995 esset:
716 2956 795 3010 cum,
813 2957 891 3016 quae
910 2937 961 2996 isti
979 2951 1083 3020 agunt,
1100 2939 1235 3017 intueor,
1252 2946 1322 2998 sus-

154 3024 288 3094 dendum
307 3040 372 3081 esse
391 3013 516 3101 opinor,
540 3031 577 3079 ut
592 3019 762 3081 reducatur.
805 3017 869 3080 Cur
884 3023 1007 3082 tandem
1025 3023 1077 3084 id?
1103 3023 1273 3098 Quoniam,
1297 3021 1338 3083 si·

57 3168 59 3177 χ
136 3129 261 3171 ‘omnes
287 3107 388 3193 colere
407 3104 804 3183 'iustitiaminstituissenn
829 3120 918 3189 turpe
936 3107 1034 3182 foret,
1051 3127 1105 3170 vos
1129 3109 1213 3168 solos
1232 3107 1270 3169 ab
1288 3127 1322 3167 ea

154 3195 343 3256 abhorrere·
371 3187 448 3250 Cum
466 3190 668 3251 vero-caeteri
680 3212 793 3265 vornnes
812 3191 853 3253 ita
871 3213 904 3252 se
929 3207 1051 3274 parent,
1077 3194 1124 3254 ius
1146 3192 1261 3256 violare
1288 3204 1323 3252 ut

154 3278 289 3363 possint:
306 3276 332 3338 si
350 3277 426 3350 soli,
443 3296 482 3336 nc
502 3275 555 3356 qui
572 3277 680 3336 tuendi
698 3276 774 3351 sint,
793 3277 840 3338 ius
859 3279 1078 3359 praetendatis:
1097 3300 1163 3338 eam
1181 3297 1239 3361 ego
1258 3296 1322 3337 non

151 3364 309 3439 iustitiam,
327 3362 380 3423 sed
398 3360 546 3444 ignaviam
566 3361 773 3422 existimarim:
795 3384 866 3431 cum
884 3365 1013 3440 videam,
1030 3376 1067 3424 ut
1084 3364 1197 3444 quique
1215 3361 1322 3425 armati

153 3447 242 3523 s'nnt,
270 3450 316 3509 ita·
330 3449 419 3508 etiam
432 3444 490 3507 eos
516 3446 563 3507 ius
586 3443 675 3508 ¹suum
693 3448 827 3531 adipisci.
871 3445 966 3509 Cuius
982 3448 1029 3510 rei
1047 3446 1322 3531 exemplumvobis

105 3609 108 3615 ¹
154 3534 296 3597 omnibus
319 3546 427 3594 notum
450 3530 564 3595 referre
588 3551 720 3613 possum:
762 3535 833 3594 Duo
858 3534 983 3595 foedera
1009 3532 1118 3595 Graeci
1144 3556 1213 3594 cum
1236 3533 1323 3614 Rege

55 3618 59 3625 “
152 3623 312 3682 Persarum
330 3618 463 3679 babent:
488 3639 540 3692 ea,
566 3639 643 3698 quae
666 3632 770 3680 nostra
792 3619 866 3680 urbs
890 3619 980 3695 fecit,
1005 3641 1082 3700 quae
1104 3618 1240 3680 universi
1256 3617 1322 3677 lau-

154 3708 242 3767 dant:
263 3717 381 3786 etpost
399 3725 433 3765 ea
449 3704 680 3764 Lacedaemonii
699 3702 852 3786 deinceps,
870 3704 905 3764 ea
923 3705 1077 3778 nimirum,
1096 3705 1173 3785 qriae
1184 3703 1324 3784 'culpant

102 3792 110 3801 ’
154 3782 257 3872 Atque
274 3791 307 3850 in
324 3790 370 3849 his
389 3809 451 3849 non
471 3789 552 3849 idem
572 3788 618 3849 ius
637 3789 776 3870 utrisque
794 3790 953 3851 definitum
972 3804 1024 3852 est
1054 3791 1131 3850 Nam
1149 3788 1258 3872 privati
1275 3788 1325 3847 iu-

153 3878 195 3939 ris
220 3877 253 3937 in
277 3874 498 3956 rebuspublicis
525 3893 716 3951 communem
734 3875 955 3956 aequalemque
978 3897 1068 3936 nsum
1087 3876 1204 3935 dedere
1228 3866 1342 3957 leges,

154 3976 215 4026 tam
234 3961 380 4034 infirmis,
399 3981 488 4040 quam
506 3960 701 4041 potentibus:
721 3961 872 4020 Graecum
889 3973 989 4020 autem
1008 3961 1055 4020 ius
1074 3961 1134 4035 hi,
1150 3959 1203 4040 qui
1219 3979 1327 4018 rerum

106 4106 114 4119 ,
154 4048 332 4131 potiuntur,
356 4044 609 4105 imbecillioribus
627 4045 866 4126 interpretantur
883 4058 914 4106 et
932 4045 1089 4107 definiunt
1130 4041 1211 4105 Cum
1229 4043 1329 4128 igitur

154 4133 214 4192 hoc
231 4131 319 4192 vobis
336 4130 475 4190 relictum
494 4131 542 4202 sit,
559 4142 604 4203 ut,
621 4129 698 4189 iusta
717 4150 794 4209 quae
812 4143 893 4205 sunt,
913 4144 943 4191 et
960 4131 1131 4214 intelligere
1146 4142 1177 4190 et
1190 4128 1328 4191 dicendo

155 4214 298 4297 explicari
315 4215 452 4297 possitis:
480 4214 695 4275 elaborandum
714 4227 777 4289 est,
803 4215 836 4275 in
854 4229 951 4277 vestra
969 4228 1120 4296 potestate
1138 4228 1174 4276 ut
1191 4214 1247 4289 sit',
1274 4229 1328 4274 ea-

72 4352 76 4363 :
155 4302 224 4362 dem
244 4299 332 4369 etiam
350 4300 559 4361 administrare
577 4311 667 4378 atque
686 4299 817 4379 exsequi
842 4301 936 4377 Quod
953 4314 1018 4362 tum
1037 4303 1103 4376 liet,
1122 4302 1148 4360 si
1165 4320 1221 4361 vos
1240 4320 1330 4361 com-

109 4441 120 4451 :
146 4406 264 4460 ¹munes
289 4385 437 4448 libertatis
463 4383 610 4445 omnium.
625 4402 691 4445 esse
714 4383 849 4446 vindices
874 4385 1080 4449 existimarint.
1115 4387 1224 4471 Neque
1250 4407 1330 4448 vero
