2722 4754
344 131 346 135 ’
431 130 939 247 insrnnnanuut
1176 187 1291 248 sea...

70 365 116 417 ma
134 332 478 424 inopialconssietanten
496 359 565 397 eum
576 356 648 397 rem
665 334 777 418 habeat
794 347 824 395 et
842 332 978 396 divitias:
997 346 1028 395 et
1046 357 1080 398 ea
1096 356 1173 416 esse
1182 334 1240 394 im·
1274 358 1279 362 ·

70 420 227 512 pudentia,
244 440 289 501 ut,
308 448 396 506 quarn
412 424 568 483 'fortunam
586 443 603 482 a
621 420 710 481 nobis
728 421 855 500 accepit,
873 418 911 481 de
930 436 967 482 ea
982 421 1132 504 impertiri
1150 419 1240 495 nobis
1260 465 1263 473 ·

70 525 133 576 no‘n
153 516 270 573 audeat.
305 514 347 570 At
363 530 428 569 uon
447 507 598 568 dubitavit
620 508 731 566 ducere
755 506 909 567 dominam
937 521 968 568 et
987 511 1050 570 eain
1067 508 1197 569 habere.
1207 506 1240 575 in
1261 535 1264 538 ·

71 599 283 671 matrimonio,
309 615 385 678 quae
404 616 492 667 eum,
517 614 625 653 recens
642 587 843 671 mancipium,
868 604 951 666 tum,
970 615 1038 655 cum
1058 608 1155 656 emtus
1173 591 1242 667 fuit,
1293 616 1302 628 2

71 685 218 746 initiarat:
243 705 301 742 nec
328 683 430 741 dotem
448 678 507 738 sibi
526 678 661 758 quinque
678 676 792 741 talenta
809 674 959 749 scribere,
985 694 1127 761 excepta,
1151 701 1261 762 quam.

71 784 168 832 mater
184 768 291 829 habuit
309 787 428 847 quaque
447 764 513 845 ipse
536 762 653 844 potitus
672 775 733 834 est,
761 783 868 844 magna
885 763 1039 844 pecunias.
1057 767 1141 842 Quid
1160 763 1254 839 enirn¹
1281 834 1283 838 Α

72 880 141 921 eum
161 856 273 937 putatis
291 853 322 911 in
341 863 555 912 testamentum
573 845 789 929 inscripsisse?
817 848 880 907 «Fa
897 862 1025 923 caetera,
1043 874 1121 930 quae
1140 854 1243 928 habet,

74 943 244 1022 Archippae
262 940 331 1020 lego
339 959 369 995 »z
396 949 514 995 nostras
531 947 640 995 'autern
658 934 752 1006 filias,
776 954 853 1013 quae
872 933 956 994 domi
980 949 1107 1017 propter
1124 953 1243 1019 egesta·
1285 989 1292 996 .

40 1029 42 1033 ’
71 1041 132 1090 tem
151 1025 285 1086 coelibes
305 1034 534 1094 consenescent,
552 1019 688 1103 negligit
723 1018 845 1094 Quodsi
862 1018 919 1079 iste
937 1041 1053 1102 pauper
1069 1037 1165 1097 esset,
1184 1044 1242 1097 nos

72 1133 144 1174 vero
163 1111 342 1190 locupletes,
360 1120 391 1167 et
408 1105 500 1179 mihi,
516 1118 553 1172 ot
570 1105 666 1164 multa
684 1103 802 1186 homini
818 1118 965 1186 possunt,
981 1107 1098 1188 aliquid
1116 1108 1244 1168 accidis.

32 1223 33 1226 *
72 1206 136 1259 seta
159 1198 246 1256 istius
264 1195 320 1256 filii
338 1212 418 1252 meas
436 1192 512 1251 filias
537 1190 596 1251 sibi
615 1190 679 1253 dari
696 1190 900 1271 postularent,
929 1211 1017 1253 servo
1036 1194 1099 1254 nati
1118 1194 1242 1255 heriles:
1300 1232 1302 1236 ·

47 1296 49 1301 '
71 1282 213 1344 avunculi
232 1280 312 1338 enim
339 1279 382 1338 eis
400 1289 472 1338 sunt
497 1289 672 1357 propterea,
697 1275 780 1355 quod
805 1288 930 1354 matrem
957 1276 1018 1338 iste
1034 1299 1130 1339 meam
1150 1280 1244 1340 duxit.

72 1371 237 1447 Postquam
255 1378 356 1424 autem
375 1384 431 1423 nos
450 1362 695 1442 inopes‘sumus:
722 1381 785 1419 non
804 1360 959 1420 adiuvabit
976 1383 1041 1437 eas,
1065 1377 1101 1423 ut
1119 1365 1242 1424 elocen-
1288 1430 1290 1435 ,

71 1468 133 1526 tur,
150 1455 203 1512 sed
221 1463 361 1512 recenset
375 1461 406 1509 et
419 1459 584 1527 computat,
603 1458 750 1526 quantum
767 1465 825 1527 ego
844 1445 991 1526 pecuniae
1003 1447 1138 1510 habeam.
1154 1449 1243 1524 Nam,

72 1541 155 1619 quod
175 1538 311 1597 omnium
330 1532 554 1614 iniquissimum
575 1545 634 1603 est,
653 1531 738 1603 eius,
757 1552 815 1610 qua
834 1552 891 1591 nos
909 1533 1076 1608 fraudavit,
1094 1535 1243 1616 peonniae

71 1624 185 1684 nullam
203 1624 236 1682 in
253 1622 335 1680 hunc
352 1640 450 1698 usque
468 1618 549 1677 diem
565 1616 722 1676 rationem.
734 1615 863 1677 reddere
882 1617 997 1692 voluit,
1015 1620 1070 1693 sed
1088 1621 1243 1701 exceptio-

44 1711 50 1716 ”
71 1730 127 1769 nes
147 1707 277 1788 opponit
294 1706 331 1764 de
349 1726 414 1764 uon
430 1703 529 1763 danda
547 1701 637 1762 nobis
654 1699 789 1763 actione:
817 1723 894 1781 quae
912 1715 1014 1764 autem
1030 1699 1049 1765 e
1067 1706 1244 1786 patrimonii

71 1792 236 1875 partitione
254 1790 367 1871 accepi,
374 1787 420 1850 'ea
438 1801 600 1869 computat
617 1787 713 1846 Acin
731 1798 868 1855 caeteros
887 1788 1012 1868 quidem
1029 1812 1133 1853 servos
1151 1814 1168 1852 a
1186 1793 1244 1852 do·
1255 1790 1272 1797 ”
1302 1821 1306 1824 >

73 1878 164 1937 minis
184 1877 299 1957 inquiri
316 1874 458 1935 videatis:
483 1874 541 1933 iste
560 1885 665 1939 contra
690 1873 721 1931 in
741 1871 899 1933 domiuum
917 1895 1022 1935 servus
1040 1875 1185 1956 inquirit,
1197 1890 1263 1937 ea*

73 1984 106 2021 re
126 1961 441 2041 scilicet,·improbum
462 1971 498 2031 et,
510 1959 676 2040 prodigunt
691 1974 757 2017 esse
776 1979 835 2031 me,
853 1968 1055 2038 ostensurus.¹
1072 1962 1140 2045 Ego
1158 1982 1244 2038 vero,

71 2048 297 2120 Athenienses,
328 2045 419 2126 qu'od
431 2047 468 2105 ad
486 2045 574 2105 faciei
599 2042 766 2125 habitum,¹
779 2056 815 2103 et
828 2044 1014 2105 celeritatem
1034 2046 1187 2122 incessus,
1213 2061 1245 2109 et

71 2132 313 2214 magnitudinem
336 2128 424 2189 'trucis
442 2130 568 2202 attinet,
594 2149 657 2207 non
675 2128 707 2186 in
725 2127 762 2186 iis
781 2148 829 2187 me
853 2150 999 2203 numero,
1025 2133 1078 2211 qui
1105 2147 1243 2193 naturam
1265 2144 1326 2201 210

71 2217 234 2297 propitiam
252 2216 438 2276 habueruut:
457 2214 567 2294 quibus
586 2213 667 2272 enim
685 2213 777 2271 rebus
795 2212 861 2272 sine
880 2214 1242 2297 meantilitatequibus-

73 2303 141 2362 darn
159 2324 227 2361 sum
246 2301 402 2373 molestus,
423 2320 476 2360 eae
494 2297 569 2358 mihi
587 2298 1061 2386 saepenumeroincommodant.
1076 2300 1140 2363 Sed
1158 2306 1243 2383 quod

73 2389 182 2447 ad'eos
202 2390 322 2446 sumtus
338 2405 444 2445 omnes
456 2384 596 2457 attinet,
622 2383 733 2465 quila'd·
755 2398 804 2444 me
823 2385 922 2464 ipsum
948 2384 1119 2465 pertinent:
1144 2390 1243 2451 multo

73 2472 219 2555 frugalius
237 2472 296 2531 isto
316 2485 345 2532 et
364 2471 428 2530 aliis
454 2471 588 2533 eiusdem
614 2467 735 2552 generis
759 2469 860 2530 vivere
879 2492 927 2530 me
953 2469 1115 2533 constabit
1152 2465 1243 2550 Quae
1285 2530 1296 2540 .

75 2579 147 2617 vero
165 2558 195 2617 in
213 2557 435 2637 rempublicam
450 2556 530 2616 etin
546 2575 601 2614 vos
620 2553 804 2616 conferenda
820 2568 907 2629 sunt,
925 2577 1023 2636 quarn
1033 2558 1245 2638 splendidissi-

74 2664 122 2703 me
146 2664 271 2723 possum
290 2642 394 2714 etita,
418 2655 455 2702 ut
470 2661 526 2700 vos
549 2639 676 2701 conscii
690 2640 779 2714 estis,
793 2641 992 2702 administro.
1024 2641 1141 2724 Neque
1161 2645 1242 2706 enim

40 2759 49 2777 κ
75 2727 133 2788 hoc
150 2729 279 2810 ignoro,
303 2727 409 2800 vobis,
434 2726 591 2806 qui-cives
616 2725 789 2800 uati-estis,
815 2726 1082 2789 satis‘esseobire
1106 2747 1243 2803 munera,
1277 2764 1283 2768 -
1307 2781 1311 2786 .

75 2826 109 2873 ut
133 2814 217 2896 leges
241 2812 364 2872 iubent:
397 2812 612 2883 nobisfantem
638 2809 759 2895 adscitis
787 2826 818 2873 et
842 2812 926 2872 velut
950 2814 1101 2894 adoptatis
1125 2815 1168 2874 sic
1187 2811 1243 2875 ob·
1282 2815 1294 2834 ‘

74 2901 174 2959 eunda
192 2920 317 2958 munera
334 2910 421 2969 sunt,
448 2910 484 2958 ut
500 2897 587 2980 vobis
613 2895 727 2957 referre
744 2897 870 2978 gratiam
888 2897 1051 2960 videamur.
1085 2899 1132 2958 Ne
1150 2900 1245 2982 igitur
1291 2929 1295 2936 ¹

74 3004 109 3043 ea
128 2984 292 3064 exprobra,
317 2995 541 3064 propterquae
559 2979 682 3053 laudem
704 2992 847 3043 mereor.v
864 2982 926 3042 Sed
946 3004 1122 3062 quemnam,
1147 2985 1245 3045 Phor,

68 3070 156 3142 mio,
174 3069 302 3141 civium„
326 3081 361 3128 ut
378 3082 429 3142 tn,
458 3061 594 3129 conduxi·
608 3067 645 3126 ad
662 3066 839 3135 libidinem?
876 3065 1048 3129 ostendito.
1083 3072 1182 3145 Quem
1202 3071 1245 3131 ci-
1283 3136 1289 3142 ,

75 3155 185 3229 vitate,
208 3149 293 3234 quae*
304 3153 360 3214 tibi
378 3153 559 3213 liberalitate
577 3153 683 3233 populi
702 3152 848 3234 contigit,
867 3167 898 3215 et
916 3153 1055 3225 libertate
1074 3156 1155 3230 civili
1169 3177 1248 3238 vspo·⁸
1286 3206 1289 3211 .

75 3238 165 3315 liavi,
190 3253 225 3299 ut
241 3254 275 3300 tu
295 3261 381 3311 eum,
406 3262 497 3318 quem
510 3239 635 3319 'probro
660 3238 808 3309 affecisti?
844 3234 938 3299 Cuius
956 3259 1082 3325 onorem
1102 3261 1159 3324 ego
1179 3242 1247 3302 cor-

75 3326 161 3405 rupi,
188 3337 223 3384 ut
239 3339 272 3384 tu
290 3337 411 3405 praeter
428 3325 499 3384 alias
517 3324 626 3384 multas
646 3344 712 3384 eam
730 3325 838 3396 etiam,
867 3325 916 3384 cui
934 3340 1167 3386 monumentum
1186 3329 1244 3387 iste

75 3410 132 3469 diis
151 3410 266 3486 invisus
284 3431 380 3492 prope
398 3400 538 3472 dominae
557 3409 706 3469 tumulum
727 3410 888 3483 exstruxit,
912 3411 1041 3491 amplius
1060 3411 1180 3472 duobus
1198 3425 1244 3481 ta-

75 3495 166 3556 lentis
186 3496 341 3569 insumtis,
367 3496 468 3575 nequ'e
487 3495 715 3568 animadvertit,
742 3492 915 3559 aedificium
933 3488 1008 3557 illud
1026 3508 1087 3556 tam
1105 3499 1244 3581 magnifi-

77 3588 143 3641 cum
164 3603 228 3641 non
245 3582 414 3661 sepulchri,
439 3583 493 3641 sed
511 3581 656 3654 iniuriae,
683 3602 742 3660 qua
759 3580 811 3640 illa
835 3593 962 3661 propter
984 3581 1076 3642 istum
1101 3584 1243 3643 maritum

75 3667 228 3740 affecerat,
244 3667 311 3726 fore
329 3667 559 3727 monimentum.
577 3666 703 3740 Tamen,
724 3664 790 3737 istis
807 3665 994 3728 facinoribus
1013 3679 1045 3725 et
1061 3667 1243 3749 talibus‘pe·

75 3749 221 3813 tulantiae
240 3765 309 3812 tuae
327 3751 511 3813 testimoniis
530 3751 699 3831 ostentatis,
717 3750 840 3812 alterius
856 3752 947 3812 vitam
957 3753 1113 3834 ‚exagitare
1132 3753 1244 3817 audes?

75 3839 212 3900 interdiu
230 3850 264 3899 tu
289 3838 445 3898 modestus
465 3858 514 3897 es:
539 3849 632 3897 aloem
651 3848 751 3896 autern
771 3858 804 3896 ea
822 3837 978 3921 designas,
1001 3860 1081 3919 quae
1107 3839 1244 3921 capitalia

75 3938 155 3984 sunt.
189 3923 350 4003 lmprobus
369 3924 443 3996 iste,
458 3922 623 4004 improbus
642 3934 703 4001 est,
728 3918 948 3996 Athenienses,
973 3922 1033 3983 iam
1051 3923 1122 3988 inde
1150 3945 1243 3985 exeo
1293 3983 1296 3987 .

74 4022 231 4090 tempore,
257 4009 374 4089 quoad
400 4007 546 4088 templum
566 4005 700 4067 Castoris
719 4015 750 4066 e't
766 4007 900 4067 Pollucis
918 4009 1031 4082 veniit,
1057 4020 1089 4069 et
1099 4010 1245 4095 iniurius,

75 4091 172 4154 Cuius
189 4095 235 4153 rei
253 4095 373 4177 signum
397 4093 472 4157 illud
491 4099 553 4167 est',
578 4094 677 4173 quod,
695 4093 728 4154 -'si
746 4092 843 4153 iustus
869 4092 992 4167 fnisset,
1014 4115 1129 4175 pauper
1143 4108 1243 4172 esset,

40 4224 45 4231 .
75 4178 280 4240 administrata
300 4177 416 4240 domini
441 4179 584 4260 pecunia:
610 4200 709 4259 nunc,
735 4199 803 4237 curn
819 4191 882 4249 tarn
892 4177 1056 4260 ingentem
1082 4182 1264 4261 pecuniam·

74 4265 110 4324 in
125 4277 278 4346 potestate
296 4264 451 4340 habuerit,
467 4278 504 4325 ut
519 4276 637 4326 tantum
655 4263 726 4324 inde
745 4264 821 4325 clam
839 4264 879 4325 sit
896 4264 1076 4338 suffuratus,
1094 4280 1241 4346 quantum

74 4358 159 4411 nunc‘
174 4351 328 4432 possidet,
353 4350 389 4410 ea
407 4371 470 4410 non
489 4349 618 4423 debere,
641 4349 695 4411 sed
718 4361 840 4431 accepta
858 4369 894 4411 ex
918 4349 1108 4430 patrimonio,
1130 4351 1241 4427 habere
1266 4402 1275 4438 ¹,
1315 4380 1319 4389 ’
