2722 4754
465 242 473 249 .
534 153 584 216 nv
619 112 872 215 neronum
899 152 932 213 1·
993 165 1013 177 ··
1151 146 1179 186 ³
1250 156 1310 211 am

142 305 196 366 bit
215 308 282 389 Ego
301 307 394 381 enim,
413 267 694 387 quemadmodum
685 318 776 369 istum
794 318 855 366 tam
872 304 985 371 babere
1003 302 1096 363 multa
1113 299 1252 383 probavi,
1267 301 1312 363 sic

141 389 266 450 illorum
287 391 378 451 etiam
395 405 557 470 utrumque
575 412 640 453 uon
658 391 865 475 pauciorabis
884 380 995 449 babere
1015 388 1178 448 ostendam
1207 385 1311 462 Quare

143 495 208 535 uon
227 474 333 534 boc
306 495 334 534 es
353 477 515 536 dicendum
534 487 593 536 est.
619 475 737 535 sedvel
756 494 806 547 se,
824 475 872 534 vel
890 486 1066 534 contutores
1086 491 1152 533 mea
1169 469 1244 530 mihi
1261 492 1311 531 re-

144 559 288 620 stituisset
323 558 378 619 Sin
395 559 454 619 boc
478 581 543 620 non
571 559 752 621 ostenderit:
779 558 909 618 debetne
935 558 991 618 ista
1015 559 1141 640 sponsio
1159 556 1237 638 apud
1256 577 1311 617 vos

145 643 256 713 babere
275 644 387 717 locum,
405 666 474 704 cum
491 667 540 706 me
557 643 654 705 nihilo
673 644 754 724 plus
759 643 869 703 babere
888 663 954 702 mea
972 644 1105 723 probet?
1133 641 1238 701 Multis
1257 663 1311 701 au-

146 739 205 788 tem
224 730 305 809 apud
324 728 469 789 arbitrum
488 728 744 789 dubitationibus
747 749 816 788 cum
834 738 984 788 aestuaret
1001 729 1039 787 de
1058 727 1140 787 bisce
1160 726 1313 800 omnibus,

149 812 225 872 etin
245 813 391 896 singulis,
414 814 493 874 sicut
510 836 592 883 nune
608 814 688 894 apud
706 833 780 886 vos,
803 812 1049 885 convinceretur:
1076 812 1197 871 mentiri
1215 813 1311 873 conli-

150 897 322 957 deotissime
335 916 425 958 ausus
442 911 497 972 est,
516 911 648 978 quatuor
658 897 770 957 talenta
783 896 857 956 mibi
871 910 986 979 patrem
1004 878 1123 956 defossa
1141 896 1312 974 reliquisse,

150 1002 241 1062 eaque
260 982 363 1043 matris
382 983 539 1042 arbitratui
563 981 743 1064 permisisse,
787 983 820 1041 ld
838 990 911 1042 ver'o
930 982 1021 1055 dixit,
1039 979 1094 1055 ιιι,
1113 1002 1139 1040 ιι
1130 980 1262 1039 eadem
1280 1003 1313 1041 se

149 1066 236 1127 etiarn
255 1088 344 1138 nuuc
364 1065 514 1127 dicturum
541 1080 759 1147 exspectarem,
787 1086 821 1126 ea
840 1067 999 1127 calumnia
1015 1066 1172 1126 refutanda
1197 1085 1313 1141 moram

146 1152 294 1224 facerem,
318 1172 386 1213 curu
412 1152 548 1232 postulet
579 1151 758 1225 necessitas,
783 1163 819 1213 ut
837 1152 875 1211 de
893 1152 958 1212 aliis
979 1173 1048 1213 eum
1066 1150 1157 1210 rebus
1175 1152 1313 1210 accusem

143 1236 224 1316 apud
242 1256 315 1295 vos:
333 1234 391 1308 sin,
407 1249 549 1316 tauquam
565 1257 628 1296 ιιοιι
642 1236 767 1299 dicenda
785 1236 990 1316 praeterirem,
1009 1257 1090 1296 nuuc
1105 1256 1138 1295 ea
1152 1233 1217 1315 ipse
1229 1255 1313 1293 com-

114 1355 117 1361 ·
138 1328 337 1393 memoraret,
355 1334 390 1379 ut
407 1341 476 1403 ego,
494 1321 577 1382 dives
596 1341 662 1381 esse
681 1321 823 1392 creditus,
842 1320 942 1380 miuus
955 1340 1012 1381 vos
1023 1319 1312 1381 ssd-misericordiam

106 1398 109 1403 ’
139 1423 379 1466 commoverem
397 1405 524 1485 Atque'
515 1428 551 1479 rs,
566 1427 619 1485 qur
610 1405 693 1465 boc
705 1404 764 1464 srbr
776 1404 985 1465 affirmandum
1005 1426 1070 1466 esse
1090 1406 1224 1479 duxerat,
1242 1403 1312 1463 nul·
1340 1410 1356 1465 1

88 1486 102 1501 ’
128 1491 203 1550 lum
221 1489 433 1549 testimonium
452 1489 641 1570 proferebat:
659 1491 713 1549 sed
727 1490 842 1549 nudis'
834 1490 896 1549 suis
909 1490 1008 1550 veibis
1027 1491 1118 1549 iidem
1134 1489 1239 1550 baberi
1254 1509 1312 1570 po-

127 1572 281 1635 stulabat
309 1574 429 1647 Quodsi
448 1575 514 1654 quis
534 1597 603 1635 eum
622 1575 800 1656 interroget,
819 1568 908 1654 quein
928 1575 959 1634 in
976 1598 1065 1634 usum
1084 1582 1197 1634 tautam
1216 1595 1312 1633 meam

120 1657 302 1742 pecuniam
318 1660 503 1738 expenderit,
520 1681 569 1719 aes
582 1659 713 1720 alienum
726 1678 783 1739 pro
796 1680 844 1719 me
857 1680 889 1721 se
904 1659 1077 1720 dissolvisse
1092 1660 1144 1732 ait,
1162 1672 1253 1739 atque
1268 1657 1312 1717 ibi
1348 1671 1358 1678 “

124 1764 193 1804 ne
211 1744 310 1802 lacere
328 1764 490 1824 pauperem
509 1757 652 1823 conatur·
676 1763 797 1818 rursus,
822 1744 876 1802 ubi
895 1736 1015 1803 libitum
1035 1753 1096 1818 est,
1123 1744 1262 1816 divitem,
1286 1742 1312 1802 si

135 1827 205 1888 «liis
221 1826 329 1908 placet,
346 1842 382 1887 ut
400 1828 448 1887 cui
466 1843 551 1909 pater
568 1842 685 1888 tautum
703 1829 850 1910 pecuniae
869 1829 966 1888 domi
963 1829 1136 1909 reliquerit
1179 1829 1223 1888 At
1238 1847 1311 1898 vero

142 1932 212 1972 non
228 1931 316 1992 posse
335 1912 419 1985 fieri,
437 1927 473 1972 ut
491 1913 547 1973 iste
565 1932 635 1972 vere
653 1914 727 1972 haec
746 1912 869 1985 diest,
859 1934 921 1972 ιιιιο
940 1926 1003 1972 ιιοιι
1021 1914 1093 1973 fieti·
1106 1913 1260 1993 potuisse,
1276 1920 1313 1971 ut

136 1997 306 2075 quicquam
324 1995 453 2058 istorum
470 1999 574 2059 fieret·
590 1998 692 2056 multis
710 1997 894 2095 argumeptis
913 1997 999 2057 facile
1018 1997 1210 2079 intelligitur
1225 1996 1312 2069 Nam,

38 2088 47 2095 ”
139 2081 169 2145 si
182 2092 276 2167 pater
287 2100 372 2140 meus
392 2082 467 2142 istis
477 2083 592 2141 diffisus
611 2081 727 2153 luisset,
743 2081 938 2180 perspicuum
957 2094 1014 2154 est,
1032 2098 1101 2140 eum
1120 2098 1177 2141 n'ec
1194 2080 1319 2159 reliqua*

147 2164 188 2223 eis
206 2160 301 2225 luisse
319 2166 568 2239 commissurum,
586 2185 659 2238 nec,
683 2165 769 2224 sisic
787 2164 850 2224 ista'
861 2165 1071 2245 reliquisset,
1070 2165 1101 2225 id
1120 2164 1178 2224 illis
1197 2163 1312 2224 iudica-
1351 2178 1353 2187 ⁴

145 2261 263 2318 turum·
290 2263 369 2310 esset
387 2251 466 2310 enim
485 2250 618 2332 ingentis
636 2250 787 2323 insaniae,
814 2250 930 2310 occulta
948 2236 1082 2311 indicare
1098 2249 1175 2323 illis,
1200 2247 1312 2328 quibus

147 2354 199 2397 uec
218 2333 376 2410 manifesta
396 2335 565 2395 crediturus
584 2348 670 2394 esset
688 2334 743 2393 Sin
761 2333 820 2394 illis
837 2333 1086 2406 fidembabebat,
1105 2333 1185 2392 baud
1202 2332 1311 2412 utique

147 2417 302 2477 maximam
327 2418 497 2479 divitiarum
522 2431 636 2500 partem
661 2419 720 2478 illis
738 2419 769 2477 in
795 2428 899 2477 manus
923 2419 1113 2491 tradidisset,
1139 2417 1220 2493 haec·
1236 2436 1310 2476 vero

147 2501 266 2561 illorum
285 2504 429 2583 potestati
447 2525 510 2564 non
529 2503 745 2576 commisisset,
772 2522 872 2582 neque
898 2503 986 2562 matri
1004 2522 1089 2563 meae
1114 2502 1192 2571 baec*
1207 2512 1310 2561 custo-

147 2586 253 2646 dienda
273 2588 422 2662 dedisset,
448 2602 544 2669 atquc·
558 2609 622 2647 eam
640 2587 734 2667 ipsam
758 2587 813 2647 uui
832 2586 1020 2647 etutoribus
1045 2585 1239 2665 matrimonio
1258 2605 1313 2663 cof

144 2671 291 2752 pulasset:
309 2693 365 2731 uec
384 2673 465 2733 euim
484 2684 721 2733 consentaneum
740 2685 802 2745 est,
820 2672 979 2752 pecuniam
997 2690 1053 2751 per
1069 2691 1166 2730 meam
1184 2680 1310 2730 matrem

143 2755 220 2815 velle
238 2769 464 2830 conservatam,
481 2771 571 2837 atque
589 2778 684 2816 uuum
704 2756 817 2829 ex-his,
834 2754 882 2828 cui
900 2756 991 2815 fidem
1010 2775 1072 2814 uon
1091 2754 1231 2827 baberet,
1244 2765 1310 2815 tum

137 2839 248 2919 ipsius,
265 2852 331 2900 tum
349 2842 496 2923 pecuniae
514 2841 882 2901 dominum'coustituerc.
915 2839 1045 2913 Deinde,
1063 2840 1087 2898 si
1107 2839 1180 2920 quid
1199 2839 1309 2897 borum

133 2930 245 2983 verum
264 2924 390 2999 suisset,
407 2948 480 2985 uum
498 2927 629 3006 putatis,
649 2940 717 2984 eum
736 2925 816 2984 illam
835 2947 851 2986 a
869 2924 956 3006 patre
972 2924 1068 2987 datam
1087 2946 1151 2984 nou
1168 2934 1309 3004 acceptu-

129 3028 226 3084 rum,
244 3009 299 3088 qui
318 3011 407 3085 dote,
426 3011 579 3092 octogiuta
598 3009 688 3068 minis
706 3010 763 3087 iarn
781 3011 930 3091 acceptis,
954 3021 1097 3090 tauquam
1116 3030 1182 3070 eam
1200 3009 1309 3068 duetu-

126 3093 410 3167 rus,-Pbilonidae
431 3095 602 3173 ‚Melitensis
629 3093 721 3154 liliam
747 3092 852 3156 duxit?
895 3095 1016 3170 Quodsi
1039 3096 1152 3154 talenta
1177 3100 1310 3175 quatuor

127 3175 220 3238 intra
239 3178 423 3240 domesticos
441 3181 570 3261 parietes
587 3179 725 3251 fuissent,
743 3198 830 3258 quae,
847 3191 883 3239 -ut
895 3181 959 3261 ipse
978 3179 1095 3254 asserit,
1114 3179 1233 3240 basciu
1251 3198 1309 3260 po-

123 3272 252 3322 testate
270 3263 412 3338 baberet,
430 3287 532 3326 annon
551 3286 620 3325 eum
638 3263 731 3323 luisse
750 3285 942 3332 accursumm
958 3266 1099 3338 creditis,
1117 3279 1152 3325 ut
1169 3263 1233 3323 iltis·
1248 3274 1315 3322 una·

127 3368 210 3406 cum
228 3349 293 3430 ipsa
311 3349 482 3428 potiretur?
527 3351 589 3425 Qui
608 3349 689 3408 enim
714 3349 884 3409 manifestas
905 3370 1029 3429 quoque
1048 3369 1139 3430 opes,
1149 3363 1240 3429 quaa
1255 3366 1326 3407 ver

126 3443 237 3492 strum
257 3433 347 3493 etiam
365 3433 501 3515 plerique
520 3434 637 3494 relictas
656 3452 721 3494 esse
749 3433 862 3493 conscii
886 3434 1026 3507 suerunt,
1050 3454 1118 3493 cum
1137 3431 1308 3493 contutori-

128 3515 197 3577 }tus
215 3519 294 3577 adeo
312 3516 462 3600 flagitiose
476 3518 668 3599 diripuit,“
649 3540 701 3591 ns,
720 3540 796 3597 quae
815 3519 1029 3581 conscientiam
1047 3540 1081 3578 ac
1097 3516 1308 3579 testimouium

128 3614 276 3667 vestrum
293 3602 445 3684 lugerent,
463 3626 531 3665 cum
543 3603 675 3683 arripere
691 3602 806 3676 liceret,
824 3602 1040 3663 abstinuisset?
1058 3603 1139 3679 Quis
1150 3620 1233 3662 vero·
1241 3612 1307 3662 cre-

137 3686 215 3746 dat?
248 3687 348 3749 Non
338 3700 385 3745 sta
399 3701 454 3761 est,
471 3689 598 3761 ludices,
616 3708 679 3747 ιιοιι
697 3689 737 3746 ita
757 3699 818 3747 est:
837 3688 890 3746 sed
909 3687 1053 3768 quicquid
1070 3686 1216 3768 pecuniae
1233 3685 1307 3750 reli-

141 3770 209 3850 quit
225 3784 324 3852 pater,
340 3771 398 3830 id
389 3773 454 3832 rstis
473 3765 559 3833 dedit
573 3772 754 3832 universum
790 3774 849 3832 lste
867 3791 940 3831 vero
959 3786 1164 3832 commentum
1183 3771 1242 3831 boc
1259 3770 1306 3831 id·

143 3876 223 3915 esrco
242 3856 341 3928 finxit,
358 3869 394 3915 ut
411 3856 510 3916 minus
528 3877 545 3916 a
562 3857 658 3916 vobis
667 3856 891 3917 misericordiae
909 3871 1085 3936 consequar,
1106 3856 1201 3915 Multa
1219 3855 1306 3935 equi-

144 3940 211 4000 dem
229 3939 373 4001 baberem
392 3941 459 4014 alia,
477 3943 514 4001 de
528 3939 661 4021 quibus
652 3953 743 4000 tstum
762 3958 946 4002 accusarem:
965 3942 1085 4001 sedubi
1102 3956 1197 4003 unum
1216 3939 1305 4021 quid-

144 4025 209 4084 dam
236 4025 407 4090 summatim
432 4026 469 4085 de
489 4025 629 4086 omnibus
648 4025 770 4099 dixero,
795 4047 900 4088 omnes
920 4027 984 4087 eius
1008 4026 1201 4086 defensiones
1220 4044 1304 4085 ever-

144 4122 209 4170 tam.
252 4109 435 4170 Licuisset
426 4110 476 4170 isti
509 4109 657 4171 molestiis
684 4122 715 4170 et
740 4111 872 4194 negotiis
896 4111 943 4170 his
971 4130 1070 4170 carere
1096 4107 1303 4183 omuibus,'
1279 4130 1305 4169 ιι

144 4194 306 4271 domum,'
297 4208 339 4256 ιιι
355 4195 401 4255 uti
419 4195 475 4256 bae
494 4196 577 4278 leges
596 4195 715 4269 iubent,
724 4195 885 4257 elocasset
911 4192 992 4279 Cape
1010 4195 1092 4279 leges
1110 4216 1145 4257 ac
1159 4194 1262 4256 recita.
