2722 4754
288 36 386 81 t't

274 211 277 214 ·
365 178 988 319 ausaausa-nacarrona
1031 188 1045 291 J
1119 184 1122 189 ’
1176 190 1292 289 lar*

97 401 129 442 ro
143 392 221 461 grate
238 386 286 434 est
304 385 335 434 et
351 373 545 447 mIserabile,
567 373 721 434 sociorum
738 385 908 437 vestrorum
926 375 1107 439 calamitates
1126 379 1244 439 reditus
1293 427 1300 444 s

98 461 188 548 legatis
209 459 316 518 vestris
344 478 409 518 esse
435 457 548 518 lactas?
572 459 779 538 ’eandemque
803 480 907 538 pacem
925 461 1015 535 urbi,
1039 485 1133 543 aqna
1158 463 1242 524 missi
1272 446 1294 537 χ,

98 552 218 618 luerunt,
240 555 281 603 et
298 541 451 607 sociorum
477 543 634 602 interitum
660 556 690 603 et
714 544 940 623 possessionum
966 547 1110 607 iacturam
1137 561 1168 609 et
1185 569 1241 630 pro

28 670 32 675 -
99 632 178 721 gloria
200 621 332 688 dedecus
363 626 516 688 attulisse:
552 626 659 709 legatis
694 638 815 701 autem,
848 630 910 707 qui·
931 633 1149 712 rempublicam
1171 633 1240 693 vio.

101 724 196 786 larunt,
221 706 355 785 reditus,
383 733 474 793 opes,
500 713 727 792 possessiones,
754 712 871 772 divitias
895 737 951 795 pro
979 730 1111 778 extrema
1137 718 1240 800 inopia
1263 744 1270 749 ·

101 796 248 890 peperisse?
291 797 330 855 Et
347 796 422 858 haec
438 817 509 858 vere
528 796 545 859 n'
563 819 611 859 me
631 797 691 858 dici
707 808 744 858 ut
767 809 904 874 cernet,
930 820 1004 861 voca
1022 801 1115 863 testes
1133 802 1239 865 harum
1260 850 1271 882 χ

98 890 180 955 ,ham
195 880 364 964 Olynthios.
468 956 470 961 Α
991 893 993 896 ⁴
1211 894 1218 899 “

549 1106 761 1154 restae.

134 1298 142 1304 ⁸
166 1226 264 1303 Neque
283 1245 356 1285 vero
374 1225 516 1301 mirabor,
535 1227 561 1288 s'i
579 1228 669 1288 etiam
687 1229 748 1290 tale
765 1226 879 1308 aliquid
899 1229 1000 1289 dicere
1017 1226 1157 1303 audebit,
1175 1248 1239 1293 non

104 1313 196 1377 licuisse
212 1310 410 1390 praeclaram,
436 1333 535 1391 neque
560 1316 678 1393 qualem
704 1335 762 1397 ego
780 1313 977 1396 postularim,
994 1312 1100 1376 'facere
1124 1337 1239 1396 pacem,

100 1397 249 1464 ‘ean-duces
268 1394 346 1455 male
363 1404 427 1456 reni
446 1396 585 1459 bellicam
603 1400 869 1473 administrassent.
888 1400 981 1474 Quod
1000 1401 1025 1458 si
1040 1396 1238 1472 'dixerit‘ob-

97 1498 177 1548 ¹testor
189 1476 249 1556 ros,
265 1492 302 1540 ut
318 1481 517 1542 memineritis
537 1506 606 1543 eum
623 1485 831 1568 interrogare,
848 1497 951 1544 atrurn
969 1505 1006 1544 ex
1023 1484 1080 1544 alia
1098 1485 1175 1545 urbe
1193 1486 1237 1546 le·
1288 1488 1299 1505 ⁸

74 1582 76 1586 '
104 1583 169 1655 gatus
181 1563 293 1638 abierit,
312 1588 349 1626 an
370 1567 478 1627 ex'hac
497 1569 624 1630 eadem?
659 1569 780 1633 Namsi
798 1569 919 1643 exalia,
938 1592 1027 1651 quarn
1045 1570 1128 1630 bello
1147 1591 1238 1657 supe-

102 1656 187 1716 rior'ern
202 1649 294 1710 luisse
313 1652 394 1735 dicet
412 1674 445 1712 ac
463 1653 561 1714 bonos
587 1655 679 1715 duces
698 1653 987 1716 habuissez‘mcrito
1009 1655 1237 1736 pecuniamne·-

103 1740 169 1822 eeplt
186 1735 236 1795 Sin
254 1755 291 1795 ex
309 1735 365 1796 hac
383 1739 463 1818 ipsa:
481 1761 540 1818 qua
558 1740 663 1822 gratia,
679 1740 806 1823 propter
823 1761 899 1820 quae
916 1740 1000 1816 urbs,
1017 1750 1033 1799 a
1053 1762 1111 1821 qua
1129 1741 1238 1802 missus

102 1837 160 1897 eret,
172 1821 223 1881 suis
242 1820 332 1880 bonis
350 1824 456 1896 cessit,
474 1824 514 1882 ob
534 1846 568 1883 en
585 1825 650 1905 ipse
664 1826 819 1906 accepisse
839 1827 918 1886 dona
936 1825 1098 1886 cernitur?
1124 1826 1251 1899 Eadem'

75 1906 79 1910 ’
102 1910 166 1991 erin
180 1905 287 1975 eturbi
306 1907 438 1967 mittenti
465 1909 625 1970 tribuenda
649 1912 774 1984 fuerunt
792 1911 937 1973 etmissis
965 1925 1001 1970 ex
1020 1932 1053 1970 ea
1072 1911 1194 1992 legatis,
1211 1910 1238 1970 si

101 1995 160 2077 quid
171 2003 244 2051 reete
261 1991 373 2051 factum
388 2006 474 2053 esset
493 1997 552 2054 lam
568 2009 598 2054 et
610 1995 685 2055 illud
701 1996 902 2073 considerate,
920 1993 1136 2067 Athenienses,
1151 1996 1238 2077 plus-

99 2102 131 2141 ne
149 2075 245 2160 putetis
263 2099 280 2135 a
298 2077 508 2138 Phocensibus
526 2079 707 2154 Thebanos,
733 2092 770 2139 atr
790 2103 806 2139 a
824 2080 967 2160 Philippo
995 2101 1049 2141 vos
1070 2079 1157 2138 'bello
1185 2102 1236 2140 su-

62 2236 71 2248 .
99 2161 378 2248 peratoriEquidenr
397 2159 584 2244 compertum
604 2164 970 2239 habeo,1aPhocensibus
988 2164 1158 2224 Thebanos.
1176 2165 1237 2224 Te-

100 2251 189 2312 nebant
208 2247 287 2306 enirn
313 2236 359 2306 illi
384 2247 614 2311 Orchomenu‘m
637 2263 667 2310 et
685 2248 857 2310 Coroneam
884 2263 914 2309 et
927 2248 1181 2330 Tilphossaeum:
1205 2263 1236 2310 et
1267 2326 1270 2331 sp

98 2357 167 2407 suos,
181 2329 396 2412 quiNeotibus
415 2335 550 2410 fuerant,
567 2336 759 2416 receperant:
779 2349 810 2397 et
827 2336 1017 2417 septuaginta
1037 2349 1067 2395 et
1077 2336 1235 2396 ducentos
1259 2336 1300 2397 24

98 2420 242 2482 occiderant
255 2418 292 2476 ad
305 2419 493 2503 Hedyleum:
513 2434 543 2481 ct
556 2422 737 2502 trophaeum
755 2434 926 2481 erexerant:
946 2433 976 2480 et
995 2421 1129 2500 equestri
1145 2440 1237 2500 proe-

96 2507 133 2566 lio
153 2502 309 2584 superiores
337 2517 436 2585 erant:
471 2519 502 2565 et
527 2507 675 2567 malornm
700 2509 768 2567 Ilias
794 2506 957 2566 Thebanos
990 2506 1236 2587 circumdederat

30 2615 35 2622 ·
98 2589 173 2652 Vobis
187 2600 287 2648 autent
301 2609 358 2647 nec
374 2591 435 2651 tale
463 2591 623 2671 quiequam
649 2593 813 2665 acciderat,
840 2604 870 2650 et
892 2590 987 2662 absit,
1011 2604 1047 2650 ut
1071 2591 1186 2651 accidat
1203 2589 1235 2660 in
1286 2634 1288 2639 .

60 2716 65 2725 ›
97 2689 239 2758 pestnum:
258 2675 313 2734 sed
331 2674 408 2735 illud
427 2690 490 2737 crat
508 2677 540 2735 in
558 2678 729 2758 Philippico
748 2676 830 2735 bello
849 2676 1075 2758 gravissimum,
1094 2676 1177 2754 quod
1188 2675 1245 2751 lei,¹

94 2768 155 2821 'curn
166 2756 443 2833 volebatis„„nocere
461 2783 524 2822 uon
543 2762 704 2843 poteratis:
724 2782 763 2820 ne
781 2781 854 2820 vcro
872 2774 1038 2820 noceretur
1054 2758 1159 2835 vobis,
1177 2759 1234 2818 mi.
1273 2812 1276 2816 .

97 2845 162 2905 nime
176 2845 328 2906 timebatis.
363 2847 428 2921 Qut
444 2847 624 2907 factumest
641 2846 745 2928 igitur,
762 2858 797 2905 ut
813 2867 869 2926 per
886 2844 1012 2905 eandem
1030 2856 1134 2924 pacem
1152 2842 1235 2904 The-

95 2929 175 3005 banis,
198 2931 248 3011 qui
267 2930 350 2991 bello
368 2933 560 3013 usqueadeo
585 2926 748 2991 inferiores
767 2944 870 3003 erant,
898 2926 930 2990 et¹
946 2952 1000 2991 sua
1016 2927 1186 3010 recipiendi
1205 2942 1236 2990 et

93 3012 202 3077 bostium
221 3034 294 3096 opes
313 3017 500 3099 adiungendi
522 3029 655 3097 potestas
675 3018 742 3077 data
760 3016 816 3076 sit:
839 3014 926 3075 vobis
944 3028 1045 3076 autern
1063 3014 1235 3074 Athe-nien-
1274 3008 1276 3013 ’

51 3124 55 3133 ’
94 3100 158 3162 sibus
179 3101 267 3162 etiarn
294 3122 345 3175 ea,
372 3123 448 3181 quae
474 3101 842 3174 bcllov‘delendebantur,
866 3120 939 3181 pace
965 3103 1043 3160 sacta
1067 3088 1236 3180 perierint?
1278 3123 1283 3131 Χ

95 3186 164 3267 Quod
180 3187 302 3247 illorum
320 3188 412 3270 legati
431 3207 504 3268 opes
524 3208 629 3248 eorum
647 3208 711 3247 non
728 3185 912 3258 vendebant,
928 3199 1042 3249 vestras
1059 3184 1116 3245 isti·
1128 3183 1235 3245 vendi-

92 3271 185 3334 derunt.
201 3270 245 3332 At
263 3272 355 3346 dicet,
373 3267 506 3346 heicule,
525 3272 625 3332 socios
644 3273 737 3332 luisse
756 3271 837 3333 bello
858 3271 1046 3355 defatigatos.
1063 3270 1140 3331 Nam
1159 3270 1235 3330 haec
1288 3301 1293 3310 ·

55 3364 60 3439 j
90 3354 216 3419 itesuisse
235 3371 312 3432 acta,
331 3380 366 3417 en
384 3359 420 3416 iis
440 3359 540 3432 etiarn,
559 3380 636 3437 quac
655 3356 841 3438 sequuntur,
858 3359 953 3439 magis
972 3356 1157 3438 intelligetis.
1192 3357 1235 3414 Ut

91 3442 152 3502 enin
167 3465 222 3524 pax
240 3443 313 3517 ista,
332 3443 511 3503 Philocratis
537 3444 613 3504 lacta
632 3443 830 3516 anctoritate,
856 3442 992 3502 conlecta
1009 3442 1084 3515 luit,
1109 3440 1234 3502 cuiiste

87 3528 247 3611 suffragatus
267 3541 330 3603 est,
361 3541 392 3587 et
408 3528 541 3609 Phihppi
566 3529 659 3610 legati
684 3528 884 3589 discesserant
908 3541 1012 3588 exacto
1037 3526 1234 3586 iureiurando

82 3610 119 3696 (ct
133 3613 275 3674 haetenus
295 3613 424 3699 quidem·
435 3613 512 3674 nihil
531 3627 595 3673 erat
611 3629 712 3675 actum
739 3614 886 3685 atrocius,
911 3614 963 3672 sed
982 3611 1078 3693 turpis
1097 3632 1153 3693 pax
1171 3621 1238 3670 erat

80 3711 105 3759 ct
117 3699 211 3760 aliena
229 3721 246 3759 a
262 3698 409 3781 dignitate
427 3698 628 3779 reipublicae:
647 3701 715 3763 loeo
734 3712 834 3759 autern
853 3697 1012 3758 dedecoris
1030 3698 1120 3757 huius
1138 3692 1234 3756 admi-

75 3785 229 3865 randailla
246 3784 327 3844 bona
352 3784 525 3866 percepturi
552 3784 711 3868 eramus)':·
727 3783 916 3866 postulabam
935 3805 993 3866 ego
1020 3776 1054 3842 et'
1067 3781 1134 3841 istis
1151 3780 1236 3840 dice-'

74 3869 151 3943 bam,
173 3884 211 3931 ut
227 3869 326 3951 primo
347 3889 470 3950 quoque
488 3883 625 3950 tempore
643 3870 676 3930 in
693 3870 929 3950 Hellespontum
946 3868 1139 3951 nauigarent,
1157 3885 1233 3924 neve

49 3975 57 4037 j
71 3954 229 4038 quicquam
247 3955 449 4038 negligerent,
468 3967 521 4016 aut
533 3955 708 4037 Philippum
727 3976 875 4036 occupare
893 3954 1054 4035 quicquam
1071 3949 1237 4029 interiecto

68 4055 206 4125 ternpore¹
223 4045 400 4122 paterentur
417 4062 452 4101 ex
470 4039 546 4102 locis
564 4040 647 4101 illius
663 4033 807 4124 regionis.
826 4038 1022 4120 Conpertum
1037 4036 1122 4109 enirn
1140 4035 1233 4097 habe·
1258 4048 1263 4063 ·

29 4128 33 4132 ”
67 4127 152 4200 bani,
174 4146 375 4207 quaecunque
393 4126 474 4187 bello
493 4125 525 4186 in
543 4146 647 4207 pacem
665 4146 816 4187 converso
832 4125 968 4207 proiecta
983 4121 1115 4194 fuerim,
1134 4142 1167 4180 ea
1186 4121 1235 4192 iis,

67 4211 121 4293 qui
137 4210 339 4295 neglexerint,
356 4210 491 4292 periisse
525 4212 623 4271 Nemo
643 4211 724 4289 eninr
742 4233 886 4292 unquam,
905 4208 959 4269 cui·
971 4216 1149 4289 persuasum
1166 4206 1234 4278 luit,

67 4299 105 4358 de
123 4297 219 4358 totins
238 4295 360 4378 imperii
376 4293 458 4356 statu
472 4317 580 4379 pacern
597 4296 685 4371 inire,
703 4294 759 4379 pro
773 4296 820 4368 iis,
837 4313 914 4374 quae
932 4292 969 4353 ab
987 4290 1076 4353 initio
1096 4291 1234 4374 neglecta

67 4368 203 4457 fuerunt,
220 4380 336 4442 bellurn
354 4400 459 4465 gerere
476 4381 590 4443 veluit:
608 4382 661 4442 sed
679 4402 715 4443 ea
731 4377 1168 4460 maeatii1qui'oceuparnnt
1185 4375 1235 4436 Ad
