2722 4754
326 166 846 292 fonrnrtmacaic
1040 197 1044 201 ’
1194 222 1232 277 aa

98 371 263 463 sperantibus,
294 371 400 434 eadem
423 369 486 428 fere
512 388 589 448 quae
611 388 702 429 -nunc
719 366 890 450 agentibus,
910 366 1096 429 'universum
1111 382 1231 454 tempus
1254 368 1291 425 ἰ

98 464 185 528 abiisse.
221 454 262 513 Et
279 455 521 539 adequocordes
539 453 628 527 estis,
657 451 883 526 Athenienses,
914 465 959 524 ut,
983 458 1039 534 pe'r
1055 476 1129 534 quas
1143 477 1165 517 ,ε
1184 477 1231 516 se.
1312 513 1315 517 ,

100 544 176 612 condis
192 540 332 600 adversae
358 531 406 598 res
432 539 527 598 factae
552 551 624 597 suut
648 537 794 611 civitatis,
814 559 886 619 ‘per
908 537 974 597 illas
999 539 1079 620 ipsas
1104 544 1231 622 speretis
1256 587 1267 607 0

101 631 209 697 actiones,
226 644 275 684 eas
296 646 334 684 ex
349 624 480 684 adversis
498 624 564 684 fore
583 623 750 682 secundas?
767 621 810 683 At
828 622 909 683 istud
929 636 960 682 et
977 623 1157 686 incredibile
1176 640 1232 701 est,

104 732 212 792 ,septum
230 721 359 769 naturae
377 708 568 769 oontrarium.
604 707 719 767 ‘Multo
745 708 824 766 enim
844 706 979 781 facilius,
1016 732 1092 789 quac
1111 712 1232 787 habeas,

106 796 188 865 delendi
204 794 306 855 solent
325 794 436 867 omnia,
466 816 553 872 quam
573 792 678 872 parari.
722 792 821 863 Nunc,
848 789 1085 873 possessionum
1094 811 1231 873 veterum

60 948 62 952 ³
107 883 158 969 quod
170 893 314 951 tueamur,
332 879 409 938 nihil
427 899 443 938 a
461 877 543 938 bello
563 891 609 938 est
625 877 788 956 reliquum,
813 879 867 936 sed
886 877 923 937 de
934 868 1062 960 integro
1082 884 1232 961 parandae
1281 908 1285 916 ¹

101 980 153 1032 mat
188 967 329 1025 Vestrum
347 963 442 1046 igitur
455 965 594 1044 ipsorum
613 963 644 1023 id
662 963 720 1022 iam
741 962 876 1021 officium
896 975 948 1022 est
985 964 1087 1038 Quare
1106 968 1232 1042 suadeo,

40 1059 46 1067 '
99 1069 123 1116 ut
139 1049 280 1133 pecuniam
300 1048 474 1121 conferatis,
514 1049 572 1129 ipsi
590 1048 727 1108 militetis
746 1047 895 1120 alacriter,
930 1049 1084 1110 neminem
1104 1052 1232 1132 culpetis

97 1152 146 1199 ante
160 1147 362 1215 recuperatum
380 1134 549 1215 imperium.
593 1135 681 1207 Tum,
701 1155 736 1192 ex
754 1133 827 1214 ipsis
846 1133 932 1192 factis
950 1132 1030 1193 facto
1049 1136 1175 1210 iudicio,
1203 1150 1254 1198 etx
1326 1166 1335 1178 ·

94 1223 160 1283 laude
176 1220 278 1301 dignos
297 1219 486 1292 honoribus,
516 1233 547 1279 et
564 1220 716 1279 maleficos
735 1218 843 1300 poenis
862 1217 988 1280 afficite:
1024 1222 1232 1283 excusationes

94 1309 148 1367 item
163 1304 263 1376 tollite,
290 1305 552 1385 cessationemque
570 1319 707 1366 vestram.
751 1305 859 1382 Neque
879 1304 959 1363 enim
977 1303 1021 1363 fas
1041 1320 1087 1366 est
1105 1308 1137 1366 in
1156 1307 1231 1367 alio'-
1252 1302 1255 1307 ’
1323 1368 1325 1372 ,

92 1413 144 1451 rum
162 1389 230 1448 facta
257 1388 364 1458 acerbe
392 1390 576 1470 inquirere,
592 1390 651 1451 nisi
674 1390 713 1461 iu,
732 1388 836 1469 primis
860 1388 928 1468 ipsi*
946 1390 1079 1450 officium
1108 1391 1231 1452 faciatis.
1331 1437 1333 1440 ι

91 1476 155 1550 Quid
170 1473 265 1533 enim?
300 1495 356 1533 cur
373 1477 496 1554 putatis,
518 1476 733 1547 Athenienses,
747 1475 851 1533 'duces
871 1469 987 1549 omues,
1007 1497 1083 1554 quos
1102 1476 1232 1552 mittitis,

89 1561 134 1618 loc
147 1557 268 1640 fugitare
287 1559 413 1631 bellum,
441 1574 470 1619 et
488 1559 626 1640 priuatim
646 1559 785 1619 invenire
803 1558 901 1618 bella?
945 1560 988 1630 Si,
1008 1561 1090 1640 qnod
1107 1581 1156 1620 res
1176 1574 1232 1635 est,
1252 1617 1264 1643 Ι.

87 1645 157 1703 etiam
173 1644 208 1701 de
228 1642 355 1704 ducibus
376 1658 422 1704 est
441 1645 622 1705 dicendumz·
651 1646 733 1724 quod
752 1644 962 1724 hicpraemia,
980 1645 1018 1704 de
1036 1644 1146 1725 quibus
1158 1646 1231 1705 tel·
1251 1646 1253 1650 ’

83 1731 131 1788 lum
148 1729 269 1809 geritur,
286 1742 385 1789 vestra
404 1743 488 1790 sunt:
506 1729 699 1811 Amphipolis
719 1729 751 1793 si,
763 1733 848 1810 capta
865 1728 968 1803 fuerit,
987 1751 1040 1789 vos
1061 1751 1125 1790 eam
1144 1751 1161 1788 e
1179 1751 1231 1790 ve-

81 1813 156 1894 stigio
173 1813 340 1891 recipietis:
376 1815 510 1895 pericula
529 1830 630 1875 autem
649 1828 720 1875 sunt
738 1815 955 1894 imperatorum
973 1815 1098 1894 privata,
1116 1836 1231 1876 merces

80 1898 161 1956 nulla:
195 1897 275 1968 illic,
302 1912 338 1958 ut
354 1898 487 1980 pericula
506 1901 641 1971 minora,
671 1900 713 1959 sic
733 1899 936 1958 emolumenta
956 1901 1067 1959 ducum
1086 1913 1233 1971 sunt,.et

77 1982 207 2042 militnm:
243 1974 431 2062 Lampsacus,
461 1984 596 2066 Sigeum,
630 1983 748 2065 navigia
768 1984 1037 2066 quaespoliarent
1087 1985 1121 2043 ld
1138 1984 1233 2064 igitur
1306 2026 1308 2037 .

74 2067 177 2146 quique
194 2080 382 2147 sequuntur,
410 2070 492 2148 quod
512 2089 528 2128 e
545 2089 579 2128 re
598 2089 650 2128 sua
670 2081 724 2127 est.
767 2071 831 2126 Vas
850 2081 961 2141 autem,
979 2091 1047 2128 cum
1066 2069 1104 2128 in'
1116 2087 1165 2127 res
1183 2069 1231 2128 in-

71 2152 189 2211 tuemini
206 2163 313 2232 parum
331 2173 507 2233 prosperas,
531 2155 707 2234 praefectos
719 2151 882 2212 arcessitis:
907 2153 961 2212 ubi
979 2175 1063 2226 vero,
1087 2154 1164 2213 facta
1183 2154 1229 2213 di-

71 2236 152 2295 cendi
172 2249 335 2316 potestate,
360 2226 555 2298 necessitates
574 2237 741 2310 audivistis,
769 2257 821 2296 eos
839 2237 1003 2298 absolvitis.
1046 2238 1143 2300 Nobis
1171 2239 1228 2320 igi.
1252 2239 1309 2309 18,

66 2334 117 2380 tur
131 2321 161 2379 id
175 2334 225 2387 ‚est
241 2322 413 2400 reliquum,
444 2335 478 2381 ut
496 2322 577 2383 inter
594 2334 651 2384 nos
676 2322 830 2404 litigemus
856 2335 888 2381 et
914 2323 1130 2396 dissideamus,
1163 2323 1229 2404 aliis
1272 2362 1277 2367 -

66 2404 144 2464 aliud
162 2406 375 2491 sentientibus,
394 2407 575 2486 Respublica
592 2427 665 2466 vero
684 2406 761 2465 male
780 2406 896 2466 habeat
923 2407 1004 2467 Olim
1024 2409 1115 2482 enim,
1132 2407 1230 2469 Athe·
1323 2469 1329 2481 ,

63 2489 195 2562 nienses,
226 2512 281 2570 per
299 2491 407 2550 classes
427 2490 539 2552 tributa
559 2490 775 2551 conferebatis:
808 2512 890 2551 nunc
908 2512 964 2571 per
981 2492 1089 2551 classes
1107 2499 1230 2575 rempu-

63 2574 171 2634 blicam
187 2575 309 2657 geritis:
333 2575 445 2637 Orator
460 2590 662 2656 utrorumque
682 2577 744 2636 dux
760 2589 815 2646 est,
834 2588 865 2635 et
882 2576 1047 2656 imperator
1064 2578 1109 2636 illi
1128 2579 1232 2646 cubica

62 2673 140 2732 ctus,
166 2673 196 2720 et
213 2660 362 2735 ueremi,-
376 2653 429 2740 qui
448 2663 667 2744 suffragentur:
688 2659 964 2742 'reliquiattributi
983 2663 1065 2736 estis,
1088 2663 1140 2722 alii
1156 2665 1230 2725 aliis.

60 2745 126 2803 Ista
143 2746 236 2827 igitur
251 2767 333 2805 nunc
351 2747 456 2806 saltem
475 2748 665 2826 relinquetis,
698 2747 783 2805 etad
801 2745 1003 2825 vosmetipsos
1021 2747 1170 2819 redibitis,
1191 2761 1231 2809 et
1309 2755 1315 2764 '

59 2842 130 2887 tum
152 2830 279 2903 dicendi,
305 2845 371 2890 tunt
391 2832 593 2903 consultandi,
621 2844 685 2891 tum
704 2829 814 2913 agendi
832 2851 941 2888 munus
961 2828 1231 2892 commune-facie-
1319 2842 1320 2847 ’

58 2913 108 2972 tis.
154 2914 208 2973 Sin
226 2928 360 2975 vestrum
379 2917 540 2996 aliquibus,
563 2930 707 2996 tanquam
723 2935 820 2997 regno
838 2914 1023 2994 possideant,
1042 2914 1175 3000 »iubendi
1193 2917 1231 2976 li-

60 2998 193 3074 centiam
211 3001 405 3081 permittetis:
438 3003 507 3078 ¹aliis
524 3002 771 3078 instruendarum
788 2998 969 3072 triremium,
999 2996 1107 3059 tributi
1126 3001 1231 3062 confe-
1275 3043 1279 3059 c

59 3084 161 3157 rendi,
179 3085 330 3145 militandi
347 3087 559 3146 necessitatem
577 3084 757 3166 imponetis:
788 3085 853 3143 aliis
872 3084 903 3142 id
921 3084 1040 3166 negotii
1058 3079 1179 3157 dabitis,
1196 3100 1233 3148 ut
1260 3145 1263 3149 .

61 3181 168 3227 contm
187 3169 243 3229 hos
271 3171 392 3231 decreta
419 3172 562 3232 duntaxat
581 3171 705 3244 faciant,
740 3171 857 3247 aliaque
882 3188 916 3226 re
934 3170 1016 3228 nulla
1035 3172 1158 3249 operam
1176 3191 1230 3229 na-

60 3265 147 3313 vent:
171 3254 258 3328 nihil,
279 3249 362 3334 quod
379 3279 452 3315 usus
471 3257 614 3337 postulat,
631 3263 765 3335 unquam
784 3252 961 3334 tempestive
979 3267 1109 3336 geretur,
1145 3254 1231 3314 Sem·
1260 3282 1262 3290 ⁴

59 3357 118 3417 per
136 3338 216 3398 enim
236 3361 270 3398 ea
285 3363 365 3420 pars,
383 3362 460 3420 quae
478 3341 585 3401 affecta
603 3341 696 3400 fuerit
713 3339 834 3412 iniuria,
852 3336 988 3399 cessabit
1023 3339 1158 3411 Tandem
1177 3359 1232 3400 vo.¹
1325 3387 1336 3401 .

61 3421 108 3481 his
127 3417 158 3482 id
176 3424 386 3504 relinquetur,
420 3439 456 3486 ut
482 3447 534 3487 eos
552 3445 607 3507 pro
627 3423 766 3484 hostibus
785 3424 924 3504 puniatis.
976 3422 1181 3498 Quamobrem
1196 3425 1233 3498 in
1312 3463 1317 3477 c

62 3528 178 3567 summa
196 3509 302 3581 iubeo,
329 3525 364 3571 ut
382 3531 498 3585 omnes,
523 3533 579 3593 pro
599 3510 664 3570 suis
680 3509 809 3589 quisque
827 3507 1030 3580 facultatibus,
1060 3508 1233 3584 conferatis,-

61 3603 97 3649 ut
117 3601 221 3653 omnes
242 3596 356 3656 exeatis
374 3597 537 3677 pervices,
556 3598 654 3677 donec
673 3614 778 3654 omnes
796 3593 1011 3654 militaveritis:
1037 3606 1073 3652 ut
1091 3595 1233 3655 omnibus
1316 3646 1318 3650 ,

59 3675 109 3748 iis,
135 3678 376 3759 quiprodeunt,
403 3681 525 3741 dicendi
548 3693 729 3762 potestatem
749 3678 838 3752 detis,
865 3692 896 3739 et
922 3700 957 3738 cx
983 3675 1099 3742 auditis=
1120 3679 1234 3758 optima
1278 3733 1282 3738 .

58 3763 299 3842 implectamini,
334 3787 398 3825 nou
424 3787 457 3824 ea
481 3786 557 3845 quae
576 3766 626 3825 hic
643 3765 691 3847 vel
710 3765 762 3836 ille
781 3763 897 3838 dixerit.
941 3763 1073 3849 Quaegsi
1090 3762 1235 3846 feceritis,

58 3864 140 3906 non·
149 3861 308 3909 oratorem
335 3851 479 3929 duntaxat
501 3852 533 3910 in
558 3849 735 3931 praesentia·
752 3848 927 3908 laudabitis:
960 3850 1014 3908 sed
1032 3848 1234 3927 vosmetipsos
1259 3866 1260 3873 ’

56 3931 150 3992 etiam
169 3947 253 4014 post,
279 3947 478 3995 statutorum
497 3934 777 4010 uestrarum—multo
795 3931 1005 3993 florentiore>
1064 3938 1078 3983 'r
1119 3962 1123 3969 ·
1224 3943 1233 3949 “
