2746 4748
1045 30 1053 57 t

44 174 63 228 ἰ
150 186 215 243 378
424 132 1034 252 2-nE·MostrttEN1s0uA'rllt

150 333 183 393 in
202 325 264 413 qno
281 320 472 394 reeteileci'ti
488 319 541 393 sed
552 322 618 415 ego
637 332 766 393 maiores
784 345 900 395 vestros
919 328 1115 393 etvir'tutem
1132 329 1256 405 illomm
1271 331 1308 390 ir.

149 439 238 493 voco,
257 420 388 498 quorum
406 418 582 478 memoriam
601 418 684 478 nulla
698 417 971 500 aevilonginquitas
990 415 1187 479 obliteravit:
1204 437 1258 475 nec
1270 415 1308 476 in-

150 494 235 564 iuiia.
262 503 333 563 Non
353 503 434 563 enim
452 503 493 563 ita
509 501 725 584 rempublicam
744 504 901 586 gerebant,
918 517 954 562 ut
970 501 1212 582 improbissimis
1229 514 1258 562 ct
1272 523 1308 562 ca-

150 588 384 649 lumniatoribus
401 609 434 648 se
451 588 605 649 adiutores
623 588 821 670 praeberent,
845 608 945 668 neque
963 586 1041 647 intra
1058 588 1224 668 pomoeria
1239 586 1309 646 urbis

150 686 256 733 mutua
274 695 314 735 se·
325 674 438 734 invidia
461 672 679 740 conficiebant:
704 673 760 733 sed
776 685 812 733 ut
829 685 894 732 turn
915 685 1076 746 oratores,
1097 685 1167 733 tom
1186 672 1309 732 homines

150 757 288 839 plebeios
313 759 467 819 modestos
487 771 518 818 et
535 757 868 831 honos·honorabant,
892 757 938 826 ita¹
955 758 1173 839 improboset
1198 758 1309 818 audacer

52 871 55 875 ·
152 844 281 905 oderant
299 856 330 903 et
347 843 530 924 puniebantc
547 841 630 915 unde
649 858 754 904 omnes
772 843 868 903 veluti
885 843 1004 925 pugiles
1022 843 1231 904 honestorum
1248 863 1308 923 upe-
1330 880 1333 889 ι

150 951 222 988 rum
237 929 425 990 exstiterunt
442 930 545 989 Unum
563 927 652 989 etiam
670 928 725 988 ubi
742 929 857 1002 dixero,
876 929 1019 988 desinam.
1034 927 1173 1010 Exibitis
1190 924 1309 988 statin'c

143 1012 251 1083 curm:
274 1014 422 1094 §pectahit
438 1035 492 1073 vos
512 1035 624 1074 corona
642 1027 673 1074 et
690 1013 846 1095 hospitum
869 1026 900 1073 et
917 1013 1042 1073 civium:
1060 1025 1102 1073 ‚ct
1120 1012 1308 1076 cumviritin

149 1097 286 1180 singulos
304 1111 531 1180 praetereuntes
549 1098 760 1173 intuebuntur,
778 1120 815 1159 ex
828 1097 915 1158 vultu
931 1092 1108 1171 coniicient,¹
1128 1099 1254 1179 quinam
1267 1098 1309 1157 ab
1338 1114 1342 1127 ⁴

149 1180 304 1244 solverint
319 1263 321 1267 7
336 1185 419 1259 Quid
437 1184 533 1265 igitur-
548 1182 666 1259 dicetis,
683 1184 899 1256 Athenienses,
916 1183 944 1243 si
960 1183 1080 1265 legibus
1099 1183 1252 1273 neglectis
1268 1203 1308 1243 ex·
1340 1262 1342 1269 Ι

89 1277 101 1290 ’
150 1267 294 1328 iveritisl·
310 1269 381 1344 Quo
400 1269 502 1344 vultu,
527 1270 708 1350 aut-quibus
735 1269 832 1330 oculis
855 1268 980 1329 illorum
1007 1289 1169 1348 quemque
1191 1267 1307 1328 vicissim
1339 1324 1342 1331 .

70 1370 77 1375 ·
149 1353 340 1433 adspicictis?
368 1356 440 1438 Quo
463 1366 551 1435 pacto
577 1354 759 1415 tabularium
782 1352 1010 1436 ingrediemini,
1034 1352 1168 1433 siquid
1194 1352 1307 1414 voletis?
1330 1360 1342 1431 l

149 1437 258 1517 Neque
284 1439 365 1499 enim
389 1439 528 1519 prolecto
551 1452 685 1502 vestrum
709 1439 868 1520 quisquam
892 1438 1110 1522 ingredietur,
1128 1438 1218 1518 quasi
1240 1439 1306 1519 leges

149 1523 326 1599 ratae‘sint,
341 1525 409 1584 -nisi
425 1547 523 1599 nunc,
550 1526 726 1587 confirmata
750 1525 870 1585 illarum
894 1523 1093 1597 auctoritate,
1119 1523 1305 1585 communiter
1338 1546 1342 1557 ·

50 1623 62 1677 ᾗ
83 1672 91 1688 Ι
151 1629 256 1669 omnes
275 1610 435 1671 exi'veritis
455 1611 527 1685 Quo
544 1624 633 1691 pacto
652 1607 792 1670 Calendis
810 1630 909 1669 arcem
926 1609 1236 1690 ingressusquisquc
1246 1626 1301 1688 prc-

105 1772 107 1777 .
149 1692 268 1755 cabitur
284 1696 368 1769 deos,
385 1709 422 1755 ut
438 1709 469 1756 et
485 1696 669 1777 reipublicae
688 1709 719 1757 et
736 1695 794 1755 sibi
812 1695 873 1755 sint
890 1694 1025 1774 propitii,
1042 1694 1069 1753 si
1087 1693 1152 1754 iste
1171 1690 1295 1761 ihilacrit

149 1779 312 1859 inscriptus
327 1774 455 1860 et-pater
472 1780 537 1842 eius
556 1781 708 1864 egregius,
724 1780 750 1840 si
767 1801 818 1840 vos
838 1792 943 1839 contra
960 1777 1181 1839 iusiurandum
1194 1791 1223 1840 et
1233 1778 1297 1838 sitan

68 1939 73 1943 ἢ
148 1863 192 1924 ibi
219 1866 398 1944 scripturam
421 1866 711 1947 pronuntiaveritis?
744 1864 810 1925 Aut
834 1865 908 1943 quid
933 1863 1056 1938 dicetis,
1070 1859 1300 1941 'Atheniensesl
1340 1896 1342 1905 ·

79 2010 97 2023 ,⁸
148 1948 224 2028 quid
242 1950 359 2020 dicetis,
376 1951 402 2009 si
414 1951 481 2029 quis
497 1973 551 2010 vos
565 1952 692 2033 rogitet,
711 1950 841 2032 cognitis
859 1949 907 2020 iis,
925 1949 978 2028 qui
995 1949 1218 2017 absolverunt?
1233 1945 1300 2023 Quid
1340 1934 1342 2047 l

127 2031 394 2112 ‘respondebitisl
419 2035 542 2095 Placere
560 2036 652 2096 istum
670 2035 778 2095 vobis?
801 2035 842 2093 Et
860 2033 927 2115 quis
946 2034 977 2105 id
995 2029 1097 2094 dicere
1118 2055 1188 2094 non
1203 2030 1300 2100 verebi-
1338 2052 1342 2127 q

31 2133 35 2138 '
108 2172 112 2177 .
147 2118 220 2178 tur?
237 2118 314 2191 Quis
334 2120 460 2198 est,'qui
478 2119 565 2180 istius
584 2119 782 2180 hereditatem
800 2117 1298 2199 improbitatis.cun1·.exsecrationc
1340 2150 1342 2187 ;

75 2226 78 2230 ·
149 2213 187 2261 et·
198 2201 319 2261 infamia
344 2203 528 2269 coniunctae,
542 2205 624 2264 adire
642 2204 733 2278 velit,
759 2226 792 2264 ac
809 2225 873 2267 non
890 2203 993 2284 potius
1012 2203 1077 2283 ipse
1096 2201 1300 2278 illumconde-
1338 2194 1342 2283 ξ

105 2320 132 2371 ·.‘
148 2306 252 2347 muare
269 2286 372 2346 malit?
390 2288 594 2348 Exsecramini
607 2290 706 2373 igitur
723 2310 786 2363 eos,
800 2289 863 2367 qui
879 2288 1081 2354 absolverint:
1101 2303 1136 2350 et
1156 2285 1301 2366 unusquis·
1337 2286 1342 2379 'q'

149 2381 209 2451 que
228 2391 265 2431 eo
283 2372 379 2432 veluti
395 2374 524 2455 pignore
542 2375 674 2456 sanciat,-
691 2396 727 2434 ex
744 2375 798 2434 illo
817 2395 849 2433 se
868 2375 995 2433 numero
1014 2395 1080 2433 non
1097 2375 1244 2435 futurum
1271 2371 1301 2429 Et
1337 2384 1342 2425 t

149 2477 294 2536 quorsum
313 2457 422 2518 attinet
439 2459 521 2517 istud
546 2460 662 2532 facere,
686 2481 754 2519 cum
773 2459 858 2521 bene.
877 2458 993 2538 precari
1017 2458 1110 2518 liceat
1129 2472 1161 2519 et
1179 2456 1318 2518 omnibus*

68 2566 70 2572 ·
114 2565 118 2568 ·
149 2541 364 2602 omnia-fausta
383 2555 414 2602 et
437 2543 535 2604 felicia
563 2559 687 2624 optare,
722 2557 752 2604 et
769 2565 822 2603 vos
840 2534 901 2622 ipsi
922 2543 1009 2603 vobis
1028 2544 1133 2624 ipsis,
1152 2556 1191 2604 et
1209 2540 1300 2603 caeteri

65 2631 125 2686 508
148 2624 352 2687 Athenienses
370 2627 505 2697 universi
518 2629 623 2689 vobis:
642 2630 766 2702 addam,
783 2641 815 2687 et
828 2628 974 2708 hospites,
993 2641 1024 2688 et
1035 2627 1140 2702 liberi,
1158 2642 1189 2689 et
1200 2646 1300 2688 uxorea

148 2712 264 2772 Invasit
277 2713 368 2783 enim,
385 2712 496 2773 invasit
513 2736 618 2775 omnes
637 2715 723 2775 istius
738 2714 852 2773 nefaria
869 2714 1043 2773 curiositas:
1063 2735 1174 2774 omnes
1191 2712 1299 2799 cupiunt

148 2797 235 2858 istius
252 2797 451 2879 improbitate
465 2798 587 2860 liberari
601 2814 637 2860 ct
653 2800 830 2860 mulctatum
849 2820 919 2859 eum
936 2799 1077 2873 videre*¹

409 2974 412 2981 .
509 2954 518 2982 l
576 2964 579 2968 ·

102 3139 106 3145 ·
149 3137 365 3211 cusulo
400 3102 705 3211 uov'uesus
740 3080 1294 3211 uursroorrounu'n

146 3459 398 3569 Aristogitonem
416 3489 529 3549 debere
545 3488 672 3562 aerario,
689 3497 721 3546 et
736 3483 833 3565 capite
850 3484 1044 3558 diminutum,
1060 3497 1094 3544 et
1112 3483 1230 3569 legibus
1242 3479 1305 3540 esse'

111 3593 114 3597 '
146 3573 358 3646 interdictum,
381 3593 420 3633 ne
437 3567 514 3635 tales
532 3574 671 3634 homines
691 3571 851 3653 quicquam
867 3592 923 3651 pro
942 3568 1092 3630 concione
1111 3570 1229 3641 dicant,
1249 3563 1300 3626 eri-

147 3662 256 3730 denter
281 3671 437 3718 ostensum
462 3673 524 3734 est,¹
550 3659 675 3719 ludices.
711 3654 790 3716 Sunt
814 3667 914 3715 autern
939 3654 1064 3715 avohis
1089 3651 1258 3753 repellendi
1277 3661 1302 3709 ct

148 3744 310 3807 coercendi
327 3766 396 3804 cum
415 3764 522 3819 omnes
539 3746 642 3828 legum
659 3741 839 3813 violatores,
863 3754 929 3800 tum
946 3760 1019 3800 vero
1037 3739 1180 3821 inprimis
1197 3738 1236 3810 ii,
1257 3732 1302 3815 qni

147 3832 330 3915 magistratu·
345 3829 517 3912 funguntur
540 3844 572 3891 et
593 3830 626 3889 in
647 3827 802 3908 republica
819 3837 984 3884 versantur.
1015 3825 1076 3884 Per
1093 3825 1154 3884 hos
1178 3823 1257 3884 enim
1279 3830 1304 3879 ct

148 3918 288 3978 maximas
306 3916 478 3996 respublica
494 3916 593 3975 clades
611 3913 737 3993 accipit,
760 3911 785 3970 si
803 3911 880 3969 mali·
891 3911 967 3970 sint:
993 3921 1026 3969 et
1040 3909 1179 3969 vicissim
1196 3909 1304 3968 iuvatur

147 4002 321 4082 plurimum,
339 4003 365 4063 si
383 3999 536 4062 sint-honi
552 4000 611 4060 viri
629 4013 660 4059 et
677 3999 779 4080 legum
797 3995 934 4055 studiosi.
957 3994 1079 4068 Quodsi
1095 3989 1303 4076 rempublicam

146 4088 374 4187 capessentibus
400 4085 494 4148 semel
517 4084 715 4167 penniseritis
733 4081 845 4143 violare
867 4080 951 4161 leges
977 4092 1007 4139 et
1029 4092 1155 4159 recepta
1176 4080 1242 4139 iura
1257 4075 1301 4134 dc·

146 4164 286 4273 oprocre't
299 4193 424 4234 neeesse
442 4171 518 4246 erit,
535 4171 706 4255 universos,
723 4168 775 4249 qui
788 4167 824 4225 -in
844 4165 964 4226 civitate
982 4165 1116 4247 degunt,
1134 4159 1301 4246 improbita-

146 4266 188 4321 ΙΙ
201 4270 314 4333 corum
328 4279 444 4338 poenas¹
461 4255 619 4319 sustinere.
661 4252 802 4316 Utenim
820 4251 1017 4322 delictorum,
1040 4270 1118 4330 quae
1135 4250 1169 4310 in
1186 4246 1303 4309 naribm

308 4354 384 4404 utar
396 4343 478 4417 inter
494 4341 712 4427 navigandum,
735 4337 848 4418 siquis
865 4347 1023 4428 nautarum
1040 4333 1223 4415 deliquerit,
1242 4350 1303 4414 ptr·
1337 4423 1342 4434 ⁴

610 4508 617 4519 Ι
693 4478 697 4507 l
