2722 4754
103 282 107 291 ¹
175 182 1068 275 ιιιιιιιοιιιιιιιιι.
1186 197 1254 294 ἰιι

76 362 166 422 l'ossa
186 373 250 436 est,
275 352 384 455 quain
403 363 530 422 istorum
549 383 654 421 manus
672 353 816 442 pervenit
848 365 912 423 lste
931 374 1049 436 autem,
1068 384 1135 422 cum
1155 362 1255 423 dicere
1307 379 1314 385 ·

76 459 229 528 nequeat,
247 447 336 506 ubi
322 447 482 527 quicquam
499 446 676 519 reddiderit,
695 458 730 505 ut
744 466 801 527 ego
817 448 899 507 dives
915 447 1026 522 videar,
1044 469 1145 529 neque
1162 446 1254 532 ullam

78 555 97 592 a
117 533 209 595 vohis
227 531 494 591 misericordiam
484 544 654 631 impetrem,
671 530 717 590 his
736 531 844 591 verbis
852 533 956 592 utitur.
993 533 1183 614 Quamquam
1202 554 1256 593 au-

79 630 149 682 tem
168 616 263 679 multa
282 616 395 690 habeo,
415 620 493 695 qu‘ae
510 617 542 674 in
546 617 619 676 isto
638 636 792 692 accusem
807 637 872 676 non
891 629 991 677 tamen
1010 621 1139 699 spatium
1158 621 1256 689 datur,

82 727 157 764 curn
175 703 262 764 testis
281 713 387 784 agatur
405 701 578 787 dignitas,
568 702 692 760 rniurias
711 700 786 760 mihi
803 702 894 762 factas
913 704 1184 764 commemorandi:
1194 703 1255 764 sed
1303 708 1307 713 ’

71 785 338 871 ⁴provocationem
358 785 457 846 vobis
442 779 611 868 legam,
600 808 657 865 qua
676 777 776 845 audita
794 787 1014 850 testificationis
1032 790 1192 856 ceritatem
1204 809 1254 849 co

82 873 275 972 gnoscetis,
272 885 390 932 etcum
409 892 551 945 asserere,
573 892 655 930 nunc
673 893 689 931 a
708 892 740 930 se
756 871 892 956 Milyam
901 874 984 953 posci
1002 887 1128 954 propter
1146 875 1258 946 omnia,

52 955 66 966 “
83 983 158 1020 cum
178 979 247 1018 eum
264 956 355 1017 initio
381 968 508 1036 propter
524 955 657 1038 triginta
667 956 761 1015 miilas
788 958 932 1018 duntaxat
948 958 1140 1040 poposcerit
1165 972 1256 1037 atque
1299 985 1302 988 ·

84 1045 166 1104 illud
187 1043 293 1116 ctiam,
313 1063 382 1102 eum
402 1041 461 1098 hoc
479 1040 656 1122 testimonio
675 1041 755 1100 nihil
769 1041 856 1102 laedi
899 1044 976 1126 Ego,
990 1057 1030 1104 ut
1048 1043 1139 1103 istum
1158 1044 1257 1102 omni

84 1129 147 1189 bu's
166 1128 265 1188 modis
285 1124 497 1186 convincerem
515 1139 545 1186 ιι
564 1126 697 1185 dolos
670 1147 735 1186 erus
754 1139 785 1186 et
798 1128 976 1188 calliditates
994 1128 1081 1190 tobis
1099 1127 1258 1208 aperirem,

84 1212 317 1295 percontabar
309 1233 394 1282 eum,
419 1222 550 1289 quantus
570 1223 649 1270 esset
673 1210 819 1291 pecuniae
837 1234 1000 1295 numerus,
1024 1224 1150 1294 propter
1167 1234 1257 1293 quam

86 1298 220 1397 Milyam
231 1309 268 1356 ut
286 1295 440 1356 conscium
461 1295 655 1374 postularet?
698 1299 725 1355 Is
743 1316 815 1355 vcro
834 1316 914 1381 per
917 1299 1107 1384 mendacium
1133 1309 1258 1380 propter

88 1385 193 1443 omnia
210 1376 319 1460 inquit
336 1382 382 1440 De
401 1379 487 1438 Ιιοι
468 1380 581 1461 igitur,
599 1381 722 1458 inquam
743 1400 810 1462 ego,
827 1383 951 1443 tradam
961 1383 1017 1441 tibi
1037 1376 1116 1455 eum,
1135 1382 1188 1462 q‘ui
1207 1403 1266 1441 ex·—

89 1468 190 1549 empla
208 1466 309 1539 habet,
329 1466 582 1544 quemadmodum
600 1475 635 1522 tu·
652 1486 701 1524 me
718 1467 900 1546 provocaris
918 1467 984 1526 Etsi
1002 1481 1103 1527 autem
1121 1481 1191 1528 ante
1207 1466 1256 1532 iu·
1293 1533 1297 1543 Ι

86 1552 268 1612 reiurando
267 1571 331 1631 ego
347 1551 511 1621 affirmavi,
533 1561 563 1608 te
583 1561 613 1608 et
632 1549 669 1608 de
690 1549 830 1610 libertate
848 1551 980 1615 hominis
992 1573 1064 1612 esse
1083 1553 1257 1613 confessum

86 1638 170 1698 etin
188 1639 358 1696 Demonem
378 1635 490 1693 dixisse
506 1633 729 1694 testimonium.
753 1647 868 1710 tamen,
888 1637 913 1696 si
931 1637 963 1696 in
981 1637 1060 1697 filiae
1078 1651 1148 1699 tuae
1168 1650 1258 1719 caput

84 1721 251 1795 iuraveris,
271 1720 419 1779 contraria
438 1719 546 1779 horum
567 1739 633 1778 esse
658 1739 747 1792 vcra,
773 1721 898 1781 remitto
916 1722 973 1782 tibi
993 1744 1025 1784 ea
1046 1725 1165 1798 omnia,
1184 1742 1257 1804 pro·
1288 1742 1309 1788 Α

66 1815 69 1820 “
86 1819 161 1889 pter
174 1821 264 1887 quae
262 1817 301 1864 te
321 1803 530 1884 quaestionem
555 1805 685 1885 primum
703 1805 873 1884 postulasse
892 1807 1111 1894 constabit,
1086 1824 1121 1868 ιι
1129 1827 1207 1889 puer
1224 1807 1276 1877 in,

88 1902 241 1972 ιοιιιιιιιιι
260 1891 359 1963 detur,
379 1900 410 1947 ct
427 1900 545 1948 tantum
558 1889 620 1948 tibi
639 1889 676 1947 dc
696 1909 801 1948 eorum
820 1881 1039 1965 aestimatione,
1059 1914 1189 1973 quorum
1204 1880 1256 1952 ‹la-

85 1965 215 2036 mnatns
229 1995 270 2048 es,
289 1966 434 2046 detraho,
447 1982 592 2054 quantum
610 1974 642 2032 id
662 1985 716 2045 est,
735 1973 774 2032 bb
795 1977 886 2054 quod
890 1976 1014 2060 Milyam
1033 1977 1204 2056 postulasti,
1222 1989 1258 2036 ut
1317 2042 1319 2048 ¹
1339 1984 1341 1988 '

84 2061 155 2120 tibi
165 2066 257 2120 testes
275 2059 374 2119 fraudi
393 2077 432 2116 ne
450 2057 517 2119 sint
553 2060 635 2119 Haec
654 2077 730 2116 cum
741 2080 770 2118 ιι
761 2059 997 2140 praesentibus
1016 2061 1118 2120 multis
1138 2062 1275 2121 denun-
1332 2093 1334 2105 =

82 2145 239 2206 tiassem:
238 2143 403 2215 facturum
423 2161 455 2202 se
474 2144 602 2226 negavit.
636 2137 742 2200 (lum
733 2163 797 2222 ipsc
824 2145 918 2226 igitur
935 2143 1022 2204 Ιιοι
1012 2167 1059 2204 rus
1076 2145 1137 2205 sibi
1155 2145 1255 2205 dicere

81 2218 249 2290 recusarit:
268 2227 321 2308 qui
338 2229 497 2309 convenit,
515 2241 550 2289 ut
567 2249 621 2288 vos
639 2226 730 2293 iurati
748 2226 813 2286 ab
804 2241 863 2288 isto
882 2228 1091 2304 adducamini,
1109 2240 1144 2289 ut
1160 2241 1255 2290 testes

68 2314 316 2394 condemnetis,
344 2327 374 2374 et
392 2327 465 2374 ιιοιι
475 2333 543 2388 eum
561 2312 664 2393 potius
689 2310 825 2372 omnium
849 2313 1010 2378 hominum
1026 2313 1255 2395 impudentissi-

81 2422 171 2475 mum
191 2391 388 2476 existimetis?
430 2397 478 2459 Ac
496 2406 546 2459 ιιιι
562 2417 632 2459 vera
656 2396 745 2477 loq'ui
761 2397 821 2458 uti
827 2410 973 2474 constet,
989 2418 1064 2484 roca
1082 2398 1188 2495 harum
1204 2419 1254 2489 re-

81 2508 156 2577 runa
173 2496 275 2546 testes.
359 2502 366 2510 ¹

565 2636 966 2681 assent-..1
1282 2623 1325 2680 32

173 2739 282 2818 Neque
300 2758 384 2813 vero,
403 2759 471 2798 cum
484 2758 548 2823 ego
567 2739 641 2799 haec
658 2751 778 2820 promte
798 2717 974 2816 offerrem,
974 2750 1067 2798 testes
1086 2738 1173 2798 aliter
1191 2737 1267 2797 ani

23 2850 27 2856 ·
86 2822 163 2883 mati
180 2836 282 2883 erant:
307 2820 371 2883 sed
379 2823 474 2896 ethi,
499 2824 635 2884 adductis
654 2824 774 2897 liberis,
793 2806 991 2895 confirmare,
1011 2844 1087 2902 quae
1106 2820 1255 2895 dixerant,
1273 2842 1279 2848 ·

84 2908 243 2968 iurando'
235 2931 267 2966 ιιι
285 2907 408 2967 illorum
421 2909 523 2988 capita
547 2909 719 2969 voluerunt.
761 2907 830 2967 At
822 2921 879 2969 rste
897 2929 954 2968 nec
972 2901 1048 2982 his,
1066 2927 1167 2987 neque
1185 2906 1256 2979 illis,
1319 2900 1321 2904 Α

84 3012 189 3072 neque
208 2992 284 3052 mihi
303 2993 420 3052 deferre
438 2993 647 3053 iusiurandum
665 2992 779 3054 voluit:
797 2995 851 3053 sed
869 3015 984 3053 summa
1001 3014 1104 3053 rerum
1121 2993 1155 3052 in
1173 2991 1255 3051 calli

85 3077 127 3138 de
141 3078 281 3137 confictis
299 3077 397 3136 verbis
415 3090 445 3137 ct
458 3078 586 3138 testibus
602 3099 665 3137 non
677 3099 747 3138 vera
760 3078 867 3138 testari
885 3078 943 3138 soli
958 3099 982 3137 ιι
997 3079 1153 3152 collocata,
1171 3097 1255 3158 spem

71 3163 248 3243 concepit,
274 3183 306 3221 se
324 3161 411 3222 vobis
428 3162 515 3222 facilc
541 3141 704 3224 daturum
699 3183 765 3223 esse
784 3163 881 3224 verba.
915 3079 1065 3245 alpe·
1025 3164 1120 3247 igitur
1136 3183 1170 3243 ac
1188 3162 1255 3245 lege

86 3247 132 3309 eis
150 3247 211 3315 hoc
229 3266 354 3328 quoque
373 3247 590 3311 testimonium
708 3261 710 3264 ·

462 3399 874 3444 ιιιιιΜοιιιΜ
1000 3374 1005 3381 ’

176 3504 246 3577 Qua
263 3502 382 3563 ratione
401 3502 562 3591 quisquam
586 3503 719 3582 apertius
746 3503 903 3575 ostendat,
933 3512 963 3560 et
981 3500 1070 3559 nobis
1088 3499 1156 3560 ficri
1175 3498 1255 3557 calu-

10 3582 16 3600 '
87 3587 202 3647 naniam
222 3599 252 3646 et
270 3588 362 3649 istum
380 3601 444 3647 tum
464 3608 536 3646 vero
554 3588 748 3661 testimonio,
766 3599 830 3646 tum
849 3587 931 3645 iusto
950 3585 1080 3646 iudicio
1084 3583 1257 3654 ιιιιιιίιιιιιιι

37 3672 40 3676 ⁴
87 3687 120 3734 et
139 3673 331 3772 damnatum,
350 3693 439 3751 quam
458 3694 483 3730 ιι
475 3671 560 3731 hoc
579 3673 671 3732 modo
687 3672 849 3746 ostendat,
876 3693 946 3731 eum
964 3670 1099 3730 noluisse
1117 3688 1257 3750 puerum,-

87 3754 249 3818 testimoni
267 3758 463 3838 scriptorem,
486 3756 635 3815 subircere
654 3757 842 3857 quaestioni,
860 3769 895 3816 ut
913 3767 1112 3839 cognosceret
1130 3753 1258 3839 deipsis

15 3900 17 3911 ,
53 3896 60 3907 ι
86 3842 374 3914 testificationibus,
399 3841 553 3916 Aesium,
566 3841 734 3901 fratrem
706 3863 789 3916 erus,
815 3862 848 3900 ea
866 3840 1060 3901 testificatum
1078 3859 1163 3910 esse,
1182 3858 1258 3924 quae

89 3929 165 3988 dicit
184 3949 251 3988 csse
268 3927 366 3986 falsaz·
384 3926 477 3985 istum
504 3927 602 4008 ipsum
631 3929 735 3987 eadem
759 3928 952 4000 testificatum
970 3924 1062 3998 mihi,
1087 3944 1182 4004 quae·
1180 3919 1258 3983 alios

24 4049 27 4052 >
67 4023 183 4074 ltestes
202 4013 235 4072 in
248 4014 432 4083 Demonem,
450 4031 538 4071 suum
557 4012 737 4072 avunculum
757 4025 788 4073 et
806 4023 1015 4072 contutorem:
1033 4007 1169 4069 noluisse
1188 4029 1259 4068 cum

88 4099 214 4159 ancillas
233 4097 271 4157 de
290 4117 345 4171 eo,
370 4117 407 4155 an
425 4095 517 4156 homo
544 4096 623 4158 liber
647 4111 742 4173 esset,
765 4110 926 4183 torquere:
950 4078 1076 4155 matrem
1100 4095 1192 4171 fidem
1210 4091 1257 4154 his

78 4185 127 4244 'dc
146 4183 240 4244 rebus
259 4185 365 4242 nostro
383 4181 520 4262 periculo
535 4183 653 4243 firmare
672 4179 821 4244 voluisse:
839 4183 930 4243 istum
947 4181 1138 4260 reliquorum
1153 4198 1257 4241 servo-

89 4291 159 4328 rum
178 4267 296 4329 nullum
308 4267 473 4328 admittere
488 4266 634 4368 voluisse,
653 4269 709 4351 qui
721 4269 822 4330 omnia
836 4266 943 4352 melius
962 4265 1076 4327 scirent
1094 4286 1184 4347 quam
1199 4264 1258 4324 Mi-

89 4355 173 4437 lyas:
191 4353 270 4434 nulli
286 4351 427 4426 testium,
446 4353 498 4432 qui
518 4365 584 4413 eum
575 4352 715 4414 ΙιιῚιιιι
733 4341 901 4435 pecuniam
911 4362 1110 4425 asseruerant,
1128 4347 1197 4411 salsi
1213 4361 1281 4408 te·
