2722 4754
16 232 23 244 .
101 193 195 257 ‘su
442 189 1032 278 uuuos'rnuursonnrro

154 349 316 420 babemus,
342 346 413 408 dum
439 331 680 426 opportunitates
707 346 866 426 plurimas,
886 348 964 422 dum
989 340 1249 412 existimationem
1267 341 1322 418 ho,

156 431 372 495 nestissimam:
391 429 464 509 quid
478 451 609 511 agamus,
625 431 801 513 iamdudum
815 431 925 514 aliquis
943 432 976 490 in
989 430 1048 490 boc
1061 451 1207 490 consessu
1221 427 1322 489 libeu-
1337 455 1341 460 ·

154 534 203 581 ter
218 515 353 577 fortassis
372 515 514 597 rogaret?
548 516 616 597 Ego
633 515 770 595 profecto
789 516 902 589 dicam„
926 528 1016 595 atque
1036 515 1125 575 etiam
1145 517 1323 577 decernam:

151 597 204 676 ut,
215 603 248 661 >si
267 600 395 674 voletis,
413 600 626 679 exsequamini.
641 600 714 658 -Ubi
730 601 788 680 ipsi
805 600 952 679 imprimis
971 601 1031 660 vini
1049 600 1324 681 propulsamus,·et

59 718 63 725 ’
153 685 347 759 instruimur,
375 685 729 764 triremibus„pecuniis
756 699 787 746 et
811 683 957 744 militibus
983 687 1051 746 dico
1076 684 1206 767 (etenim
1224 685 1252 744 si
1272 683 1343 744 alii·

140 769 288 835 ‚universi
311 770 346 851 in
368 769 544 830 servitutem
569 769 777 843 consentiant,
804 769 890 841 vobis
910 782 991 829 certe
1009 791 1064 851 pro
1087 770 1229 831 libertate
1255 790 1322 829 cer-

130 889 136 900 =
154 858 279 918 tandum
291 853 361 937 est),
379 855 453 914 baec
464 856 558 936 igitur
574 854 677 913 omnia
694 854 748 913 ubi
767 854 986 928 instruxeritis,
999 868 1029 914 et
1044 855 1168 914 Graecis
1188 850 1321 915 declara-

152 942 274 1003 veritis:
291 944 425 1005 caeteros
444 932 739 1012 iam'con‘vocemus,
759 953 803 1012 et,
823 939 877 1018 qui
894 940 967 998 baec
987 941 1124 1000 edocturi
1142 941 1220 1012 sint,
1238 940 1319 1025 lega-
1343 992 1347 999 ,

58 1036 72 1069 'v
115 1053 118 1059 ’
152 1040 201 1088 tos
219 1027 330 1107 passim
350 1024 545 1097 dimittamus,
567 1012 873 1103 iuPeloponnesum,
891 1024 1043 1097 Rhodum,
1064 1021 1185 1099 Chium,
1203 1025 1241 1084 ad
1258 1025 1329 1095 lte-1

153 1134 222 1196 gem
241 1111 416 1183 Persarum,
443 1109 566 1187 inquam
592 1111 704 1188 (neque
725 1108 805 1168 enim
823 1109 860 1168 ab
879 1109 959 1168 illius
977 1110 1146 1170 rationibus
1166 1108 1319 1182 abhorret,

153 1218 193 1258 ne
211 1197 304 1264 istum
322 1206 460 1253 evertere
475 1193 609 1254 sinamus
629 1191 759 1274 omnia):
783 1207 835 1266 ut,
853 1195 885 1258 ,si
902 1195 1128 1274 persuaseritis,
1147 1193 1334 1261 socios-bat

96 1281 250 1360 &beatis
270 1292 301 1339 et
317 1277 522 1363 periculorum
542 1292 573 1337 et
590 1291 780 1358 sumptuum,
799 1278 824 1336 si
842 1279 883 1337 sit
900 1299 1038 1338 uecessct
1056 1278 1237 1351 sirr'minus,
1255 1299 1319 1343 rem

31 1386 36 1394 ’
78 1397 82 1403 ·
153 1368 259 1431 saltem
279 1363 433 1443 differatis.
461 1363 541 1436 Quia
560 1363 640 1423 enirn
660 1384 727 1422 cum
746 1362 828 1435 viio,
846 1384 909 1421 non
928 1385 997 1421 cum
1015 1365 1196 1422 coniunctae
1215 1363 1318 1424 civita-

26 1446 30 1451 ’
111 1468 115 1491 ¹
151 1449 191 1516 tis
210 1447 457 1512 viribusbcllum
477 1459 538 1506 est:
566 1468 604 1505 ne
623 1447 682 1505 boc
701 1446 960 1526 quidem-nullum
979 1444 1070 1506 babet
1086 1471 1192 1506 usum:
1218 1468 1318 1528 neque

66 1532 70 1539 ’
100 1534 102 1538 ’
152 1533 317 1618 superioris
344 1533 415 1598 anni
440 1526 608 1613 legationes
634 1529 939 1610 iuPeloponnesum
965 1531 1033 1590 illae
1057 1533 1183 1593 fuerunt
1205 1533 1319 1604 irritae,
1344 1596 1348 1605 ,

113 1635 126 1667 ,¹
146 1643 227 1703 ‘quas
247 1638 305 1700 ego
325 1630 356 1677 et
369 1615 576 1698 Polyeuctus,
605 1615 736 1696 optimus
755 1615 807 1674 ille
825 1616 887 1689 vir,
909 1628 944 1674 et
962 1616 1152 1698 Hegesipp'us
1172 1630 1204 1676 et
1222 1614 1319 1677 Clito-

152 1705 276 1768 machus
296 1715 327 1763 et
343 1695 499 1784 Lycurgus
525 1713 556 1760 et
573 1700 624 1758 alii
640 1700 733 1781 legati
749 1701 858 1780 passim
877 1700 1044 1760 obivimds:
1074 1696 1187 1791 neque,
1198 1723 1319 1762 accusa-

152 1791 261 1853 tiones.
287 1786 397 1865 quibus
419 1786 510 1844 rebus
536 1784 709 1856 effecimus,
733 1797 770 1843 ut
790 1785 846 1868 ille
865 1807 1004 1865 represso
1028 1786 1146 1867 impetu
1169 1808 1226 1846 nee
1243 1785 1319 1846 Am-

121 1871 124 1875 ’
152 1874 284 1936 braciam
302 1871 472 1942 invaderet,
490 1890 547 1928 nec
566 1869 861 1949 iuPeloponnesum
878 1871 1015 1930 irrueret.
1039 1872 1117 1932 Illud
1136 1880 1320 1932 autemtnon

154 1961 233 2033 dico,
251 1958 277 2016 si
294 1955 353 2037 ipsi
370 1954 463 2028 nihil,
482 1955 566 2034 quod
584 1967 780 2028 necesse-est,
798 1977 853 2037 pro
873 1955 1026 2024 nobismet
1043 1957 1115 2039 ipsis
1135 1978 1225 2040 agere
1243 1955 1320 2016 veli-

152 2067 236 2116 mus,
255 2041 329 2120 alios
349 2060 414 2099 esse
433 2040 652 2098 convocandos.
672 2040 794 2099 Etenim
812 2041 976 2100 absurdum
993 2042 1103 2115 suerit,
1121 2055 1171 2116 ut,
1191 2042 1244 2121 qui
1257 2038 1329 2122 ipsi*

152 2151 208 2189 sua
224 2128 382 2198 desemut,
401 2123 498 2185 aliena
508 2145 547 2186 se
566 2145 670 2183 curare
688 2125 902 2204 profiteantur,
916 2138 967 2197 et,
988 2127 1058 2187 dum
1076 2127 1319 2208 praesentiane-

153 2214 290 2298 gligunt,
315 2210 605 2271 rerumfuturarum
623 2221 736 2268 metum
756 2210 820 2269 aliis
839 2209 1018 2291 proponant
1051 2211 1128 2271 Non·
1140 2206 1210 2271 dico
1230 2208 1320 2271 hae'cz

152 2299 207 2361 sed
223 2281 490 2355 Chersonesitanis'
500 2293 647 2352 militibus
660 2294 818 2373 pecuniam
832 2296 899 2355 dico
916 2316 980 2354 esse
996 2296 1185 2370 mittendam,
1204 2309 1237 2357 et
1253 2295 1322 2369 alia,

115 2452 118 2459 Ι
150 2400 353 2463 quaecunque
372 2379 537 2458 postulant,
555 2379 709 2438 facienda:
727 2379 784 2460 ipsi
801 2393 902 2440 autem
920 2401 976 2441 uos
989 2381 1185 2441 ‘instruamur
1198 2379 1236 2441 et'
1248 2382 1319 2441 fun-

102 2464 116 2509 J
152 2488 259 2552 gamur
277 2464 378 2523 officio
397 2464 500 2543 primi:
524 2485 558 2522 ac
575 2477 639 2522 tum
660 2465 789 2543 demum,
798 2466 933 2524 caeteros
953 2465 1086 2549 Graecos
1106 2462 1319 2536 convocemus,

152 2570 390 2638 congregemus,
418 2551 595 2620 doceamus,
622 2549 844 2613 admoneamus.
879 2550 964 2610 Haec
986 2563 1058 2610 sunt
1081 2549 1210 2610 civitatis
1236 2562 1320 2609 tanta

151 2635 305 2718 praeditae
324 2631 513 2705 auctoritate,
533 2638 675 2711 quantam
693 2642 745 2693 vos
765 2634 918 2695 obtinetis.
937 2635 991 2694 Sin
1010 2636 1121 2716 putatis
1136 2631 1320 2697 Chalciden-

78 2738 104 2789 .'
151 2743 207 2782 ses>
223 2714 382 2783 Graeciam
405 2726 575 2777 'servaturos
601 2729 653 2777 aut
678 2718 885 2800 Megarenses,
910 2741 963 2780 vos
987 2721 1140 2780 molestias
1161 2720 1319 2780 actionum

151 2807 312 2867 vitaturos:
332 2822 395 2862 uon
412 2813 495 2861 recte
513 2801 633 2881 putatis.
651 2803 750 2862 ‘Bene
769 2804 936 2865 enimcum
954 2805 1017 2865 illis·
1033 2800 1147 2887 agitur,
1166 2799 1319 2864 sicorum

153 2890 282 2971 quisque
300 2887 444 2946 manserit
461 2885 637 2946 incolumis.»
663 2887 776 2961 Vobis,
802 2891 888 2950 vobis
908 2890 938 2949 id
962 2903 1008 2949 est
1025 2891 1194 2971 agendum:
1229 2887 1318 2948 vobis

70 2992 92 3014 ⁸
140 2975 280 3035 -maiores
298 2971 392 3031 vestri
409 2991 518 3049 munus
536 2983 567 3030 et
585 2972 676 3030 decus
696 2972 743 3045 id',
761 2976 816 3054 per
833 2974 926 3034 multa
945 2987 976 3034 et
992 2974 1142 3068 prpeclara
1160 2987 1319 3055 etmagna

151 3056 324 3120 discrimina
341 3067 469 3135 partum,
481 3055 685 3135 ‘reliquerunt
710 3058 814 3118 Sed‘si
831 3060 1051 3139 unusquisque,
1070 3059 1153 3138 quod
1172 3059 1267 3140 cupit,
1286 3057 1318 3117 id

90 3161 93 3164 ·
149 3143 308 3223 requirens
327 3140 446 3200 sedebit
463 3135 570 3219 etboc
592 3142 755 3220 spectabit,
782 3165 821 3202 ne
841 3144 914 3223 quid
932 3140 989 3203 sibi
1006 3144 1117 3203 laboris
1136 3144 1318 3224 capiendum

41 3298 44 3305 Ι
150 3229 204 3289 sit:
222 3226 352 3308 primurn
370 3246 526 3302 uunquam
546 3244 597 3284 eos
615 3225 760 3306 inveniet,
779 3226 832 3307 'spui
849 3251 913 3287 rem
931 3243 1044 3310 gerant.
1071 3228 1182 3287 deinde
1201 3241 1318 3302 metuo,

123 3384 126 3391 ἱ
150 3334 190 3374 ne
209 3306 320 3383 omnia,
332 3307 414 3388 'quae'
433 3310 586 3381 nolumus,
603 3310 701 3370 facere
719 3313 759 3371 sit
776 3334 907 3373 necesse.
924 3314 1000 3387 Nam
1017 3313 1043 3370 si
1059 3312 1238 3392 quiessent,
1256 3312 1317 3370 iam

152 3398 224 3465 olim
243 3395 358 3455 inventi
378 3406 493 3466 essent,
524 3417 592 3453 cum
612 3394 734 3473 quidem
753 3417 806 3456 vos
826 3398 883 3477 ipsi
900 3397 977 3457 nibil
996 3418 1084 3478 agere
1103 3397 1210 3456 velitis.
1255 3396 1317 3456 Sed

144 3503 214 3561 ‚non
232 3493 309 3539 sunt
326 3480 392 3560 Ego
411 3479 506 3560 igitur
522 3478 596 3537 baec
615 3479 699 3552 dico,
712 3480 785 3540 baec
804 3483 952 3541 decerno:
972 3478 1002 3540 it
1019 3494 1113 3560 puto,
1124 3503 1205 3541 nunc
1225 3481 1342 3551 etiam,

149 3587 197 3638 res
216 3586 305 3645 posse
325 3564 493 3636 emendari,
512 3564 538 3622 si
556 3563 630 3624 haec
647 3563 727 3625 fiant
750 3565 783 3624 Si
802 3567 869 3645 quis
887 3580 987 3626 autem
1006 3565 1052 3624 his
1070 3565 1180 3625 melius
1200 3566 1316 3646 aliquid

150 3651 257 3737 babet,
283 3649 362 3708 dicat
385 3663 416 3709 et
438 3649 568 3709 suadeat.
611 3648 704 3722 Quod
729 3663 829 3727 autem
853 3651 939 3711 vobis
962 3649 1258 3731 probatumfuerit:
1286 3651 1316 3709 id

151 3752 257 3819 omnes
277 3733 349 3792 deos
365 3755 490 3814 precor,
508 3744 544 3793 ut
560 3731 601 3791 sit
618 3753 654 3791 ex
670 3755 728 3794 usu
745 3731 938 3814 reipublicae.

204 3826 224 3853 ,Ι

92 3733 141 3794 844

161 3898 164 3905 Δ
563 3890 568 3897 ,
611 3862 625 3889 Ι

166 3913 168 3917 ,
243 3913 261 3948 Α
