2722 4754
81 85 101 95 Α
159 85 160 88 ,
371 93 377 109 ,
503 96 511 116 ι
613 103 664 123 Ι,
728 96 731 102 .
815 56 860 88 l'
959 114 961 119 .
1023 106 1026 110 ,
1147 107 1159 118 .

37 178 59 223 s
89 148 96 267 ζ
132 182 199 266 5⁹4
303 263 306 273 Ι
374 167 385 179 “
354 135 785 281 namuurum-rs
821 155 1057 257 οιιιιιι
1051 125 1056 139 ’
1098 171 1106 176 “

137 336 288 417 eveniant,
304 315 404 412 neque
417 331 450 391 in
464 345 623 432 posterum
641 311 803 412 quicquam
819 332 879 392 tale
894 305 1024 394 accidat:
1041 333 1090 392 sin
1103 326 1223 412 peiero,
1239 326 1353 390 lun

138 424 219 484 ditus
237 429 368 500 peream,
387 417 510 496 etipse,
530 431 560 478 et
570 440 603 476 ιι
595 417 696 496 quid
712 416 789 477 mibi
807 431 859 477 aut
871 431 932 491 est,
949 432 1004 483 aut
1018 417 1157 494 futurum
1175 427 1232 475 est.
1250 415 1308 476 Sed

39 509 42 512 ’
134 529 201 568 non
218 504 340 585 peiero:
359 502 416 561 etsi
434 499 557 562 Cononi
573 503 625 562 ilia
642 515 863 583 rumperentur.
893 502 923 561 A
940 503 1027 562 vobis
1032 503 1139 602 igitur
1156 513 1274 581 peto,
1260 502 1308 560 ln-

11 596 38 642 ’-
120 592 237 663 dices,
264 587 408 667 quoniam
426 585 530 661 vobis,
552 602 632 667 quae
651 601 868 676 aequarunt,
879 588 983 671 omnia
1000 588 1127 669 exposui
1145 598 1176 647 et
1193 584 1311 647 iureiu-

136 676 237 748 raudo
259 673 391 746 firmavi,
408 685 460 747 ut,
485 675 741 758 quemadmodum
766 674 978 773 unusquisque
1001 687 1136 733 vestrum
1160 672 1195 730 in
1219 670 1311 731 simili
1341 668 1346 675 ⁴

53 765 61 792 ⁹
115 773 226 828 ”causa
246 778 334 858 epm,
359 778 456 837 aquo
474 759 573 818 laesus
593 771 688 834 esset,
718 758 877 832 odisset,
867 771 908 817 ιιι
925 771 958 828 ιιι
974 763 1101 858 propter
1118 777 1167 826 me
1188 753 1312 834 Corium

97 901 102 908 ,
137 842 327 918 irascamini,
355 865 456 923 neque
467 844 637 923 quicquam
662 842 772 902 horum
791 843 939 932 privatum
958 845 1092 942 putetis,
1110 832 1196 923 quod
1216 841 1310 903 cuivis
1350 908 1352 912 ,

38 960 39 963 “
133 930 422 1009 acciderepotest:
434 931 486 988 sed
506 929 676 1008 cuicunque
700 928 859 1002 acciderit,
886 949 956 989 eum
974 929 1128 1000 iuvatote,
1154 941 1202 1000 et,
1228 928 1312 1006 quod

108 1012 109 1017 ἵ
133 1017 252 1076 ‘iustum
273 1027 333 1087 est,
361 994 541 1087 tribuitote,
567 1027 597 1072 et
614 1014 726 1087 infensi
739 1026 849 1088 estote
874 1014 1050 1074 hominibus
1079 1026 1149 1074 ante
1175 973 1312 1072 ficinora

42 1095 116 1156 308
140 1099 365 1164 confidentibus
385 1111 416 1158 et
432 1099 632 1177 temerariis,
643 1099 675 1157 in
694 1098 871 1183 defensioue
892 1100 1062 1159 'facinorum
1080 1096 1311 1178 impudentibus

140 1199 171 1247 et
188 1184 352 1284 improbis,
379 1183 432 1270 qui
456 1203 555 1263 neque
583 1181 829 1257 existimationis,
856 1204 956 1265 neque
981 1205 1119 1258 morum,
1143 1203 1246 1265 neque
1264 1183 1311 1242 ul-

138 1272 206 1332 lius
214 1271 260 1329 rei
277 1269 428 1329 rationem
445 1268 576 1341 babent,
601 1269 733 1328 modo
723 1290 848 1350 impune
867 1270 984 1336 abeant.
1019 1272 1062 1328 At
1079 1262 1265 1369 supplicabit
1283 1279 1315 1340 et

59 1350 61 1354 Α
138 1354 354 1419 lamentabitur
372 1350 489 1413 Conon
499 1353 665 1434 Spectate
682 1373 773 1428 vero,
790 1367 861 1414 uter
877 1355 917 1414 sit
934 1354 1173 1426 miserabilior,.'
1163 1373 1242 1424 rsne,
1260 1352 1312 1452 qui

106 1444 112 1452 Κ
138 1443 182 1502 lta
201 1454 247 1500 est
264 1439 489 1516 mulctatus,nt
503 1437 564 1520 'ego
582 1436 744 1499 mulctatus
763 1439 823 1498 ab
814 1452 874 1499 rsto
893 1462 971 1513 sum,
989 1440 1115 1520 insuper
1132 1438 1158 1498 si
1178 1435 1251 1503 cum
1267 1437 1312 1496 in-

139 1512 230 1603 famia
249 1537 281 1583 et
296 1518 413 1582 inultus
438 1542 618 1583 recessero:
621 1531 672 1583 an
690 1521 868 1596 Conon,
844 1547 869 1584 ιι
887 1544 1000 1616 poenas
1026 1521 1167 1584 dederit?
1203 1525 1313 1582 Utrum

78 1614 81 1621 ’
120 1625 213 1672 'vero
232 1621 364 1673 vestrum
384 1607 493 1686 cuique
520 1609 678 1706 prodesti·
699 1610 742 1667 Ut
758 1609 917 1669 verberare
936 1613 967 1669 et
984 1609 1130 1686 insultare
1148 1607 1260 1679 liccat,
1277 1629 1312 1667 an

86 1688 90 1693 ⁹
118 1707 120 1713 '
141 1692 347 1770 contrarium?
372 1691 523 1792 Equidem
542 1692 734 1752 contrarium
745 1693 881 1754 arbitror.
899 1694 978 1752 At
954 1717 993 1753 sr·
990 1693 1208 1767 absolveritis,
1226 1692 1312 1751 multi

141 1780 282 1842 ltomines
300 1778 436 1859 protervi
454 1791 558 1838 erunt:
576 1777 603 1837 si
620 1773 812 1857 punieritis,
809 1779 999 1859 pauciores·
996 1779 1105 1839 Multa
1126 1774 1313 1838 commemo-

36 1907 61 1947 .‘
141 1887 208 1925 rare
227 1882 369 1963 possem,
384 1862 529 1961 ludices,
539 1884 637 1941 quam
655 1864 761 1922 utilem
767 1883 902 1945 operam
922 1877 952 1923 et
972 1882 1028 1922 nos
1047 1885 1195 1923 navemus
1215 1875 1246 1922 ct
1263 1884 1314 1942 pa·
1351 1878 1358 1887 “

107 1963 201 2024 =-ter,
220 1950 290 2008 dum
310 1948 393 2020 vixit,
412 1947 544 2018 navarit,
561 1961 625 2007 tum
632 1939 818 2014 triremibus
836 1949 1039 2048 instruendis,
1057 1957 1125 2009 tum
1143 1948 1315 2018 militando,
1355 2011 1358 2015 ,

92 2050 116 2086 -’
142 2049 208 2096 tum
228 2033 380 2114 imperatis
404 2032 567 2127 iaciendis:
592 2055 681 2132 quam
700 2046 731 2093 et
748 2033 806 2100 iste
831 2044 862 2093 et
879 2056 927 2092 sur
918 2033 1029 2096 nihil.
1064 2033 1126 2093 Sed
1144 2053 1203 2092 nec
1220 2052 1315 2112 aquae

12 2195 15 2198 Ι
102 2119 215 2180 ..satis
234 2131 295 2178 est:
313 2137 414 2196 neque
432 2137 524 2193 nunc
508 2110 592 2176 boc
611 2119 718 2205 agitur.
743 2112 863 2192 Quodsi
880 2140 938 2195 nos
956 2118 1022 2176 istis
1041 2130 1072 2177 et
1090 2118 1266 2181 inutiliores
1286 2131 1326 2176 et-

141 2201 344 2284 improbiores
363 2223 513 2262 essemusc
538 2219 611 2260 ιιοιι
620 2215 722 2279 tamen
747 2217 908 2282 propterea
924 2203 972 2263 vel
990 2202 1189 2274 verberandi,
1206 2204 1256 2263 vel
1273 2202 1316 2260 al-

31 2307 34 2351 ζ
71 2338 76 2351 ,
144 2287 269 2348 ficiendi
286 2285 478 2346 contumeliis
499 2306 641 2347 essemus
669 2287 747 2347 Νοιι
758 2286 859 2387 video,
877 2289 980 2368 plura
983 2287 1084 2347 dicere
1105 2308 1251 2367 quorsum
1271 2300 1315 2347 at·
1330 2327 1336 2331 -

65 2450 66 2453 ι
143 2373 255 2435 ιίιιειιι
266 2383 347 2452 puto
363 2370 458 2445 enim,
475 2371 624 2431 vosuihil
643 2392 748 2431 eorum
766 2372 918 2454 ignorare,
937 2394 1013 2453 quae
1032 2371 1169 2434 diximus.
1314 2407 1324 2418 =

23 2778 28 2786 ι
172 2683 366 2810 ιιιιιιιι
402 2693 603 2800 conten
642 2684 916 2801 οιιιιιιιιιι
952 2727 1016 2840 ιιι
1056 2665 1291 2848 enarum.
1337 2687 1340 2695 '

571 2909 856 2939 ,l--n-ae--n-l—a—

248 2961 321 3002 fl
474 2997 497 3006 ..
909 2995 913 3004 .

330 3026 942 3133 “,;·ιιευΜιΝιυι

63 3211 66 3215 ·
148 3169 312 3269 Callicles,
328 3193 483 3257 adversus
488 3216 578 3301 quem
595 3194 773 3257 inscribitur
789 3197 905 3271 oratio,
923 3209 955 3257 et
971 3197 1013 3270 is,
1033 3219 1086 3297 qur
1077 3195 1144 3257 ‘ab
1165 3216 1203 3257 eo
1222 3194 1313 3257 suerat
1333 3273 1336 3276 ᾖ

25 3277 30 3287 i
88 3300 92 3305 ’
147 3282 321 3354 accusatus,
337 3281 504 3363 praedia
475 3281 575 3342 vicina
591 3280 790 3382 babuerunt,
797 3303 873 3363 quae
892 3285 939 3344 via
957 3281 1118 3343 interiecta
1136 3268 1312 3341 dirimeban-

70 3410 75 3427 .
147 3382 206 3444 tur.
249 3365 361 3425 lmbre
372 3380 472 3428 autem
495 3366 613 3449 ingenti
633 3378 717 3438 orto,
743 3387 819 3446 aqua
838 3367 922 3426 de
893 3389 940 3427 vra
958 3366 989 3425 in
1006 3367 1168 3448 praedium
1188 3363 1313 3426 Calliclis

79 3492 88 3499 -
147 3439 286 3533 illapsa
271 3439 458 3526 damnum
432 3472 460 3525 er
478 3451 568 3510 dedit
587 3451 807 3531 Quapropter
796 3474 823 3510 rs
843 3473 910 3511 cum
928 3451 1029 3512 vicino
1048 3453 1151 3513 damni
1171 3452 1238 3512 dati
1249 3450 1314 3533 agit.

103 3572 105 3576 Α
148 3537 204 3599 Ait
222 3536 313 3609 enim,
330 3536 363 3594 in
379 3521 478 3601 Tisiae
496 3534 620 3617 praediti
639 3534 749 3594 fossam
761 3536 804 3595 ad
822 3559 929 3617 aquam
931 3529 1033 3597 ‘'de
1003 3559 1051 3597 ma
1069 3536 1248 3610 illabentem
1267 3556 1315 3595 ex

150 3621 344 3703 cipiendam
346 3619 439 3680 fuisse
465 3618 591 3701 iactam:
628 3640 704 3719 quae
730 3642 811 3680 nunc
837 3623 990 3682 obstructa
1016 3611 1075 3681 sibi
1101 3622 1206 3682 damni
1232 3641 1316 3682 cause

23 3723 33 3741 ‘
72 3710 76 3714 ’
149 3706 250 3768 fuerit.
273 3695 421 3766 Tisiae
402 3727 474 3766 vero
467 3686 573 3765 filius
591 3705 721 3804 primum
741 3707 904 3806 ostendit,
923 3720 1008 3766 vetus
1027 3707 1065 3767 id
1078 3727 1146 3766 esse
1165 3728 1263 3788 opus,
1289 3718 1318 3765 et

76 3805 99 3836 ’-
149 3809 214 3852 non
232 3813 249 3850 a
266 3812 298 3850 se
317 3791 445 3850 factum:
481 3810 545 3850 eam
571 3791 651 3850 enim
669 3790 781 3851 fossam
800 3792 890 3852 etiam
907 3791 1027 3872 livente
1045 3804 1130 3872 patre
1150 3789 1317 3851 Calliclisa

35 3871 48 3880 ’
84 3936 90 3941 .
150 3877 232 3938 Trsra
249 3875 343 3936 fuisse
362 3876 564 3935 obstructam:
601 3875 711 3935 demde
729 3877 852 3950 assent,
886 3896 949 3938 non
968 3899 1032 3937 esse
1051 3877 1165 3965 fossam
1184 3895 1255 3937 eum
1274 3877 1319 3937 lo-

150 3983 226 4023 cum
261 3961 413 4034 Extenuat
437 3961 526 4021 ctiam
551 3961 691 4022 damnum
711 3955 828 4022 Callicli
846 3962 984 4064 ἆιιιιιιι,
990 3976 1026 4023 ιιι
1048 3958 1174 4044 parvum
1202 3976 1234 4024 et
1256 3983 1318 4022 non

49 4046 127 4103 309
135 4054 233 4112 tanta
249 4046 304 4108 lite
323 4047 456 4131 dignum
490 4044 593 4124 Atque
612 4045 739 4118 omnino
756 4048 848 4113 ullam
870 4069 897 4107 er
889 4034 1022 4115 factam
1042 4067 1108 4107 esse
1124 4061 1222 4132 negat
1238 4047 1319 4108 iniu-

48 4182 67 4214 ·.
144 4125 238 4191 riam:
262 4132 316 4192 sed
338 4132 495 4213 praedium
520 4152 608 4206 suum
615 4132 732 4211 appeti
750 4150 768 4193 ι
785 4129 908 4193 Callicle
927 4133 1016 4209 dicit,
1035 4154 1160 4220 eaque
1167 4136 1214 4194 de
1223 4150 1355 4214 ιιοιι·

11 4244 16 4283 5
152 4235 258 4278 omnes
272 4217 438 4278 calumnias
456 4215 601 4278 adbiberi.

470 4370 904 4414 ¹·''
706 4383 709 4385 ’
941 4372 966 4427 ’;
