2746 4748
392 248 398 259 ,
496 197 812 267 tetstonan„
966 136 1027 207 Ἥ
1162 199 1225 263 695

14 394 16 403 ·
56 362 100 421 les
119 368 260 439 putatur,
283 355 434 437 primum,
452 352 535 434 quod
554 352 691 413 omnium
708 350 934 432 iniquissimum
952 362 1015 422 est,
1033 364 1160 429 quarum
1179 370 1226 409 re-

56 454 265 524 compatrem
289 452 432 502 account
456 438 597 520 quidam,
624 438 664 498 ob
689 459 739 498 eas
757 435 837 497 lilios
856 433 1026 497 iuuincula
1044 433 1228 505 coniecistis,

14 570 17 577 -
56 541 150 608 atque
167 527 210 601 ita
226 547 317 609 agere
334 525 461 612 perinde
479 545 546 585 esse
565 523 687 596 dicitis,¹
704 544 739 585 ac
756 522 783 583 si
800 520 1015 601 aequalitatem
1032 520 1064 581 in
1081 518 1227 601 ponderi-

57 614 115 676 bus
133 626 187 675 aut
204 612 354 673 mensuris
372 610 577 691 quaereretis,
600 621 632 671 ct
648 629 713 670 non
732 608 769 669 de
787 607 922 668 uirorum
940 606 1083 669 instituto
1101 605 1180 666 vitae
1198 617 1231 665 et

14 738 16 753 ι
56 700 178 761 ratione
198 696 388 779 reipublicae
412 695 633 757 consultaretis.
682 696 717 754 ln
743 715 802 774 qua
828 691 952 773 quidem
978 690 1179 772 inquisitione
1203 688 1230 751 si

14 806 19 839 r
58 784 141 847 bona
159 797 191 849 et
200 782 365 865 ¹popularia
389 793 420 843 et
444 782 547 844 studio
570 778 757 861 reipublicae
776 779 923 840 iuvandae
941 791 1080 858 suscepta
1097 774 1230 860 Lycurgi

14 892 18 925 t
58 883 131 932 acta·
142 868 338 942 videbuntur,
356 888 421 929 non
437 867 531 935 modo
548 866 634 928 nullo
653 862 733 925 allici
751 865 843 937 malo,
859 865 913 925 sed
931 860 1090 944 quibusvis
1108 861 1230 925 anobis

14 980 22 1013 r·
59 955 162 1015 ornari
180 952 343 1015 beneficiis·
355 953 421 1015 eius
438 952 553 1013 liberos
571 972 703 1030 aequum
722 963 783 1013 est:
800 949 848 1011 sin
864 948 1025 1019 contraria,
1042 949 1139 1020 illum,
1156 946 1228 1007 dum

14 1088 19 1100 .
60 1039 192 1114 viveret,
223 1060 336 1120 poenas
355 1038 475 1099 dedisse
493 1036 649 1118 oportuit,
678 1037 734 1097 hos
752 1056 825 1098 uero
844 1056 883 1095 ne
901 1035 945 1096 sie
963 1035 1086 1115 quidem
1105 1044 1231 1113 propter
1332 1095 1336 1101 ,

14 1154 17 1187 ;
59 1125 181 1187 obiecta
199 1123 277 1206 patri
293 1146 310 1185 a
329 1123 509 1204 quibusdam
527 1121 653 1183 crimina
670 1143 726 1204 per
742 1120 927 1183 iracundiam
944 1119 1044 1202 plecti.
1078 1117 1229 1179 Omnibus

14 1240 18 1273 ε
59 1210 142 1272 enirn
161 1209 298 1273 omnium
318 1208 499 1270 delictorum
517 1207 603 1287 quasi
621 1221 700 1269 meta
718 1220 766 1267 est
783 1206 892 1267 obitus.
928 1206 1050 1281 Quodsi
1067 1205 1127 1265 boc
1146 1202 1230 1273 eritis

15 1326 19 1359 :
59 1295 181 1369 ammo,
206 1307 242 1355 ut
259 1293 356 1375 aliqui
370 1293 479 1377 populi
502 1293 648 1353 studiosis
672 1292 741 1353 irati
765 1314 804 1352 ne
822 1314 892 1352 cum
909 1289 1037 1351 mortuis
1055 1289 1180 1370 quidem
1198 1287 1230 1349 in

58 1379 189 1465 gratiam
204 1381 349 1459 redeant,
381 1379 436 1447 sed
459 1377 631 1439 inimicitias
650 1377 739 1439 ctiam
758 1378 796 1437 ad
813 1376 928 1437 liberos
946 1397 1043 1456 usque
1060 1388 1232 1458 propagent

59 1467 243 1544 tradant-tque
261 1464 408 1545 posteris,
431 1464 564 1547 populus
581 1475 701 1535 autem,
727 1462 814 1523 cuius
832 1485 952 1525 causam
970 1461 1084 1541 quique
1101 1460 1229 1542 popula·
1326 1474 1329 1483 '

14 1584 19 1619 ρ
61 1562 235 1632 resagunt,
252 1550 326 1609 dum
342 1549 451 1610 horum
471 1570 564 1629 opera
582 1547 688 1620 utitur,
707 1542 931 1609 beneficiorum
945 1546 1127 1619 meminerit,
1144 1558 1228 1627 post·

60 1656 98 1697 ca
112 1633 204 1695 flocci
217 1633 320 1695 saciat:
338 1634 416 1701 nibil
431 1632 490 1697 erit
502 1633 651 1705 miserius,
666 1656 756 1712 quam
770 1633 878 1714 populi
891 1632 972 1693 tueri
985 1636 1093 1713 partes.
1119 1631 1229 1706 Quod-

60 1720 91 1779 si
106 1719 275 1789 Moerocles
293 1720 477 1803 respondet,
501 1718 579 1781 baec.
592 1718 746 1801 argutiora
764 1739 848 1792 esse,
865 1740 954 1798 quam
973 1739 1050 1798 quae
1069 1716 1230 1798 intelligat,

60 1824 96 1865 se
114 1825 186 1864 vcro
205 1826 274 1878 cos,
292 1818 385 1865 utne
403 1803 465 1873 ellu
489 1817 592 1878 erent,
610 1805 642 1867 io
661 1825 810 1865 carcerem
828 1803 1033 1886 compegisse:
1058 1802 1230 1885 quaeritote

59 1911 101 1951 ex
117 1909 174 1962 eo,
191 1910 260 1952 cum
279 1891 415 1957 Taureos.
429 1901 465 1951 et
502 1902 622 1951 ataecus
640 1903 673 1951 et
690 1887 882 1972 Aristogiton
893 1902 990 1970 -atque
1008 1888 1091 1971 ipse,
1112 1887 1147 1951 in
1165 1908 1229 1961 car,

38 1993 163 2037 ,cerem
179 1975 298 2049 traditi,
325 1975 500 2045 noomodo
518 1974 613 2035 vincti
631 1997 695 2035 non
713 1974 847 2046 suerint„
862 1976 976 2041 sedet
993 1974 1159 2035 conciones
1175 1973 1230 2035 lta·

59 2058 196 2133 buerint,
213 2083 268 2122 cur
282 2059 368 2120 istam
382 2056 645 2139 aequitatemnon
659 2060 855 2142 perspexerit.
872 2059 929 2129 Sin¹
942 2081 975 2120 se
990 2059 1228 2142 tummagistnte

58 2156 98 2205 tu
121 2145 247 2224 quidem
271 2166 336 2205 esse
359 2145 498 2215 functum
515 2144 610 2218 dicet,
634 2147 688 2207 sed
707 2145 861 2215 orationes
884 2144 917 2205 in
940 2145 1065 2226 publico
1087 2165 1153 2207 non
1175 2143 1229 2205 lta-

61 2227 191 2303 buisset,
208 2231 301 2313 idque
319 2231 499 2311 permissum
516 2230 575 2291 sibi
591 2230 685 2291 luisse
702 2231 836 2313 legibus:
854 2250 985 2311 aequum
1003 2250 1069 2292 esse
1088 2228 1142 2311 qul
1159 2241 1230 2311 pot·

61 2325 129 2388 est,
147 2327 182 2378 ut
199 2314 374 2398 magistratu
384 2315 559 2399 iungantur
576 2315 623 2390 hi,
641 2316 752 2398 quibus
770 2315 861 2376 verba
879 2317 978 2377 facere
995 2336 1059 2377 non
1077 2315 1167 2389 licet,
1179 2311 1230 2373 illi

59 2418 136 2463 vero
160 2399 193 2461 io
217 2400 346 2461 vinculis
369 2413 549 2473 tencantur,
574 2423 705 2481 quorum
723 2396 761 2465 de
780 2401 867 2463 vobis
884 2423 974 2483 saepe
999 2400 1078 2461 beno
1102 2398 1229 2462 meritus

59 2482 123 2546 tuit
139 2485 243 2564 pater?
268 2484 335 2568 Ego
360 2485 483 2564 quidem
508 2486 581 2546 baec
603 2486 792 2570 coniungere
818 2500 850 2549 ct
872 2487 1057 2569 concludere
1075 2507 1139 2547 non
1157 2502 1229 2566 put·

58 2591 145 2642 sum,
171 2570 230 2633 nisi
247 2571 307 2632 hoc
324 2569 447 2652 publice
463 2572 555 2633 voltis
567 2572 751 2648 ostendere,
779 2585 812 2633 et
827 2573 1051 2633 uecordiamet
1067 2571 1229 2652 impuden-
1252 2562 1314 2623 448

59 2655 136 2717 tiam
159 2668 192 2716 et
212 2656 439 2717 affectationem
463 2655 665 2736 improbitatis
695 2658 728 2719 in
756 2658 876 2719 civitate
903 2657 1002 2735 valere
1029 2669 1062 2717 et
1085 2656 1231 2717 maiorem
1323 2646 1326 2659 ’

60 2738 174 2801 babere
191 2762 277 2822 spem
295 2741 530 2818 incolumitatis,
548 2764 600 2816 ac,
617 2742 644 2803 si
661 2743 841 2824 quidsecus
859 2741 1019 2816 acciderit,
1037 2742 1112 2814 tales
1129 2740 1231 2801 absol-

59 2825 107 2885 vi:
131 2825 289 2893 meliorem
312 2838 413 2900 autem
436 2826 518 2887 tueri
541 2839 656 2908 partem
679 2829 832 2909 vitamque
856 2828 1024 2889 modestam
1038 2838 1081 2889 ⁴et
1102 2825 1231 2908 popula-

59 2931 128 2971 rem
145 2911 317 2985 instituere,
333 2912 540 2993 pericolosum
558 2932 635 2987 esse,
652 2934 701 2987 ac,
714 2913 741 2975 si
755 2915 829 2995 quid
848 2926 975 2988 erretur,
992 2912 1107 2977 nullam
1124 2911 1231 2974 veniae

61 3016 149 3077 spem
173 3017 239 3061 esse
252 2996 458 3078 ,propositam
491 2998 537 3057 Ad
563 2998 638 3059 haee
661 3018 725 3060 non
750 3021 816 3060 esse
841 2998 956 3059 iustum
979 2997 1119 3069 omnino,
1139 2996 1232 3058 ¹aliter

60 3100 154 3160 quam
172 3082 211 3147 de
228 3080 349 3144 vivente
366 3083 496 3157 sentire,
514 3084 709 3164 decereque,
733 3097 770 3145 ot
786 3083 1122 3164 defunctorum-,potius
1141 3102 1231 3163 quan

61 3164 231 3235 viventium
245 3167 398 3239 rationem
411 3167 556 3242 habeatis,
574 3182 605 3231 et
618 3183 783 3249 quae-sont
798 3170 864 3231 eius
879 3170 1011 3253 generis,
1025 3168 1127 3241 omnia
1141 3164 1232 3229 misia

61 3249 188 3326 faciam,
208 3252 292 3330 quod
310 3273 346 3317 ea
363 3252 396 3313 in
414 3252 554 3314 confesso
573 3276 638 3315 csse
655 3257 736 3336 apud
755 3255 1026 3325 omnesexistirno.
1041 3314 1045 3323 ,
1060 3254 1123 3315 Sed
1141 3274 1231 3335 quam

61 3335 177 3397 multos
195 3337 236 3395 ob
255 3349 379 3416 paterna
397 3336 544 3399 beneficia
562 3339 754 3415 honorastis,
787 3353 848 3401 tam
874 3340 976 3403 multis
995 3339 1084 3415 etia-m
1101 3338 1232 3399 aliorum

61 3420 198 3502 posteris.
211 3420 467 3492 similemrelerri
483 3424 614 3506 gratiam·
627 3426 744 3487 vellem.
762 3427 871 3507 Neque
888 3430 960 3487 vero
980 3420 1065 3499 haec,
1082 3424 1166 3507 quod
1182 3441 1232 3483 re·

62 3505 304 3587 prehenderem,
331 3506 435 3568 attuli:
458 3526 485 3571 xa
505 3530 567 3588 quo
590 3523 709 3585 tanturn
732 3511 856 3585 absum,
884 3525 920 3573 ut
938 3532 1085 3576 eam-rem
1104 3508 1232 3569 maxime

60 3611 165 3669 essee
183 3592 339 3673 republica
357 3592 461 3659 dicam.
490 3595 624 3656 lucitatis
642 3597 723 3658 enim
742 3618 848 3663 omnes
866 3598 923 3657 ista
941 3597 1060 3657 ratione
1077 3598 1116 3657 ad
1133 3614 1233 3677 popu-

61 3676 129 3737 lum
146 3677 326 3743 colendum:
346 3677 458 3760 quippe
477 3680 530 3760 qui
547 3679 687 3755 videant,
704 3682 824 3743 tametsi
841 3682 1014 3744 viventibus
1033 3682 1136 3743 obstet
1153 3678 1233 3741 invi-

63 3759 145 3833 dia„
160 3782 222 3841 quo
242 3762 344 3823 minus
360 3763 494 3825 bonores
512 3764 637 3827 meritos
655 3781 899 3848 cousequantur,
925 3768 989 3829 suis
1007 3781 1113 3842 tameo=
1127 3764 1232 3827 liberis

61 3844 156 3927 digna
174 3847 304 3926 praemia
323 3869 388 3909 csse
406 3850 486 3930 apud
505 3870 558 3911 vos
576 3852 716 3932 reposita.
750 3853 866 3915 Annon
893 3854 988 3936 igitur
1004 3853 1168 3912 absurdum
1186 3861 1234 3911 at-

62 3951 125 4010 que
143 3931 327 4013 adeotuspe
347 3947 411 4008 cst,
439 3957 494 3995 vos
513 3934 693 4016 quibusdam
710 3938 796 4012 aliis,
823 3939 913 4012 licet,
942 3960 978 3998 er
996 3959 1058 4018 qno
1077 3935 1148 3997 usui
1165 3935 1233 3996 fne-

61 4026 154 4087 runt,
181 4018 311 4081 multum
329 4020 475 4100 temporis
492 4020 715 4098 intercesserit,
744 4024 859 4085 iudicio
879 4025 916 4085 de
933 4025 1057 4085 illorum
1072 4020 1233 4095 ,benefieiis

63 4121 106 4173 ex.
119 4100 214 4175 sama,
243 4125 308 4165 non
326 4125 369 4167 ex.
380 4105 437 4178 iis,
461 4127 538 4185 quae
556 4106 695 4183 vidistis,
721 4108 821 4181 lacto,
849 4122 951 4170 tamen
968 4110 1079 4171 iustam
1098 4104 1233 4169 benevo-

61 4184 189 4247 lentiam
207 4193 385 4257 constanter
397 4189 549 4257 tribuere:
569 4193 756 4278 ¹Lycurgum
774 4206 890 4269 autem,
920 4195 974 4276 qui
991 4214 1090 4275 nuper
1107 4195 1183 4254 adeo
1202 4205 1235 4254 et

61 4269 250 4353 reipublicae
267 4274 448 4354 praefuit-,et
463 4277 555 4345 vitam
572 4294 759 4351 commorte
775 4279 983 4355 commutavit,
1000 4301 1040 4340 ne
1058 4281 1090 4342 in
1108 4279 1144 4341 iis
1163 4277 1234 4360 qui-

62 4357 133 4427 deut
151 4378 223 4431 vot,
247 4379 326 4439 quae
339 4361 650 4447 superioritemport
668 4364 849 4435 homiuibus
862 4365 997 4455 perditus
1013 4385 1147 4446 qnoque
1162 4362 1254 4429 Μ
