2722 4754
436 170 840 293 ,oncononjsss
901 193 905 197 ·
1005 187 1012 195 “
1142 150 1275 256 ,ιιι

80 358 242 444 requirunt:
268 357 396 418 donatio
414 356 521 417 autem
546 352 709 436 gratiarum
734 354 885 412 actionem
905 366 935 413 ct
950 326 1159 414 laudationem
1177 374 1241 411 me
1306 354 1307 363 ’

82 451 133 511 nto
150 444 353 523 consequitur
398 443 594 522 Quapropter
617 438 666 498 hic
692 459 725 497 ca
745 440 788 503 dc
800 460 848 497 me
866 439 1001 538 scripsit.
1022 433 1152 519 Atqne
1167 439 1241 500 haec
1284 468 1285 473 ι

85 538 120 597 ita
134 554 162 594 se
179 530 307 603 habere,
335 542 392 587 n‘ec
410 540 529 587 tanturn
546 525 683 606 legibus,
709 525 763 584 scd
781 525 888 584 restris
909 526 997 584 etiarn
1018 526 1153 587 moribus
1174 548 1239 586 esse
1265 527 1320 583 tot

89 618 202 690 definita,
221 636 307 697 ego
297 613 387 674 facilc
405 611 598 693 multifariam
618 611 784 671 ostendam.
814 611 961 683 Primum,
980 611 1152 687 Nausicles,
1167 613 1239 673 dum

91 729 145 775 mn
160 701 284 781 imperio
303 700 379 772 fuit,
404 718 494 778 saepe
520 719 536 756 a
559 695 646 757 vobis
671 717 784 755 corona
812 697 941 754 donatus
967 710 1013 755 est
1037 699 1076 757 ob
1094 700 1239 779 privatam

92 788 288 864 liberalitatem,
331 785 468 857 Deinde,
493 804 562 841 cum
579 782 733 842 Diotimue
753 781 876 865 clppeos
896 781 996 854 dedit,
1019 795 1119 863 atque
1128 787 1239 844 iterum
1260 781 1278 849 s

41 906 45 915 ·
97 874 284 944 Charidemus,
313 871 434 930 coronis
460 869 559 936 ornati
585 881 663 927 sunt
707 867 806 946 Etiam
831 867 1051 946 Neoptolemus
1077 870 1142 944 hic,
1170 869 1248 939 curn,

94 963 166 1026 luerit
180 955 285 1017 multis
301 956 444 1043 operibus
464 955 651 1036 praefectus,
669 966 797 1033 propter
815 975 863 1027 ea,
883 974 960 1031 quac
977 954 1014 1012 de
1038 975 1093 1014 suo
1112 953 1270 1037 largitus·
1308 958 1311 963 ’

95 1031 327 1122 est,honor1bus
352 1054 399 1101 est
421 1039 574 1101 allectus!
599 1040 675 1098 Nam
701 1040 731 1099 id
758 1039 880 1118 quidem
905 1038 1066 1121 indignum
1090 1055 1186 1113 esset,
1213 1041 1240 1100 si
1274 1102 1292 1117 ,,

95 1134 134 1198 cni
150 1128 317 1211 magistratu
341 1127 445 1206 aliquo
470 1126 611 1208 fungenti
631 1138 682 1184 aut
701 1125 804 1207 largiri
829 1145 883 1184 sua
907 1125 1092 1204 reipublicae
1112 1139 1240 1225 propter
1297 1135 1320 1181 52

95 1217 273 1321 magistratum
292 1233 356 1272 non
374 1213 498 1284 liceret,
529 1224 582 1274 aut
599 1232 655 1292 pro
675 1211 750 1275 datis
771 1231 834 1270 non
852 1211 1026 1291 recipienda
1043 1212 1155 1292 gratia,
1176 1213 1239 1311 ,sed
1280 1276 1283 1280 ,

96 1306 159 1368 rutro
172 1299 318 1360 reddenda
336 1311 423 1357 esset.
458 1298 549 1368 ,Haec
571 1311 607 1357 ut
632 1318 703 1356 verc
729 1318 745 1356 a
768 1317 817 1355 mc
836 1296 908 1357 dici
906 1309 1051 1372 constet,
1077 1318 1149 1380 cape
1174 1297 1252 1377 ipsa·
1315 1342 1318 1353 ,

41 1380 44 1389 ’
102 1365 243 1453 decretale
262 1382 310 1477 his
329 1384 407 1444 facta
425 1397 456 1444 et
473 1383 549 1443 mihi
566 1383 668 1444 recita.
712 1383 826 1444 Recita
1289 1397 1290 1401 ’

499 1539 816 1622 'DECRRTUMs
853 1496 858 1509 i

133 1612 276 1709 Praetor
293 1645 353 1729 luit
364 1609 555 1707 Demonicus
575 1644 746 1729 Phlyensis,
764 1645 874 1703 XXVI.
893 1643 942 1704 die
961 1644 1094 1721 Sextilis,
1111 1668 1180 1706 cum
1199 1647 1237 1706 de

97 1732 220 1795 sententia
237 1724 359 1790 senatus
375 1744 404 1790 et
419 1731 527 1812 populi
543 1728 650 1791 Callias
669 1728 846 1791 Phrearrius
867 1731 957 1791 dixit.
951 1732 1099 1791 Placere
1119 1728 1238 1792 senatui

95 1819 258 1901 populoqup,
286 1838 399 1876 corona
424 1818 537 1876 donare
562 1816 752 1889 Nausiclem,
777 1817 1008 1876 armamentario
1035 1816 1238 1898 praefectum.

95 1905 171 1984 qnod,
185 1922 245 1963 cum
255 1901 460 1962 Athenienses
476 1902 638 1984 legionarii
656 1901 799 1962 bis-mille
819 1902 941 1962 essent
933 1927 964 1961 ιιι
982 1903 1083 1962 lmbro
1098 1903 1237 1964 etAtbe-

95 1989 224 2050 niensibus
248 1988 379 2047 insulam
404 1988 611 2051 incolentibus
632 2004 720 2069 opem
745 1987 878 2060 scrr'eut,
905 1992 973 2047 bum
992 1987 1116 2062 Phialo,
1143 2010 1237 2070 quae·
1258 1989 1264 2002 ‘

41 2144 43 2148 ,
83 2080 146 2136 'stor
160 2075 340 2156 designatus,
376 2096 435 2155 per
455 2087 650 2155 tempestates
674 2073 814 2155 navigare
834 2093 897 2132 non
915 2086 1020 2159 posset
1038 2088 1069 2133 et
1086 2075 1237 2156 stipendia

95 2162 188 2222 solvcle
204 2158 366 2233 militibus,
390 2161 444 2219 de
439 2181 502 2219 suo
522 2160 707 2235 numeravit,
731 2180 788 2219 nec
805 2179 937 2240 expensa
955 2152 1071 2240 populo
1090 2160 1177 2220 tulit:
1181 2182 1236 2226 ac

96 2245 307 2336 proclamandam
327 2267 392 2304 esse
412 2266 557 2306 coronam
575 2245 830 2319 Bacchanalibus,
848 2245 935 2306 novis
954 2245 1141 2328 tragoedis.

336 2399 563 2458 Διιιιιι)
599 2392 904 2444 paenarum
961 2381 964 2387 '

162 2480 234 2566 Dixit
250 2500 359 2579 Callias
378 2504 573 2581 Phrearrius,
592 2503 770 2564 consulibus
790 2504 828 2563 de
846 2503 997 2562 sententia
1015 2502 1137 2566 senatus
1156 2505 1236 2567 rele-

43 2618 46 2623 Δ
95 2590 220 2650 rentibus:
242 2590 408 2669 Postquam
424 2587 639 2665 Charidemus,
658 2612 734 2650 cum
756 2569 930 2671 legionibus
950 2588 1237 2668 Salaminemissus,

94 2676 285 2749 etlliotimus,
320 2677 465 2759 magister
478 2678 635 2758 equitpm,
670 2676 706 2735 in
721 2674 867 2735 conflictu
885 2676 923 2734 ad
940 2673 1068 2738 fluvium
1087 2675 1236 2740 militibus
1254 2721 1284 2758 -Ξ

96 2761 248 2840 quibusdam
271 2761 307 2820 ab
335 2762 490 2846 hostibus
491 2763 655 2843 spoliatis,
690 2759 813 2841 privatis
832 2759 1007 2841 sumptibus
1026 2762 1236 2825 adolescentes

76 2846 348 2936 ,armaruntclypeis
368 2848 568 2932 octingentis.
584 2849 703 2929 placere
721 2845 841 2906 senmui
858 2844 1047 2926 populoque,
1064 2860 1101 2907 ut
1118 2848 1236 2910 donen
1273 2852 1280 2863 ‘
1308 2842 1310 2847 ¹

91 2944 136 2990 tur
146 2920 325 2995 Charidemus
340 2947 372 2994 ct
385 2935 540 2995 Diotimus
559 2956 648 2994 aurea
667 2953 780 2995 corona
799 2944 830 2991 et
847 2931 1074 3012 proclamentur
1085 2934 1236 2999 Panathe
1311 2960 1318 2970 ·

91 3017 159 3078 naeis
178 3019 304 3102 magnis,
330 3020 384 3079 in
382 3021 551 3115 gymnico
549 3020 720 3080 certamine
747 3030 779 3079 et
800 3013 1055 3094 Bacchanalibus,
1082 3025 1236 3104 tragoedis

91 3103 168 3163 notis
187 3105 386 3166 Proclamatio
403 3107 505 3168 autem
524 3128 612 3167 curae
629 3107 670 3169 sit
686 3103 821 3179 sexviris,
839 3104 1015 3166 consulibus
1034 3108 1237 3188 agonothetis.

107 3188 267 3251 Horum
276 3192 431 3275 siugulis,
452 3192 623 3267 Aeschine,
648 3192 855 3275 magistratus,
879 3206 973 3270 quem
992 3207 1164 3273 gesserant,
1187 3216 1248 3256 ιι-
1301 3220 1304 3224 ’

90 3273 170 3335 trones
184 3277 359 3340 referendae
379 3292 493 3339 erant:¹
505 3300 629 3352 eorum,
648 3279 687 3338 ob
708 3298 785 3358 quae
804 3275 1046 3351 coronabantur,
1071 3301 1135 3339 non
1153 3281 1235 3353 item.
1283 3325 1287 3330 ·

90 3357 246 3433 Proinde
214 3383 270 3423 nec
289 3364 373 3424 rnihi
417 3369 451 3424 ln
477 3364 569 3425 simili
593 3366 674 3443 enim
700 3385 788 3424 causa
806 3362 904 3423 simile
922 3362 998 3422 mihi
1016 3385 1085 3424 curn
1104 3366 1196 3427 aliis
1187 3391 1234 3428 rus

94 3467 189 3526 quoque
210 3448 409 3512 tribuendum
429 3465 482 3511 est
523 3434 663 3553 Largitus
681 3449 770 3510 sum?
797 3449 962 3530 Propterea
980 3442 1133 3510 laudor:
1130 3457 1233 3534 neque
1259 3462 1320 3519 170

90 3539 189 3612 propter
206 3557 258 3609 ea,
286 3558 363 3616 quae
382 3538 420 3597 de
438 3559 507 3597 meo
527 3534 615 3610 dedi,
642 3559 709 3597 sum
728 3534 887 3597 obnoxius
922 3536 955 3595 Ιιι
975 3536 1152 3629 magistratu
1169 3540 1263 3603 fui?
1274 3580 1277 3584 -

81 3616 125 3692 *De
138 3638 167 3676 eo
181 3621 315 3688 rationes
330 3624 442 3695 retuli,
451 3645 514 3682 nou
532 3622 608 3683 de''
588 3646 634 3697 ns,
655 3643 742 3704 quae;
750 3621 875 3707 largitus
894 3643 971 3694 sum,
989 3620 1236 3687 mediusfidius.
1283 3612 1289 3625 Ι

42 3718 54 3730 ·
87 3704 121 3762 ht
140 3706 207 3780 male
232 3708 314 3790 gessi
339 3708 568 3792 magistratum?
597 3705 660 3771 Cur
684 3729 757 3768 vero
783 3720 833 3781 tu,
859 3730 912 3787 qur
902 3706 1066 3783 adesses,
1092 3732 1160 3771 curn
1186 3734 1235 3773 me

87 3804 240 3886 guaestores
259 3793 506 3868 introducerent,
532 3814 597 3855 non
616 3793 795 3856 accusabas?
820 3795 862 3853 Ut
879 3805 982 3853 autem
1000 3793 1118 3871 sciatis,
1142 3797 1235 3873 istum

85 3873 167 3954 ipsun
190 3879 346 3941 testificari
369 3881 463 3955 mibi,
487 3903 536 3941 me
562 3881 601 3940 ob
629 3903 664 3942 ea
691 3902 771 3941 esse.
783 3900 896 3940 corona
920 3880 1083 3955 donatum,
1109 3867 1264 3965 propter!

85 3978 147 4038 quae
168 3965 299 4025 rationes
324 3968 511 4032 reddendae
522 3966 597 4027 mibi
615 3989 679 4028 non
696 3966 838 4039 luerunt,
864 3985 936 4046 cape
963 3978 994 4025 et
1016 3967 1110 4027 recita
1133 3982 1235 4048 toturn

83 4045 219 4110 decretum
239 4051 276 4117 de
295 4072 343 4111 me
362 4053 481 4115 factum.
526 4054 620 4128 Quod
639 4053 726 4135 enim
747 4051 1046 4113 senatusconsultum
1064 4074 1128 4113 non
1145 4070 1235 4117 aecu

82 4131 159 4194 sarit.
172 4149 209 4195 eo
222 4132 289 4218 ipso
303 4138 552 4201 calumniatorem
568 4160 638 4246 epm
638 4160 751 4225 agere,
766 4149 829 4199 non
843 4149 1060 4214 accusatorem,
1075 4143 1235 4240 constabit

438 4255 445 4303 J
495 4293 518 4336 ι)
538 4294 557 4336 n
575 4294 593 4338 c
610 4295 632 4337 ιι
650 4293 714 4336 na
725 4294 747 4335 u
766 4293 800 4336 ιι
852 4331 856 4337 .

57 4414 61 4419 ·
152 4394 294 4457 Praetore
311 4395 480 4483 Euthycle,
498 4397 647 4482 vigesimo
660 4416 750 4471 ¹nono
769 4395 818 4456 die
838 4393 1000 4471 Octobris,
1019 4389 1101 4460 tribu
1118 4399 1232 4480 praeri-

85 4501 94 4525 ι
571 4499 577 4506 ·
765 4518 769 4523 .
1020 4490 1025 4495 ”
1100 4490 1103 4495 “

1128 4616 1256 4649 r·'}

799 4633 938 4683 ,χ’
