2722 4754
455 196 920 285 nnnnnonnsop-
1186 224 1256 301 aa·

91 373 209 447 ωιιιιίιι
225 391 325 453 posse
355 374 441 432 Hauc
460 370 550 432 etiam
567 369 719 431 licentiam
738 371 802 430 dari
819 371 877 432 sihi
894 372 969 445 vult,
986 385 1022 432 ιιι
1039 382 1225 473 quocunque
1242 403 1245 415 =

91 479 197 548 „angam
214 468 245 516 et
263 456 380 517 insulas
400 455 574 538 ingrediens
592 455 696 535 ibique
714 455 873 532 desidens,
899 476 958 557 per
970 457 1104 539 speciem
1119 477 1224 518 arcen-
1240 486 1243 496 ¹

92 542 291 628 tipraedones,
320 541 469 602 insulares
487 552 666 621 corrumpat
690 553 721 600 et
744 550 876 602 svestra
894 538 1039 603 societate
1058 556 1089 603 et
1106 542 1232 604 ditione.
1253 546 1259 561 ‘

93 631 219 699 ,talionem
238 647 342 706 neque
357 638 529 701 contentus,
547 616 758 685 Macedonicos
775 625 876 687 exules
893 647 948 706 per
962 636 1077 688 vestros
1095 628 1223 707 impera-

95 737 152 784 nnc
161 712 289 772 Thasum
311 723 552 791 transportasse,
576 709 708 789 reliquas
734 710 824 773 etiam
850 710 962 773 insulas
987 711 1046 771 sihi
1071 712 1223 774 vindicare
1320 727 1324 739 '

97 805 144 873 vult,
154 796 299 857 mittendis
315 795 502 893 hominihus,
517 793 570 873 qui
585 815 618 855 se
631 807 806 855 nostrorum
822 794 932 856 ducum
948 797 1034 855 classi
1048 797 1224 898 adiungunt,

97 903 199 964 mquam
216 880 373 941 custodiae
391 878 479 939 maris
497 892 653 941 consortes
672 880 785 950 futuri
792 880 871 940 Sunt
888 900 959 940 sane
976 903 1029 959 qur
1019 880 1206 956 dicant,
1174 905 1222 943 ιιι-
1225 918 1228 922 -
1281 900 1284 909 ·

92 973 125 1070 ιιι
131 967 168 1028 illi
183 966 226 1027 ad·
223 986 289 1025 sua
307 965 356 1025 vel
370 959 503 1027 ‘tutanda
528 965 575 1025 vel
598 965 805 1045 amplificanda
833 987 908 1046 opus
927 986 992 1026 esse
1010 964 1090 1024 mari
1125 965 1196 1049 At
1186 989 1224 1041 rs,

89 1056 125 1138 qui
138 1071 208 1112 mare
221 1049 356 1132 negligit
372 1049 497 1123 scilicet,
515 1049 652 1110 triremes
671 1063 839 1131 comparat,
858 1064 889 1111 et
906 1050 1019 1111 navalia
1038 1039 1174 1124 exstruit,
1191 1063 1223 1113 et

87 1142 169 1202 classes
185 1134 304 1195 mittere
323 1134 471 1207 instituit,
493 1155 593 1212 neque
610 1157 717 1214 parvos
735 1149 876 1236 sumptus
891 1135 989 1195 lacit
980 1157 1012 1194 ιιι
1031 1116 1220 1196 exercitatio-

85 1246 125 1287 ιιιι
139 1219 240 1281 navalis
257 1218 378 1300 proelii,
397 1218 506 1299 quibus
523 1218 600 1278 nihil
619 1219 710 1280 hahet
726 1220 887 1299 antiquius
905 1220 1011 1280 Haec
1001 1221 1105 1302 igitur,
1118 1218 1220 1280 Athe-

84 1310 195 1378 nienses,
219 1323 257 1364 an
282 1304 394 1384 putatis
412 1302 586 1383 Philippum
610 1305 737 1365 concedi
761 1305 820 1364 sihi
844 1328 861 1364 a
884 1305 970 1364 vohis
987 1304 1222 1385 postulaturum,

84 1393 132 1454 uisi
146 1403 170 1450 ιι
183 1409 233 1449 vos
252 1401 476 1460 contemneret,
496 1388 576 1448 etin
594 1388 670 1460 istis,
689 1411 818 1468 quorum
837 1389 996 1451 amicitiam
1013 1389 1062 1448 hic
1077 1402 1220 1470 expeten-
1293 1420 1299 1427 ·

83 1479 137 1539 darn
150 1487 178 1535 ct
192 1473 408 1533 conciliandam
426 1471 492 1531 sibi
503 1472 605 1544 duxit,
629 1484 775 1532 summam
793 1474 933 1534 fiduciam
951 1456 1096 1539 liaberet?
1132 1475 1220 1549 Quos

80 1582 131 1641 ιιιι
150 1559 240 1640 pudet
254 1556 401 1655 Philippo
415 1556 524 1616 vivere
547 1555 684 1636 potius,
694 1579 783 1635 quam
807 1579 878 1618 suae
902 1559 1029 1638 patriae:
1055 1580 1072 1618 a
1097 1579 1158 1658 quo
1186 1579 1221 1617 ea
1258 1580 1259 1583 ¹

79 1664 196 1716 munera,
214 1661 289 1720 quae
307 1640 469 1720 accipiunt,
491 1641 571 1700 ferre
588 1658 624 1701 ιι
640 1642 764 1741 domurn
782 1655 905 1722 putant,
923 1654 1017 1722 quum*
1034 1643 1157 1703 interim
1176 1646 1234 1716 ea,
1298 1686 1300 1690 -

27 1744 31 1755 “
79 1750 140 1810 quae
156 1725 233 1787 domi
250 1739 337 1797 sunt,
362 1725 501 1786 vendant
536 1727 602 1785 Iam
616 1726 653 1785 de
671 1726 751 1806 pacis
771 1728 997 1802 emendatione,
1022 1749 1111 1808 quam
1129 1724 1222 1808 legati
1312 1794 1315 1802 ¹

41 1824 53 1878 “,
77 1815 106 1875 ιιι
128 1833 161 1873 eo
183 1810 264 1871 missi
289 1830 382 1891 penes
407 1831 463 1873 nos
490 1831 555 1872 esse
573 1810 755 1883 iusserunt,
771 1813 842 1891 qnia
859 1812 1044 1877 correximus
1062 1811 1116 1886 id,
1136 1810 1220 1891 quod

77 1898 155 1959 totius
177 1895 297 1955 humani
322 1886 443 1978 generis
469 1915 619 1956 consensu
645 1896 758 1955 iustum
786 1909 845 1971 ιιι,
885 1909 920 1956 ιιι
944 1897 1067 1975 utrique
1093 1919 1147 1956 sua
1172 1908 1218 1955 te·
1301 1898 1314 1915 ⁶

76 1995 165 2043 neunt:
191 1980 221 2045 id
244 1992 274 2041 et
295 2001 328 2040 se
348 1980 549 2054 concessisse,
576 1991 607 2039 et
624 1979 739 2062 legatos
755 1982 795 2048 ad
812 2002 866 2042 vos
884 1980 993 2040 dixisse
1012 1994 1119 2062 negat,
1143 2000 1216 2078 pro·
1235 1978 1275 2034 53

74 2081 131 2148 pter
145 2064 251 2125 nullam
267 2065 355 2127 aliam
374 2086 510 2138 causam,
528 2064 588 2124 nisi
578 2065 687 2143 quod
705 2065 769 2124 ab
760 2066 844 2138 istis,
862 2064 972 2145 quibus
990 2064 1092 2125 amicis
1109 2065 1218 2137 utitur,

74 2173 263 2250 persuasum
254 2149 283 2208 ei
309 2162 372 2222 est,
405 2170 458 2209 vos
485 2170 536 2221 ea,
569 2171 646 2228 quae
671 2171 726 2230 pro
753 2151 900 2216 concione
926 2149 1005 2210 dicta
1031 2161 1120 2222 sunt,
1153 2170 1217 2209 non
1282 2170 1287 2185 ¹

74 2235 230 2296 meminisse.
256 2233 363 2313 Atqui
380 2232 479 2293 solum
497 2234 556 2293 hoc
574 2233 664 2293 obliti
682 2255 747 2294 esse
766 2257 829 2295 nou
844 2235 983 2316 potestis.
1017 2234 1120 2293 Nam
1112 2250 1144 2293 ιιι
1163 2254 1216 2292 eo-

74 2323 132 2380 dem
147 2331 291 2379 conventu
310 2330 341 2377 et
352 2318 450 2400 legati
468 2320 575 2379 advos
594 2319 630 2378 ah
650 2339 687 2378 eo
706 2320 789 2380 missa
780 2319 896 2381 verba
913 2319 1062 2418 fecerunt,
1081 2331 1113 2379 et
1129 2339 1216 2378 sena-

73 2406 275 2465 tusconsultum
298 2402 444 2482 scriptum
471 2415 523 2464 est.
558 2406 661 2496 ltaque
679 2405 747 2464 fieri
765 2405 889 2484 nequit,
916 2416 1010 2483 quum
1028 2404 1061 2463 ιιι
1078 2423 1112 2462 re
1114 2423 1215 2489 prac-

73 2489 141 2549 senti
156 2490 239 2549 verba
255 2488 333 2548 sacta
352 2501 469 2561 essent,
505 2500 536 2548 et
553 2489 657 2570 postea
675 2490 775 2549 statim
793 2480 1121 2576 senatusconsultum
1106 2487 1215 2561 recita·
1300 2500 1304 2504 ’

72 2587 161 2647 retur,
180 2587 214 2633 ut
229 2595 281 2632 vos
299 2572 382 2632 istud
401 2573 576 2646 decretum,
601 2570 711 2653 quod'
701 2597 734 2633 ιιι
751 2574 866 2656 legatos
883 2564 1082 2646 mentiretur,
1108 2571 1216 2632 vestris

71 2659 205 2740 suffragiis
223 2657 499 2757 comprohaveritis
534 2658 635 2732 Quare
660 2658 718 2718 ho'c
743 2681 806 2718 non
825 2671 929 2718 contra
946 2679 1013 2730 me,
1039 2657 1102 2719 sed
1111 2668 1217 2717 contra
1305 2707 1309 2716 .

72 2764 123 2802 vos
139 2743 259 2822 scripsit:
281 2763 336 2802 vos
354 2742 392 2802 iis
411 2743 447 2803 de
466 2741 574 2813 rebus,
593 2744 630 2801 de
650 2743 760 2822 quihus
779 2742 855 2802 nihil
873 2742 1049 2813 audissetis,
1067 2760 1216 2820 responso

72 2829 151 2900 dato,
168 2829 313 2887 decretum
331 2826 408 2886 illud
427 2828 513 2886 adse
532 2826 655 2886 misisse
691 2827 736 2886 Ac
758 2825 850 2909 legati
861 2825 1019 2926 'quidem
1010 2825 1086 2905 ipsi,
1105 2823 1216 2904 quihus

56 2912 174 2979 ,decreti
186 2911 371 2971 mendachxm
386 2911 484 2971 fraudi
500 2923 573 2984 erat,
588 2929 682 2990 quum
698 2912 740 2972 eis
757 2913 794 2972 de
812 2911 924 2991 scripto
938 2908 1168 2990 responderitis,
1184 2920 1215 2968 et

72 3017 118 3055 eos
132 2997 165 3055 ad
178 2994 363 3076 hospitium
353 2996 531 3068 ruvitaretis,
548 3016 612 3054 non
629 3018 693 3057 ausi
685 2998 797 3056 suere
813 2996 982 3076 prodirem
996 2994 1163 3093 publicum,
1180 3014 1215 3053 ae

71 3081 172 3140 dicere:
188 3081 328 3141 Iniuriam
345 3080 434 3140 nobis
452 3080 565 3152 facitis,
583 3078 801 3153 Athenienses,
821 3093 851 3141 et
870 3101 904 3139 ea
921 3102 977 3140 nos
996 3079 1104 3138 dixisse
1122 3079 1214 3137 iacta-

71 3165 113 3236 tis,
129 3185 198 3244 quae
215 3186 277 3235 non
295 3164 440 3225 diximus:
458 3166 512 3225 sed
529 3163 614 3225 taciti
631 3186 662 3224 se
681 3166 904 3246 proripuerunt
931 3165 1013 3224 Volo
1030 3175 1132 3224 autem
1149 3183 1215 3261 vqs,

71 3248 273 3323 Athenienses,
298 3247 383 3332 (nam
400 3250 540 3332 Python,
559 3249 611 3328 qui
629 3262 694 3309 tum
712 3248 844 3333 legatum
861 3250 985 3332 agebat,
1012 3250 1091 3330 apud
1109 3269 1162 3308 vos
1181 3247 1214 3306 iu

71 3334 201 3394 concione
218 3334 355 3397 laudatus
374 3332 446 3416 fuit)
466 3355 572 3394 eorum
590 3335 768 3410 verborum,
795 3356 871 3415 quae
890 3335 981 3407 dixit,
1007 3332 1213 3394 commonela

72 3419 216 3479 cereseio
235 3419 328 3492 enim,
348 3442 400 3480 vos
419 3441 452 3479 ea
470 3418 651 3480 meminisse.
670 3421 808 3481 Fuerunt
824 3433 925 3480 autem
943 3440 1114 3520 perquam
1104 3417 1213 3478 similia

73 3502 148 3561 etiam
162 3503 205 3563 his
221 3504 358 3585 Philippi
375 3505 476 3565 literis.
494 3505 570 3564 Nam
589 3505 687 3564 dum
678 3528 711 3564 m
728 3527 795 3578 nos,
810 3527 865 3584 qur
856 3500 1055 3585 'Philippum
1073 3501 1212 3566 crimina-

70 3609 144 3665 mur,
159 3589 366 3662 inveheretur,
386 3589 475 3649 etiam
488 3612 546 3654 νοι
565 3589 727 3650 incusabat.
763 3591 866 3665 Quum
889 3591 970 3651 enim
987 3590 1079 3650 Rex
1070 3589 1211 3649 incitatus

70 3683 138 3730 essct
152 3674 185 3731 ad
202 3673 282 3733 bene
301 3675 339 3734 de
357 3674 443 3734 v'ohis
461 3675 655 3748 merendum,
682 3688 713 3734 ct
730 3688 858 3736 vestram
876 3675 1037 3736 amicitiam
1055 3696 1126 3755 prae
1145 3693 1211 3734 cae-

67 3756 129 3816 teris
146 3756 268 3818 Graecis
292 3757 325 3819 in
349 3759 454 3839 primis
473 3760 679 3839 expetivisset,
702 3782 755 3820 vos
778 3761 858 3819 illius
877 3761 1034 3821 desideriis
1052 3760 1211 3827 obsistere,

67 3841 302 3903 calumniatorum
321 3843 490 3904 orationem
507 3844 724 3924 approbantes,
748 3845 800 3925 qui
824 3847 972 3918 eundem,
996 3867 1014 3904 a
1038 3864 1099 3924 quo
1117 3863 1211 3939 pecq-

64 3925 133 3986 niam
148 3941 305 4008 peterent,
324 3928 570 3989 criminamntur:
596 3953 689 4009 quum
706 3951 778 3990 vero
797 3930 842 3989 illi
859 3931 934 3991 tales
952 3929 1123 4019 orationes,
1142 3925 1209 4006 qui-

64 4010 111 4071 hus
126 4024 159 4071 ut
176 4013 242 4093 ipse
259 4013 486 4094 proscindatur,
513 4013 554 4074 ita
572 4034 625 4074 vos
643 4013 853 4088 oblectemini,
875 4005 985 4093 allatae
1000 4013 1085 4073 sint:
1100 4009 1210 4072 mutari

54 4094 117 4157 ιιιιι
133 4097 284 4170 animum,
318 4099 402 4176 quod
418 4098 477 4159 illis
495 4098 631 4159 insidiari
647 4111 788 4179 putetur,
820 4101 858 4159 de
877 4099 987 4179 quihus
1005 4097 1083 4156 hene
1100 4094 1209 4156 mereri

61 4181 223 4242 decreverit
240 4181 377 4242 Proinde
393 4184 520 4256 vetabat,
538 4205 577 4243 ne
595 4183 754 4263 popularcs
774 4198 908 4245 oratores
911 4202 1027 4282 pacem
1027 4178 1209 4278 reprehens

60 4265 154 4327 derent
171 4266 246 4341 (nec
264 4265 348 4327 enim
366 4286 430 4326 eam
448 4289 512 4328 esse
531 4266 775 4368 dissolvendam),
793 4268 890 4328 sed
865 4290 892 4328 ιι
909 4267 942 4326 in
960 4265 1040 4367 pacis
1058 4262 1209 4326 conditio

58 4349 135 4411 uihus
160 4349 280 4431 aliquid
305 4371 461 4432 perperam
484 4353 631 4435 scriptum
653 4352 815 4426 videretur,
840 4350 871 4411 id
896 4351 1087 4474 corripere
1071 4347 1211 4411 iubebat:
