2722 4754
85 171 89 180 '
153 196 157 203 ·
227 193 498 316 aurursus
541 192 976 269 aarsrocrrouum
1010 197 1066 256 ιι
1170 178 1241 259 ἰιι
1340 163 1343 179 '

67 370 144 411 vum
172 359 220 409 est
245 349 407 411 damnum:
440 348 487 411 sin
512 333 699 439 gubernator
724 350 869 431 deceptus
894 346 987 411 fuerit
1011 362 1063 411 aut
1088 337 1251 424 ιιιιιιιιιιιι,Ι

69 433 233 494 communi
258 434 425 494 calamitate
452 447 598 494 vectores
615 450 720 494 omnes
735 435 892 496 involvit·
927 437 971 496 sic
997 448 1028 495 et
1049 432 1242 516 plebeiorum
1322 475 1327 486 ι

68 531 197 599 peccata
216 539 280 578 non
300 519 331 578 in
350 518 475 599 populi,
508 519 591 578 sed
581 541 613 578 m
625 519 765 600 ipsorum
784 523 926 580 damnum
945 521 1076 594 cedunt,
1106 522 1161 580 sod
1178 541 1244 581 rna·

69 604 278 687 gistratunm
277 617 308 662 et
324 603 540 684 rempublicam
559 603 794 686 gubernantium
811 617 932 684 peecata
957 607 994 664 ad
1012 627 1065 665 vos
1084 605 1244 666 universus
1290 663 1300 668 ,

67 689 240 770 pertinent
264 682 471 769 Quapropter
478 702 508 748 et
525 687 621 748 Solon
639 689 775 770 plebeiis
783 690 878 762 tarda,
895 690 1119 770 magistratibus
1139 704 1170 751 et
1186 711 1244 771 po·
1278 708 1284 726 ¹

67 773 139 856 puli
158 773 415 856 gubernatoribus
432 773 548 835 velocia
572 773 735 874 supplicia
742 774 937 848 constituit,
944 774 1028 854 quod
1047 776 1260 850 existimabat,

68 861 112 920 de
139 859 203 919 illis
229 858 336 938 quovis
361 871 499 940 tempore
524 858 604 924 sumi
626 879 716 940 posse
735 880 870 941 poenas,
897 858 965 918 bos
967 879 1093 937 moram
1117 859 1245 921 ultionis
1343 877 1345 880 ⁴

57 965 139 1026 ‘non
167 943 341 1004 admittere:
370 965 512 1023 oppressa
537 944 617 1003 enim
641 944 792 1005 libertate
805 945 858 1024 qui
882 965 1005 1027 poenas
1020 951 1153 1026 repetat,
1177 946 1245 1004 fore
1329 966 1333 970 ·

67 1029 241 1088 neminem
252 1027 366 1109 Atque
386 1028 485 1088 baec'
476 1028 614 1089 instituta
632 1034 723 1089 nem'o
742 1029 790 1090 ita
803 1044 848 1090 est
865 1031 913 1089 vel
932 1030 1122 1109 impudens,
1125 1031 1174 1088 vel
1192 1049 1245 1089 ve
1268 1045 1328 1101 509

68 1117 131 1176 stri
152 1125 341 1187 contemtor,
361 1135 413 1192 qur
404 1113 569 1189 refellere
588 1115 716 1188 audeat,
732 1128 853 1215 praeter
868 1113 1111 1196 Aristogitonem
1126 1114 1245 1175 eteius

69 1199 233 1259 audaciam
259 1211 290 1257 et
312 1184 545 1296 improbitatem.
569 1197 711 1259 Omnes
707 1201 798 1259 enim
821 1200 1014 1281 magistratus
1039 1212 1069 1259 et
1083 1199 1222 1258 claros
1212 1221 1247 1258 ιιι
1278 1262 1294 1272 j

68 1281 280 1364 republica'
251 1303 332 1349 viros
350 1282 554 1356 inveniemus,
576 1306 603 1342 ιι
594 1283 694 1362 qnid
705 1285 806 1344 semel
824 1284 945 1366 a-vobis
963 1284 1195 1365 pronuntiatum
1212 1284 1247 1344 iu

74 1389 135 1431 eos
151 1369 262 1440 fuerit,
287 1381 383 1428 ratum
403 1368 552 1427 babuisse.
593 1368 670 1427 Nam
688 1369 720 1429 et
735 1371 761 1428 si
781 1370 890 1450 quibus
909 1369 1074 1452 abrogatur
1090 1366 1255 1451 magistra-³

76 1467 142 1525 tus,
164 1453 313 1536 ii'statim
338 1453 496 1532 deponunt
518 1474 628 1513 munus
647 1466 684 1512 ‘et
707 1474 836 1514 coronas
861 1455 1019 1515 amittunt:
1046 1467 1077 1515 et
1102 1454 1249 1534 siquis
1302 1498 1312 1509 ,

75 1538 211 1598 Sexviris
230 1537 263 1598 in
280 1536 474 1619 Areopagum
499 1558 562 1595 uon
589 1537 809 1615 admittuntur,
836 1539 947 1598 o'missa
961 1539 1117 1599 *violentia
1142 1537 1247 1618 aequis
1306 1561 1308 1565 ·

75 1622 188 1683 animis
213 1633 311 1682 vestra
336 1623 367 1681 iu
395 1622 570 1705 cognitione
596 1623 808 1702 acquiescunt:
834 1637 865 1684 et
889 1625 964 1684 baec
990 1625 1097 1684 merito
1124 1625 1248 1697 faciunt.

53 1707 346 1793 ‘Quemadmodum
366 1709 461 1781 enim,
480 1717 548 1767 'cum
567 1707 608 1779 iu=
618 1707 792 1790 magistratu
811 1722 897 1781 suut,
920 1731 937 1767 a
954 1707 1080 1789 plebeiis
1100 1708 1248 1768 obedien·

75 1793 159 1853 tiam
176 1791 232 1852 sibi
250 1790 354 1852 deberi
373 1805 512 1852 censent:
538 1792 645 1852 eodem
670 1795 763 1853 modo
781 1807 812 1854 et
830 1793 904 1874 ipsi,
929 1793 1070 1873 deposito
1089 1794 1248 1876 magistra-
1263 1798 1278 1854 ᾖ

79 1891 140 1954 tu,
164 1876 295 1960 legibus,
320 1876 515 1956 reipublicae
522 1877 827 1953 moderatricibuS,
818 1899 884 1939 rure
903 1877 1122 1957 obsequuntur
1157 1879 1249 1938 Prae-

76 1976 183 2036 terea,
202 1961 253 2042 qui
269 1962 486 2062 rempublicam
505 1962 768 2037 administrarant,
795 1982 918 2034 omnes,
936 1962 979 2035 si,
999 1963 1179 2023 ememoria
1196 1983 1249 2023 ve·
1262 1992 1268 2006 ‘
1340 1989 1344 1996 “

76 2047 204 2108 tustatis
222 2046 329 2107 facto
320 2047 427 2120 initio,
450 2060 588 2127 repetere
606 2048 778 2108 volueritis:
804 2069 868 2107 nno
886 2043 979 2106 modo
999 2069 1104 2107 omnes
1124 2048 1249 2106 cessisse

74 2132 189 2191 vestris
216 2131 362 2191 institutis
387 2132 549 2232 apparebit
583 2132 658 2191 Nam
685 2146 715 2192 et
732 2133 897 2192 Aristidem
916 2131 1024 2207 aiunt,
1043 2155 1058 2191 a
1082 2131 1249 2191 maioribus

77 2217 269 2298 relegatum,
287 2234 324 2275 eo
344 2237 440 2294 usque
459 2217 489 2276 in
501 2210 625 2299 Aegina
645 2238 709 2276 esse
726 2229 895 2302 versatum,
912 2216 1011 2276 donec
1030 2238 1098 2275 eum
1116 2215 1250 2296 populus
1293 2227 1296 2233 '
1342 2266 1345 2272 .

78 2313 270 2361 revocasset.
297 2314 328 2360 et
351 2301 518 2361 miltiadem
541 2315 633 2380 atque
656 2290 804 2361 Periclem
828 2302 1062 2374 condemnatos,
1087 2301 1170 2359 bunc
1190 2300 1250 2360 tri-

79 2387 182 2468 ginta,
211 2386 297 2467 illum
324 2386 543 2485 qninquaginta
568 2387 690 2447 talentis
716 2386 842 2459 solutis,
864 2387 911 2446 ita
938 2386 1077 2445 demum
1086 2386 1250 2446 conciones

78 2471 233 2531 babuisse.
256 2470 367 2569 Quid
358 2470 453 2552 igitur
468 2473 535 2530 fieri
553 2485 656 2551 posset
673 2471 819 2550 iniquius,
837 2492 926 2550 quam
945 2464 970 2529 si
989 2471 1024 2543 is,
1043 2469 1106 2549 qni,
1123 2482 1159 2529 ut
1176 2467 1264 2544 boni·
1338 2485 1344 2500 ¹

79 2556 156 2616 fecit
172 2555 268 2628 nibil,
293 2555 333 2614 ita
352 2557 511 2616 innumera
530 2557 642 2616 scelera
661 2556 846 2637 designavit,
865 2568 933 2614 tam
952 2556 1111 2636 expedite,
1131 2567 1262 2634 praeter,

83 2653 116 2701 et
129 2596 294 2700 utilitatein
311 2653 342 2700 et
356 2641 511 2715 iustitiam,
525 2641 680 2700 licentiam
697 2664 713 2700 a
728 2641 814 2717 vobis
829 2640 1039 2710 violandarum
1054 2640 1156 2721 legum
1168 2650 1253 2700 esset
1311 2659 1314 2665 ·
1335 2715 1338 2722 Ι

85 2738 284 2787 consecutust
312 2746 380 2784 cum
398 2726 453 2798 iis,
479 2725 643 2807 quimulta
663 2739 694 2786 et
717 2745 825 2807 magna
844 2725 876 2784 in
894 2746 948 2785 vos
977 2725 1125 2785 beneficia
1143 2732 1253 2799 contu-

85 2811 198 2884 lerunt,
215 2823 402 2890 eapotestas
420 2813 486 2871 data
504 2831 568 2885 non
583 2811 687 2884 fuerit,
703 2823 739 2870 ut
756 2811 799 2870 eis
817 2810 933 2889 aliquid·
949 2822 1054 2868 contra
1072 2809 1156 2889 leges
1174 2807 1265 2889 apud'
1295 2861 1297 2865 ,

83 2915 140 2955 vos
163 2908 300 2975 receptas
324 2916 414 2977 agere
427 2895 678 2956 concederetur?
703 2896 742 2954 Et
761 2895 890 2974 quidde
907 2893 1040 2973 antiquis
1059 2893 1159 2953 dicere
1184 2893 1255 2953 atti·
1341 2953 1345 2962 ,

84 2980 158 3044 neti>
175 2979 313 3053 ‚Nostrae
336 2981 442 3041 aetatis
468 2981 607 3045 homines
630 2979 837 3054 considerate,
861 3000 904 3039 an.
923 2979 1032 3057 aliqui‘s
1055 3000 1189 3059 unquam
1204 2979 1255 3053 ,ιιι
1287 3000 1292 3009 ·
1325 3030 1328 3035 .

85 3064 238 3127 exstiterit
254 3065 434 3147 impudens?
449 3065 815 3166 NeminemreperIetis,
839 3064 866 3124 si
880 3076 1021 3124 accurate
1040 3062 1256 3145 quaesiveritis.

53 3150 164 3210 ‚Huc
178 3150 256 3210 illud
274 3150 458 3229 accedit,
433 3173 459 3210 ιι
484 3149 551 3230 quis
575 3151 744 3211 decretum
757 3162 809 3209 ant
826 3150 925 3232 legem
948 3150 1028 3230 apud
1046 3149 1187 3209 Serviros
1206 3169 1255 3209 ac-¹

86 3247 189 3308 cusat,
218 3256 289 3294 cum
307 3236 355 3296 lex
371 3248 425 3295 aut
442 3235 626 3296 decretum
616 3235 737 3295 irritum
751 3248 818 3308 est,
845 3248 911 3295 tum
929 3234 1086 3316 legislator
1104 3233 1256 3295 decretive

85 3332 194 3380 auctor
212 3301 289 3379 nibil
307 3320 501 3401 impudenter
517 3342 606 3404 agere
625 3333 769 3393 conatur,
793 3319 871 3379 nibil
889 3319 1053 3380 violenter:
1078 3321 1146 3392 sed,
1171 3318 1257 3398 quic-

87 3405 163 3486 quid
182 3406 395 3485 decreveritis,
420 3419 518 3467 ratum
537 3406 645 3479 babet,
672 3405 739 3465 etsi
737 3405 796 3466 vel
814 3404 1007 3483 eloquentiae
1024 3361 1184 3475 facultaie,
1207 3403 1257 3463 vel

86 3513 189 3551 rerum
214 3492 415 3573 gerendarum
434 3492 611 3555 dexteritate
635 3490 792 3550 intervos
817 3489 949 3551 excellat
991 3487 1042 3550 Au
1060 3508 1133 3548 vero
1151 3487 1258 3547 absur-

87 3577 161 3637 dum
179 3596 244 3635 non
264 3588 324 3647 est,
343 3597 412 3636 cum
423 3597 482 3663 ea,
501 3599 577 3678 quae
596 3597 649 3637 vos
670 3596 775 3635 omnes
794 3575 826 3635 in
845 3586 999 3637 conventu
1016 3573 1141 3653 publico
1161 3593 1208 3632 ex
1205 3572 1259 3633 le-

87 3660 177 3761 gibus
204 3661 396 3734 decrevistis,
422 3661 486 3722 sint
507 3662 617 3722 irrita:
639 3660 859 3742 Aristogitonis
883 3658 1068 3720 voluntati
1053 3678 1092 3717 ιιι
1115 3657 1259 3726 violando

23 3821 26 3824 Α
87 3746 154 3805 inre
173 3745 242 3826 plus
263 3767 352 3826 quam
375 3745 447 3826 ipsis
473 3746 592 3846 legibus
616 3743 723 3805 tribui
734 3743 941 3805 auctoritatis?
968 3745 1104 3817 Rursus,
1114 3743 1156 3803 si
1181 3741 1260 3823 quis,

17 3828 20 3833 ’
54 3829 58 3834 ‘
88 3831 242 3891 actionem
260 3843 456 3910 persecutus,
467 3831 602 3910 quintam
622 3831 835 3912 suffragiorum
852 3842 970 3912 partem
988 3850 1052 3889 non
1069 3827 1190 3889 tuleritz'
1202 3825 1261 3889 cni

88 3937 135 3976 rer
126 3915 274 3996 legibus
294 3935 329 3975 ea
345 3935 444 3994 poena
464 3915 590 3975 delinita
604 3927 668 3987 est,
702 3936 741 3975 ne
760 3915 784 3975 is
804 3915 841 3974 de
856 3928 980 3975 caetero
999 3925 1135 3986 accuset,
1169 3926 1218 3975 ne
1227 3912 1268 3988 iu

90 4020 240 4060 carcerem
258 3999 396 4071 abducat,
415 4019 453 4059 ne
472 4000 602 4060 deferat:
621 4003 729 4060 eodem
744 4002 837 4061 modo
853 4010 958 4065 contra
972 3999 1046 4059 baec
1061 4019 1152 4061 nemo
1167 4016 1261 4082 agen-
1302 4074 1305 4080 .

91 4086 163 4145 dum
183 4105 250 4144 ease
269 4095 356 4165 putat
374 4105 496 4158 eorum,
523 4107 576 4165 qur
566 4083 630 4144 ad
649 4085 731 4144 hunc
749 4085 873 4145 modum
892 4084 1030 4144 mulctati
1046 4096 1126 4145 snut.
1168 4083 1261 4165 Apud
1299 4115 1317 4135 a

93 4169 207 4230 solnm
217 4181 319 4229 autern
340 4167 584 4251 Aristogitonem
608 4191 645 4230 ex
669 4170 809 4231 omnibns
835 4169 954 4231 nullum
978 4189 1080 4249 neque
1103 4167 1269 4244 iudicium,
1282 4168 1345 4230 510

57 4308 64 4315 ,
93 4274 218 4335 neque
216 4249 280 4315 lex
291 4254 359 4335 plus
382 4253 475 4315 babet
492 4253 679 4341 auctoritatis
697 4254 852 4317 libidinef
843 4255 946 4337 ipsius.
981 4256 1076 4331 Quae
1092 4254 1210 4316 omnia
1217 4253 1269 4315 sic
1310 4316 1319 4347 a

95 4329 287 4412 observasse,
320 4361 422 4420 neque
438 4361 512 4414 vos,
544 4332 658 4422 neque
663 4341 794 4405 maiores
811 4354 930 4404 vestroe
948 4362 1083 4427 unquam
1097 4339 1261 4422 poenituit
