2722 4754
343 198 612 261 ΝοΝιΝι
642 134 923 260 ΝοΝοΝιιΝ
1128 260 1131 267 ,
1176 155 1249 262 'aar'
1292 161 1309 225 ’-

68 352 169 432 igitur
186 354 379 436 cogitabitis,
405 374 569 432 nunquam
585 353 717 424 defore,
731 352 786 437 qui
802 364 909 412 vestra
918 350 976 411 sibi
1002 327 1157 410 vindicent
1169 349 1240 433 (aut
1259 411 1262 419 s

69 437 154 496 enim
174 438 307 519 pupillos
332 451 384 498 aut
405 437 557 526 pupillas
561 434 792 498 subornabunt
795 450 837 498 et
849 444 977 496 vestram
1003 434 1254 523 misericordiam,
1283 487 1285 497 .

69 510 297 603 implorabunt,
321 537 373 582 aut
391 516 578 582 senectutem
597 521 628 583 et
644 523 778 601 inopiam
797 533 828 580 et
845 522 947 582 matris
966 520 1138 591 alimoniam
1156 542 1240 581 com-

70 621 277 667 memorantes
297 621 327 666 et
343 607 547 686 deplorantes,
565 628 620 687 per
638 626 714 692 quae
728 627 782 665 uos
800 605 941 665 sacillim'e
959 626 1049 686 posse
1067 602 1195 686 decipi
1184 628 1243 705 pu-.

70 704 154 766 tant,
173 691 285 752 mulcta
303 692 392 752 etiam
410 692 628 773 rempublicam
645 692 783 752 fraudare
802 688 983 770 studebunt)
1001 689 1075 748 his
1066 691 1175 772 igitur,
1193 691 1242 749 in·
1276 746 1281 755 ,

43 799 175 877 ‘quarm
192 777 339 860 neglectis
358 777 569 850 omnibus,s1
574 797 626 837 eos
645 775 905 848 condemnabitis,
922 786 1024 834 vestro
1043 776 1127 835 eritis
1145 774 1243 852 sunni

73 862 186 922 officio.
926 889 928 893 ·

75 1169 306 1288 CONTRA
340 1214 619 1288 CONONEM
655 1215 829 1287 ACTIO
862 1129 1325 1296 lNIURlARllM
1265 1231 1326 1286 298

210 1349 213 1353 '
459 1335 531 1407 OB
570 1334 860 1407 VERBERA.
1142 1340 1146 1349 ‘

433 1654 870 1752 ARGUMENTUM.

65 1757 191 1847 Aristo
213 1782 410 1847 Athenienn's
436 1747 596 1844 Cononem
620 1784 840 1845 verberationis
866 1791 1003 1859 accusat,
1027 1808 1059 1846 se
1081 1787 1120 1847 ab
1147 1807 1185 1849 eo
1213 1799 1245 1847 et

75 1872 142 1930 eius
161 1870 225 1930 filio
250 1869 427 1948 verberibus
451 1866 602 1929 allectum
622 1888 688 1929 esse
713 1889 902 1969 conquerens
922 1882 953 1930 et
979 1872 1043 1931 eius
1061 1872 1133 1942 lacti
1148 1883 1243 1932 testes

75 1956 257 2035 producens.
282 1941 392 2014 Conon
409 1954 522 2014 facturn
539 1967 632 2038 negat
650 1967 680 2015 et
696 1954 829 2015 vicissim
846 1967 940 2015 testes
957 1956 1114 2041 producit.
1133 1955 1244 2035 quibus
1288 2030 1291 2037 Ι

73 2041 299 2099 Demosthenes
323 2040 414 2099 fidem
430 2038 609 2099 habendam
636 2060 701 2101 esse
720 2051 828 2122 negat,
854 2041 937 2120 quod
956 2054 995 2102 et
992 2035 1188 2123 improbe*
1160 2061 1243 2100 utre

74 2124 138 2183 rint
157 2137 187 2184 et
205 2125 344 2205 expedite
362 2123 484 2233 mentiri
502 2120 626 2185 soleant

483 2288 841 2321 ...-.....ι-...«...,......

78 2424 164 2512 Cum
182 2471 279 2511 essem
306 2451 499 2511 contumeliis
516 2449 643 2512 allectus
673 2454 763 2514 etsie
791 2460 935 2516 tractatus
954 2477 971 2515 a
989 2452 1136 2531 Conone,
1161 2437 1243 2518 ludi·

78 2559 144 2611 ces,
167 2549 202 2614 ut
228 2538 321 2619 longo
349 2549 487 2618 tempore
511 2556 611 2616 neque
638 2537 798 2599 domestici
823 2539 901 2614 m'ei,
928 2559 1028 2621 neque
1054 2542 1242 2617 medicorum

78 2624 237 2722 quisquam
255 2642 303 2680 me
322 2641 480 2680 evasurum
503 2632 660 2704 putqrent:
685 2637 859 2705 recuperata
884 2625 1064 2695 valetudine
1077 2640 1109 2685 et
1118 2640 1253 2706 praeter-
1305 2688 1309 2695 ,

25 2748 30 2759 -
77 2707 255 2788 opinionem
274 2719 478 2778 conservatus,
497 2726 566 2789 eum
584 2705 643 2764 hoc
657 2708 783 2768 crimine
795 2708 976 2788 pulsationis
988 2711 1146 2790 postulavi.
1166 2707 1243 2770 Cum
1320 2776 1324 2791 1

31 2832 35 2838 -
77 2792 159 2854 enim
179 2811 284 2850 omnes
302 2791 424 2873 cognati
442 2802 473 2848 et
489 2790 587 2861 amici,
605 2811 681 2868 quos
701 2793 852 2866 consului,
871 2813 951 2868 cum,
968 2793 1028 2854 illis
1046 2793 1243 2868 facinoribus,
1268 2811 1291 2855 .·

77 2890 109 2938 et
125 2888 161 2935 ut
178 2875 303 2935 furem
294 2898 327 2935 ιιι
345 2893 494 2936 carcerem
511 2874 608 2954 abripi
634 2888 665 2934 et
681 2877 802 2956 publice
828 2878 1030 2938 contumeliae
1047 2899 1136 2958 posse
1155 2900 1244 2939 accu
1299 2930 1305 2941 .

75 2984 136 3022 sarr
127 2960 297 3032 dicerent,
315 2960 502 3028 mihiautem
517 2960 680 3021 suaderent
697 2973 727 3021 et
745 2976 916 3038 monerent,
933 2984 972 3035 ne
987 2963 1134 3045 graviora,
1153 2986 1243 3043 qnam
1263 3028 1276 3037 f
1296 3040 1299 3044 Ι

75 3049 156 3108 ferre
162 3065 309 3145 possem,
335 3044 536 3125 susciperem,
559 3065 638 3105 neve
635 3067 745 3144 supra
761 3059 906 3120 aetatem,
925 3069 984 3127 qua
1002 3068 1098 3135 essem
1116 3049 1243 3109 allectus

75 3130 213 3204 iniuriis,
224 3130 375 3190 actionem
394 3129 601 3189 instituerem:
618 3129 662 3190 sic
656 3130 743 3205 leci,
761 3134 860 3212 deque
876 3128 1000 3192 illorum
1015 3120 1166 3193 sententia
1168 3133 1243 3234 ‘pri-

43 3288 45 3295 Ι
76 3229 179 3276 vatum
196 3215 342 3281 iudicium
360 3237 426 3274 sum
444 3213 588 3295 adeptus,
613 3235 792 3295 quamquam
811 3217 1031 3298 cupidissime'
1022 3231 1112 3278 istum
1130 3219 1177 3279 rei
1195 3240 1243 3279 ca-

75 3300 178 3382 pitalis
196 3321 282 3360 reum
299 3300 446 3359 fecissem.
463 3298 568 3379 Atque
581 3299 657 3359 buic
674 3301 830 3362 acerbitati
847 3322 933 3364 meae
950 3322 1004 3362 vos
1024 3323 1140 3375 omnes,
1158 3303 1243 3363 audi-

66 3386 116 3446 ·tis
135 3384 270 3459 iniuriis,
297 3405 374 3464 quae
392 3383 468 3443 mihi
485 3384 579 3464 laetae
597 3397 685 3457 sunt,
711 3386 829 3446 veniam
848 3407 913 3446 esse
933 3386 1055 3446 daturos
1073 3388 1144 3448 satis
1162 3388 1243 3447 scio:
1309 3430 1315 3443 s

76 3472 260 3551 quamquam·
278 3470 358 3529 enim
376 3491 483 3552 magna
502 3482 590 3542 esset,
609 3491 697 3548 quam
715 3483 780 3531 tum
798 3493 960 3552 perpessus
976 3491 1066 3546 eram,
1084 3475 1243 3534 contume-

70 3556 126 3629 lia,
144 3577 208 3615 non
225 3555 326 3614 minor
342 3567 444 3614 tamen
461 3568 532 3634 post
547 3554 607 3613 luit
623 3555 709 3615 istius
728 3556 912 3638 improbitas.
929 3558 1005 3618 Peto
1023 3569 1124 3616 autem
1144 3569 1174 3616 et
1191 3556 1242 3617 r'o-
1265 3572 1337 3628 299'

65 3661 116 3724 ¹go
135 3661 188 3701 vos
214 3642 328 3720 pariter
352 3638 477 3713 o‘mnes,
498 3638 646 3721 primum,
670 3652 706 3701 ut
722 3662 770 3701 me
796 3643 833 3701 de
859 3640 1243 3721 iniuriis'conquerentem

76 3726 210 3807 benigne
228 3724 372 3806 audiatis:
398 3724 523 3798 deinde,
547 3725 573 3783 si
591 3738 696 3784 contra
714 3726 779 3785 iura
798 3739 828 3785 et
845 3727 928 3809 leges
954 3738 1096 3786 tractatus
1116 3747 1181 3791 esse
1199 3727 1250 3787 vi-
1315 3744 1319 3759 “

76 3810 182 3886 debor,
200 3823 236 3870 ut
251 3830 301 3869 me
319 3810 351 3869 in
369 3829 438 3869 meo
457 3810 529 3870 iure‘
541 3809 696 3871 adiuvetis.
731 3809 887 3892 Exponam
905 3823 1005 3871 autem
1023 3811 1110 3872 vobis
1129 3809 1166 3870 ab
1184 3810 1244 3871 ini-

74 3897 120 3957 tio
139 3919 204 3956 rem
229 3901 351 3954 omnem
379 3894 504 3967 ordine,
527 3894 575 3953 uti
600 3908 684 3976 gesta
710 3908 772 3968 est,
799 3918 889 3975 quam
913 3908 1022 3975 potero
1047 3895 1286 3975 paucissimis.

75 3980 125 4040 Ab
140 3981 211 4041 binc
222 3980 409 4055 triennium,
418 3978 555 4054 custodia
570 3978 659 4038 nobis
674 3980 861 4054 denuntiata,
878 3981 1044 4040 Panactum
1058 4002 1125 4053 sum
1142 4001 1246 4062 egres«

75 4087 135 4126 sus.
170 4066 353 4125 Habuerunt
379 4078 481 4129 autem
500 4060 637 4123 Cononis
655 4064 712 4123 lilii
734 4065 928 4125 tabernacula
946 4085 1043 4145 prope
1061 4085 1134 4125 nos:
1155 4065 1244 4146 quod
1310 4078 1313 4082 ⁴

73 4151 193 4211 utinam
210 4150 321 4211 lactum
340 4171 403 4210 non
422 4162 509 4209 esset
538 4148 657 4215 Primae
677 4150 757 4210 enim
776 4149 951 4230 inimicitiae
971 4162 1002 4211 et
1019 4147 1153 4210 offensae
1171 4150 1243 4221 inde

74 4235 165 4295 nobis
186 4248 269 4295 ortae
288 4247 369 4307 sunt,
386 4234 466 4295 sicut
478 4233 615 4295 audietis.
634 4227 805 4299 Potabant
796 4236 848 4298 asti
861 4222 1011 4314 quotidie,
1030 4234 1243 4316 cumprimum

73 4321 176 4401 pransi
196 4331 415 4394 essent„totos
435 4319 516 4394 diest
540 4319 657 4400 idque,
677 4320 751 4410 dum
768 4319 801 4381 in
819 4319 971 4402 praesidio
989 4319 1119 4400 luimus,
1144 4320 1244 4398 facere
