2722 4754
253 195 257 198 —
342 133 1067 265 ,incensus*anrs'rocna'rdn
1216 183 1301 270 :ua

166 232 179 263 Χ

134 327 269 395 arbitratu
287 353 344 392 suo
369 338 515 403 tractare,
535 329 635 393 sinos
662 331 720 413 ipsi
739 328 955 414 Cersohleptae
982 352 1034 395 eos
1060 332 1221 406 dedamus,
1240 333 1293 413 qui

36 428 40 433 '
135 403 274 503 Europam
293 416 450 488 incolunt,
477 429 568 495 atque
587 419 663 478 adeo
691 406 886 492 eosiomneS,
915 419 1076 500 quihusse
1095 412 1317 480 Charidemus¹
1344 424 1348 431 '

18 492 24 501 ⁸
137 508 310 589 superiorem
328 502 395 563 sore
412 502 568 576 confidet?
598 502 706 584 Neque
726 503 807 563 enirn
825 503 882 563 alia
900 505 1015 570 decreti
1031 503 1075 565 vis
1096 518 1151 579 est,
1169 526 1237 564 cum
1256 503 1293 564 il-

111 604 118 612 ·
135 579 194 654 'lius
208 591 277 674 duci.
287 587 507 670 praescriptum
526 590 666 666 nonsit,
685 589 758 670 qnid
777 589 937 671 agendum,
957 588 1030 670 quid
1048 608 1112 652 non
1131 590 1293 674 agendum3

142 686 173 738 et
187 673 322 748 omnibus,
339 674 452 752 siquis
472 695 504 733 se
524 674 712 749 defenderit,
731 687 832 735 tantus
852 688 950 735 metus
969 675 1151 756 impendeat.
1192 676 1293 751 Libet,
1315 737 1317 740 ,

140 754 336 834 Athenienses,
347 758 445 820 ‘etiam
463 781 528 820 rem
546 774 661 844 gestam
679 760 766 820 vohis
782 760 920 836 recitare,
939 782 1000 841 quo
1016 763 1110 844 magis
1128 761 1292 844 perspicia·

136 845 179 925 tis,
194 860 374 930 quantopere
394 847 550 919 decretum
569 847 628 906 hoc
642 846 684 906 sit
700 846 917 928 abrogandum.
933 842 999 915 'Vos
1019 846 1182 927 aliqnando
1202 848 1292 920 certis
1325 915 1332 922 ,
1354 891 1357 896 ⁷

130 929 266 997 decausis
283 932 383 993 civem
399 931 513 1011 lecistis
527 930 774 1005 Ariobarzanem,
793 945 832 1006 et,
851 944 977 1013 propter
994 932 1092 1007 illum,
1109 931 1292 1004 Philiscum:

128 1029 161 1080 ut
184 1014 277 1091 nun'c,
303 1018 339 1093 in
363 1014 583 1098 Cersobleptac
608 1019 751 1102 gratiam,
776 1014 1001 1080 Charidemum.
1046 1014 1123 1078 Cum
1148 1040 1221 1078 vero
1240 1016 1292 1097 ille
1350 1042 1352 1046 ⁴

121 1106 228 1167 eodem
245 1103 399 1185 praeditus
413 1103 526 1178 animo,
545 1126 606 1183 quo
622 1105 691 1178 iste,
703 1101 922 1182 >Ariobarzanis
937 1118 1026 1165 utens
1047 1103 1181 1166 exercitu
1196 1103 1292 1165 Grae-

117 1205 167 1249 cas
189 1191 275 1252 urbes
296 1203 475 1270 occuparet,
491 1181 594 1269 atque
613 1190 645 1248 in
665 1212 713 1250 eas
731 1190 886 1272 ingressus
905 1190 1000 1250 multa
1019 1203 1050 1250 et
1067 1190 1201 1251 crudelia
1218 1188 1323 1261 sati-g

111 1289 198 1337 nora
213 1277 315 1337 ederet
333 1275 475 1358 ingenuis
493 1275 596 1355 pueris
615 1276 764 1337 violandis
784 1290 814 1336 et
831 1276 977 1337 matronis
996 1276 1185 1357 stuprandis,
1207 1273 1292 1352 ‘nihil

31 1422 44 1437 .
110 1375 225 1429 eorum
234 1361 368 1440 denique
380 1382 444 1420 non
452 1361 576 1435 faceret,
589 1382 666 1440 quae
677 1361 770 1434 homo
781 1361 872 1422 nullis
884 1361 1014 1444 legibus,
1025 1361 1118 1423 nullis
1128 1363 1219 1423 ullius
1229 1351 1292 1424 rei-

101 1445 256 1519 publicae·
266 1446 404 1506 honestis
419 1447 566 1508 institutis
579 1460 609 1507 et
622 1425 951 1527 discipliua'aducatus,
969 1449 1171 1530 principatum
1186 1462 1291 1510 nactus
1332 1513 1333 1516 ,

96 1524 274 1616 designare
293 1545 401 1613 queat:
418 1533 573 1613 Lampsaci
589 1533 712 1594 tandem
730 1534 791 1593 duo
811 1533 933 1613 quidam
953 1533 1093 1596 homines
1110 1537 1304 1604 exstiterunt.

29 1650 32 1655 ·
87 1604 216 1694 (atteri
233 1618 438 1701 Thersagoras
457 1638 571 1693 nonien
588 1619 662 1694 fuit,
687 1619 857 1679 Execestus
871 1617 990 1702 alteri),
1009 1621 1069 1700 ¹qui
1087 1622 1187 1696 idem,
1206 1621 1290 1704 quod

84 1699 229 1765 laudati
257 1704 304 1763 illi'
330 1704 424 1764 vestri
451 1704 677 1787 tyrannicidae,
710 1717 878 1766 statuentes
904 1705 1070 1766 Philiscum
1091 1698 1326 1783 ,occiderunts

80 1772 200 1850 haud
210 1789 334 1863 iniuria,
354 1792 437 1870 quod
455 1792 569 1871 patriae
588 1790 759 1851 libertatem
778 1792 969 1871 asserendam
989 1813 1055 1854 esse
1075 1793 1288 1855 existimarent
1310 1844 1317 1863 Ι

77 1863 239 1941 Quodsi
253 1876 317 1956 quis
331 1875 457 1936 Philisci
471 1878 625 1937 studiosus
644 1889 720 1951 tum,
739 1870 808 1942 caim
821 1877 986 1938 Perinthiis
1005 1879 1289 1961 militibus‘stipen-

69 1945 165 2020 (lia
179 1961 323 2036 solveret,
341 1974 437 2022 totam
456 1956 691 2043 Hellespontum
709 1975 844 2034 teneret,
863 1962 1000 2022 omnium
1017 1965 1189 2045 praesidum
1209 1978 1289 2027 esset

64 2040 334 2126 amplissimus„
345 2046 523 2128 scripsisset,
542 2046 796 2129 quemadmodum
815 2047 872 2107 iste
891 2070 987 2124 nunc:
1004 2048 1038 2107 Si
1056 2050 1123 2129 quis
1142 2050 1289 2111 occiderit
1327 2057 1329 2060 ’

121 2124 292 2206 hiliscum,
309 2129 423 2192 abduci
437 2155 507 2192 eum
527 2133 678 2192 editione
698 2133 852 2193 sociorum
871 2132 976 2210 liceat:
995 2155 1050 2214 per
1068 2135 1143 2195 deos
1161 2136 1287 2195 immor·

58 2211 196 2289 tates,
216 2217 329 2291 videte,
347 2217 380 2284 in
398 2232 547 2297 quantam·
558 2219 757 2300 ignominiam
778 2216 928 2278 civitatem
948 2219 1152 2281 coniecisset?
1178 2212 1286 2280 Profe·
1332 2235 1345 2241 “

14 2298 31 2317 ”’
57 2301 148 2360 eti
168 2303 255 2379 enim
273 2302 476 2386 Thersagoras
495 2317 526 2364 et
544 2305 707 2364 Execestus
725 2304 867 2378 Lesbum,
886 2304 949 2364 illic
968 2304 1157 2366 habitarunt:
1176 2304 1288 2386 quodsi
1343 2324 1348 2335 ‘

30 2450 33 2455 ,
61 2386 215 2463 quise
226 2388 354 2449 Philisci
372 2389 475 2451 liberis
494 2403 546 2451 aut
564 2389 665 2470 etnicis
684 2411 807 2449 manum
825 2389 868 2449 eis
887 2389 1051 2462 iniecisset,
1071 2391 1167 2452 dediti
1184 2403 1290 2458 vestro

64 2475 378 2537 senatusconsulto
398 2475 533 2536 fuissent.
552 2476 709 2551 Quantum
723 2475 818 2557 igitur
832 2475 976 2548 dedecus,
993 2475 1210 2556 Athenienses,
1228 2498 1286 2557 pu-

62 2540 188 2620 blice
208 2575 383 2642 susceptum
403 2575 501 2633 esset,
529 2583 597 2620 cum
617 2581 685 2634 eos,
713 2560 765 2640 qui
783 2561 863 2640 apud
882 2581 936 2621 vos
960 2560 1019 2619 tale
1044 2560 1161 2622 facinus
1180 2560 1285 2623 edide-

74 2657 201 2719 runt,
228 2659 260 2706 et
287 2646 381 2706 aereis
408 2647 514 2707 statuis
534 2659 565 2706 et
590 2646 714 2706 summis
741 2644 911 2707 honoribus
936 2648 1135 2719 ornaveiitis:
1160 2648 1188 2708 si
1205 2646 1286 2723 illos,

94 2730 166 2808 qui
184 2729 408 2811 aliotqnopiam·
423 2731 465 2790 ‘in
484 2732 553 2792 loco
567 2732 671 2805 idem,
694 2731 776 2812 quod
796 2730 844 2804 hi,
872 2731 909 2790 de
928 2732 1024 2810 patria
1042 2754 1096 2792 sua
1114 2745 1285 2806 senserunt,
1308 2725 1361 2783 42

94 2815 268 2876 'deditione
296 2817 513 2895 damnassetis?
556 2818 602 2877 Ac
620 2817 701 2877 illius
721 2813 1029 2897 quiden'tempore,
1055 2817 1187 2878 feliciter
1204 2821 1288 2892 sane,

92 2921 173 2960 non
193 2903 321 2983 accidit,-
338 2917 374 2965 ut
391 2903 511 2983 decepti
529 2902 678 2984 flagitium
697 2901 821 2981 aliquod
840 2901 1056 2966 admitteretis:
1074 2901 1107 2961 in
1125 2902 1184 2963 hoc
1202 2923 1287 2978 vero,

97 2985 133 3044 si
150 2987 231 3046 mihi
248 2988 403 3068 parebitis,
422 3009 460 3048 ne
479 2988 511 3048 id
525 3009 583 3048 usu
601 2981 931 3068 veniat,‚prospioictis.
951 2983 1028 3048 Cum
1047 2986 1140 3062 enim,
1159 3001 1285 3070 excepto
1344 3067 1345 3071 Ἰ

100 3071 245 3149 nemine,
262 3074 295 3133 in
312 3072 489 3135 universum
507 3073 653 3154 scriptum
672 3073 726 3133 sit:
757 3072 792 3133 Si
809 3070 877 3153 quis
896 3072 1043 3136 occiderit
1061 3070 1287 3150 Charidemum,

26 3224 38 3232 ,
108 3156 178 3216 lieri
196 3173 298 3238 queat,
315 3172 351 3219 ut
364 3182 440 3220 casu
460 3158 550 3220 etiam
568 3158 628 3236 tale
648 3159 801 3238 quippiam
821 3157 965 3218 eveniret.
981 3158 1071 3219 Nune
1090 3158 1235 3241 deinceps
1252 3160 1285 3220 in

51 3248 59 3255 ‘
84 3241 189 3327 -sacta
213 3239 546 3305 Charidemiubreviter
568 3244 736 3324 inquiram,
761 3257 795 3304 et
819 3265 966 3304 summam
992 3265 1099 3304 corum
1123 3245 1285 3326 impuden-

109 3327 192 3402 tiam,
211 3351 227 3388 a
246 3330 356 3410 quibus
376 3330 533 3403 laudatur,
553 3331 718 3390 ostendam.
754 3331 857 3389 Unum
874 3342 981 3393 autem„
993 3329 1081 3400 uobis
1093 3330 1176 3390 'illud
1194 3329 1285 3412 polli-
1358 3334 1360 3343 ⁴

113 3433 184 3473 ceor
202 3412 318 3498 (neque
336 3437 410 3476 vero
430 3416 591 3496 quisquam
608 3414 861 3496 pollicitationem
877 3433 977 3473 meam
996 3434 1085 3496 aegre
1102 3413 1212 3498 ferat),
1237 3437 1285 3477 me

112 3495 180 3558 non'
191 3499 270 3561 illud
288 3502 381 3561 modo
410 3514 620 3574 ostensurum,
646 3501 805 3584 indignum
831 3521 903 3559 eum
920 3518 986 3560 esse
1013 3501 1151 3561 custodia
1169 3501 1206 3560 ah
1225 3500 1286 3569 isto

111 3583 248 3658 decreta,
269 3589 325 3648 sed
344 3587 554 3668 gravissimum
573 3587 663 3647 etiam
680 3586 863 3667 supplicium
880 3585 1043 3644 meruisse:
1068 3586 1095 3647 si
1112 3587 1204 3646 modo
1223 3602 1299 3647 ma:
1350 3648 1352 3655 ,

75 3671 89 3679 “
111 3667 201 3730 leveli
219 3673 319 3746 vohis,
338 3684 369 3731 et
384 3671 578 3753 impostores,
597 3686 629 3733 et
644 3672 839 3733 continenter
856 3658 1048 3731 adver'santes
1066 3671 1133 3732 iure
1151 3671 1285 3753 puniun-

112 3766 167 3814 tur.
203 3755 354 3833 Fortassis
374 3762 474 3817 autem'
492 3771 626 3817 vestrum
654 3757 836 3837 quibusdam
861 3756 1124 3818 considerantibus
1143 3759 1285 3837 primum,
1305 3772 1311 3778 ·

112 3837 205 3902 civem
225 3863 296 3904 eum
316 3864 381 3903 esse
400 3843 528 3915 sactum,
547 3843 658 3903 deinde
675 3865 797 3916 rursus,
815 3843 914 3903 aureis
934 3842 1067 3916 coronis,
1085 3855 1229 3922 tanquam
1247 3842 1285 3901 de
1327 3848 1330 3855 '

112 3927 266 4006 republica
287 3928 365 3989 bene
384 3929 537 4002 meritum,
556 3928 749 4002 decoratum,
767 3928 869 3989 mirari
886 3927 985 4003 subit,
1004 3927 1167 3988 vostan'tis
1187 3927 1284 3997 inrd-

112 4009 165 4072 hus
184 4026 247 4072 tam
265 4014 354 4074 facile
375 4035 440 4074 esse
460 4015 613 4094 deceptos.
648 4014 694 4073 Ne
712 4034 785 4075 vero
805 4013 961 4086 dubitetis,
981 4012 1054 4093 quin
1074 4012 1194 4093 decepti
1211 3994 1285 4081 sitis.
1330 4014 1334 4019 ’

112 4091 171 4154 Cur
185 4112 291 4159 autem
306 4086 336 4159 id
350 4099 437 4159 vohis
453 4099 590 4171 accidere
603 4113 842 4163 consentaneum
856 4099 905 4171 sit,
919 4116 1080 4178 exponam.
1099 4101 1173 4172 Vos,
1186 4096 1284 4164 Athe-

110 4180 243 4258 nienses,
264 4206 334 4244 cum
346 4183 440 4244 multa
452 4196 535 4244 recte
557 4183 745 4266 intelligatis,
768 4185 877 4244 iisdem
891 4205 996 4263 parum
1010 4196 1194 4258 constanter,
1214 4204 1283 4245 cum

10 4297 12 4303 ·
109 4288 180 4328 usus
200 4267 524 4350 postulauinustieisj'
537 4265 717 4330 Cuiusmodi
735 4283 791 4344 est,
809 4271 892 4349 quod
912 4268 1004 4329 dico?
1021 4267 1054 4327 Si
1073 4269 1140 4350 quis
1159 4288 1213 4329 ros
1230 4289 1282 4327 ro-
1322 4262 1329 4274 ⁸

109 4368 176 4434 get,
204 4355 362 4435 quoduam
379 4375 475 4438 genus
501 4354 661 4416 hominum
680 4376 716 4416 ex
732 4355 882 4429 ,omnihus
909 4353 1087 4417 mortalibus
1112 4350 1281 4441 incivitate

10 700 23 809 l
