2722 4754
319 156 945 299 *nnpncsnncenmonn
1027 154 1030 159 ’
1152 212 1307 307 1¹⁵⁷»

236 320 247 325 -
423 324 426 333 ,
702 333 703 336 ¹
809 331 812 336 ,
1084 318 1093 343 ,
1283 340 1296 351 l

86 372 148 431 hanc
163 360 366 425 lamando-et
382 380 464 420 sacra
489 345 637 439 quaedam
655 355 762 418 frivola
786 346 961 453 ppragendo
978 362 1091 423 victum
1104 350 1231 447 ¹quaeri·
1277 434 1284 438 ,

85 470 150 519 tasse
165 446 239 509 dicit
258 445 343 521 Quin
360 443 460 526 ipsum
479 446 568 505 etiam
586 442 781 515 Aeschinem,
792 446 1017 529 traditum-est,
1035 462 1066 508 et
1082 447 1231 532 tragicum

86 541 161 602 fnisse
178 532 354 608 histrionem
372 543 403 589 et
419 524 547 590 scribam
567 529 711 600 civitatis,
739 529 822 606 qund
841 530 899 590 vile
917 532 1119 593 ministerium
1139 534 1230 594 habe-

49 666 52 673 .
87 621 164 688 batur.
179 618 247 677 -Sed
266 616 296 676 in
316 629 471 686 oratorum
488 615 611 674 tandem
630 633 791 672 numerum
807 615 892 675 venit
911 629 942 674 et
959 616 1153 699 legationem,
1172 641 1230 701 qua

88 715 189 789 depsce
206 700 429 782 cumPhilippo
447 712 598 782 ageretur,
617 698 702 757 obiit.
719 698 795 763 Nam
811 721 878 758 cum
892 699 1096 764 Athenienses
1115 705 1230 767 bellum

89 816 141 859 mna
154 789 288 868 Philippo
307 786 344 847 dc
362 785 541 867 Amphipoli
558 778 717 867 gererent,
744 797 789 856 et,
815 785 917 845 multis
936 787 1070 847 cladibus
1089 791 1231 871 acceptis,

89 878 148 943 nihil
161 871 350 934 memorabile
376 871 547 948 efficerent:
575 870 690 951 legatos
709 868 746 928 ad
764 869 938 950 Philippum
957 873 994 937 de
1013 893 1086 952 pace
1104 875 1229 935 mitten·
1253 948 1255 957 Ι

43 948 49 965 ”
91 968 132 1028 dos
147 969 268 1021 censent
286 957 402 1039 Legant
420 957 515 1039 igitur
527 956 643 1033 decem,
661 954 741 1014 inter
756 976 833 1033 quos
848 969 878 1015 et
890 956 1056 1017 Aeschines
1072 971 1102 1018 et
1114 959 1228 1029 Demo,
1274 968 1277 973 '

91 1044 331 1113 sthenesl‘uerunt
350 1038 428 1100 Cum
446 1054 546 1100 autem
565 1040 645 1120 pacis
665 1039 862 1101 conditiones
878 1041 1036 1122 Philippus
1055 1045 1230 1124 accepisset,
1248 1039 1253 1047 ’
1298 1032 1307 1047 ¹

91 1153 170 1199 mnus
185 1129 275 1207 iidem
293 1127 461 1196 secundum
479 1126 571 1208 legati
591 1138 681 1196 eunt,
699 1137 734 1207 ut
753 1125 965 1209 iusiurandum
984 1129 1030 1189 dc.¹
1039 1150 1113 1209 pace
1132 1131 1228 1190 detur.

42 1234 49 1247 ¹
92 1226 117 1282 ln
129 1216 166 1277 his
180 1213 308 1297 negotiis
326 1213 383 1273 tria
401 1210 627 1271 Demosthenes
650 1209 758 1269 obiicit
776 1210 937 1270 Aeschini:
967 1212 1035 1271 eum
1053 1214 1229 1290 Philocrati,

91 1304 229 1367 medanae
246 1298 368 1359 noxiam
387 1297 527 1357 suadenti
545 1316 580 1354 ac
601 1295 777 1354 decernenti
795 1317 910 1376 pacem,
928 1292 1125 1380 suffragatum
1144 1321 1227 1360 esse:

92 1383 419 1470 tempratrivisse,>undc
434 1381 607 1463 contigerit,
624 1393 658 1439 ut
672 1401 720 1439 res
732 1380 877 1447 Thraciae
892 1382 1042 1462 perirent:
1055 1374 1242 1461 Athenien„
1291 1375 1297 1398 ³

70 1476 155 1547 ,sibus
168 1470 230 1530 lalta
246 1469 456 1541 renuntiasse,
482 1468 566 1526 unde
581 1467 694 1525 sactum
713 1465 764 1539 sit,
790 1479 825 1527 ut
843 1467 1016 1528 Phocenses
1041 1470 1224 1545 delerentur.

39 1584 42 1589 ·
91 1559 153 1622 Dixit
165 1554 247 1628 enim,
266 1552 569 1635 inquit-Philippum
587 1572 651 1610 non
670 1552 1046 1628 eversurum'Phocenses,
1066 1567 1096 1614 et
1113 1578 1178 1630 vos,
1197 1557 1226 1615 ei

90 1646 132 1706 lde
142 1640 238 1713 habita,
256 1634 433 1698 hominibus
448 1657 536 1719 opem
549 1657 613 1696 non
626 1636 747 1696 tulistis.
765 1636 884 1700 Asserit
899 1651 1015 1715 autem,
1028 1640 1101 1700 haec
1115 1643 1226 1715 bannia,

90 1726 196 1791 mercede
213 1737 244 1784 et
261 1722 478 1807 largitionibus
493 1723 666 1794 adductum,
684 1722 833 1783 malitiose
852 1723 967 1784 fecisse.
1002 1725 1104 1785 Status
1124 1739 1169 1786 est
1187 1729 1225 1787 de

88 1817 145 1877 lacto
159 1823 187 1871 et
209 1810 429 1870 coniecturalis.
465 1809 525 1867 Sed
552 1807 727 1867 inimicitiae
753 1809 902 1869 exstitisse
931 1810 1075 1871 dicuntur
1099 1824 1226 1893 propter
1288 1811 1291 1815 ’

88 1894 263 1969 l'marchum,
280 1890 497 1956 Demosthenis
515 1892 661 1966 amicum,
687 1912 777 1972 quem
795 1894 827 1954 in
847 1894 984 1954 ordinem
1003 1903 1144 1978 coegerat
1161 1894 1224 1967 Ae-

81 1981 372 2060 ,sclinespimprohae
389 1980 468 2039 vitae
491 1989 680 2051 accusatum,
705 1990 866 2059 propterea
890 1981 973 2059 quod
991 1982 1028 2061 ad
1045 1980 1223 2042 Pittalacum
1328 1982 1331 1989 ’

86 2067 207 2140 amrium,
223 2077 260 2125 ut
277 2067 335 2140 ait,
354 2066 568 2148 ingrederetur
585 2062 679 2121 homo
697 2063 849 2124 formosus
874 2066 912 2124 ad
929 2067 1104 2147 spectandas
1123 2067 1222 2128 avium

85 2145 251 2239 pugnan‘qui
268 2151 419 2243 flagitiosa
436 2163 502 2210 tum
519 2138 632 2209 succiet
648 2161 715 2208 tum
732 2161 893 2230 pateretur.
1277 2138 1287 2159 ⁴

1276 1206 1297 1243 S

60 2378 70 2385 ·
109 2294 1160 2412 ‘AtltsstAR’GUMENTUMINCEnT1AUCTOR1S.
1242 2332 1318 2409 21ss

1145 2457 1155 2487 Ἰ

33 2542 44 2577 ,Γ
81 2467 186 2561 Bellum
201 2494 283 2554 inter
297 2492 473 2574 Philippum
499 2505 530 2552 et
547 2489 751 2553 Athenienses
776 2492 904 2576 longum
928 2492 1159 2570 intercesserat,
1185 2518 1222 2557 ex

51 2636 54 2641 .
81 2600 133 2663 qno
146 2580 200 2654 ille,
215 2579 310 2661 pactis
323 2592 353 2639 et
366 2577 524 2639 conuentis
542 2577 671 2653 violatis,
689 2577 899 2658 Amphipolim
912 2579 1221 2664 tab-Olynthiissacce-

79 2679 159 2747 perat,
173 2668 339 2746 quae,.cum
357 2663 442 2723 urbis
460 2662 656 2723 Atheniensis
675 2675 764 2736 esset,
783 2662 938 2746 Olynthiis
957 2685 995 2723 eo
1012 2678 1150 2747 tempore
1168 2690 1221 2748 pa-

49 2812 52 2819 ,
79 2750 162 2826 rebat,
176 2772 231 2830 quo
247 2752 336 2810 etiam
350 2749 425 2808 socii
442 2748 620 2827 deiecerant
639 2748 797 2831 Plagrabat
809 2761 839 2811 et
853 2746 935 2808 aliud
953 2749 1067 2809 bellum
1082 2751 1221 2811 Phocen-

77 2836 146 2896 sium
161 2857 221 2895 cum
236 2835 386 2895 Thessalis
406 2846 436 2892 et
448 2834 600 2893 Thebanis
618 2838 745 2914 propter
757 2832 984 2894 Orchomenum
997 2848 1029 2903 et
1042 2831 1221 2911 Coroneam.
1324 2854 1331 2863 ·

78 2917 187 2985 Constat
208 2920 286 2980 enim
305 2942 341 2980 ex
366 2919 509 2998 historia,
536 2939 588 2978 eos
606 2917 654 2981 his
682 2918 828 2999 eripuisse
856 2919 929 2979 duas
955 2920 1026 2979 illas·
1037 2917 1129 2982 urbes
1147 2918 1220 3003 ipsis

53 3014 58 3031 ¹
77 3005 211 3079 finitimas,
237 3019 283 3080 et,
301 3005 452 3065 Thessalis
471 3005 620 3084 depulsis,
646 3003 914 3088 Amphyctioniam
933 3022 1111 3086 occupasse,
1138 3007 1221 3086 qnod
1275 3008 1300 3048 ='

33 3156 36 3165 ,
76 3091 233 3172 llelphicum
249 3082 446 3172 templum'in
460 3090 557 3149 media
570 3082 704 3150 Phocide
725 3102 803 3173 esset
820 3088 918 3151 situm.
938 3087 1015 3151 Cum
1034 3092 1221 3151 autemdiu-

77 3189 180 3237 turnum
196 3176 308 3236 bellum
326 3176 408 3235 inter
425 3197 457 3235 se
475 3175 639 3257 gessissent
653 3172 857 3239 Athenienses
874 3188 906 3234 ct
918 3176 1088 3257 Philippus,
1105 3198 1139 3238 ac
1152 3189 1221 3237 tan-
1309 3238 1313 3244 ὁ

77 3261 134 3321 dem
145 3262 256 3342 utrique
265 3283 338 3344 pace
351 3261 398 3321 uti
410 3261 533 3333 vellent,
543 3262 595 3320 sed
613 3261 677 3323 eius
691 3263 839 3342 petendae
852 3260 950 3321 facere
965 3261 1086 3322 initium
1096 3264 1220 3343 utrique
1261 3316 1264 3323 .

61 3358 149 3427 *turpe
161 3348 317 3407 ducerent:
335 3347 547 3406 Aristodemus
565 3358 595 3406 et
606 3347 837 3427 Neoptolemus,
855 3360 977 3417 actores,
986 3347 1219 3430 tragoediarum,
1236 3376 1248 3383 ·
1306 3412 1308 3417 ,

77 3431 167 3510 quibus
182 3447 307 3514 propter
323 3446 417 3493 artem
436 3426 629 3515 quocumque
655 3433 780 3513 impunc
803 3432 848 3491 ire
866 3432 992 3506 licebat,
1019 3445 1110 3512 atque
1127 3435 1219 3515 etiam

74 3512 111 3574 a'd
120 3515 214 3591 hostes,
232 3517 364 3599 profecti
378 3518 410 3576 in
425 3517 633 3592 Macedoniarn
650 3531 745 3578 artem
759 3539 842 3578 suam
860 3530 1061 3592 ostentarunt,
1078 3520 1217 3599 adeoque

72 3599 222 3666 humaniter
239 3627 255 3663 a
270 3603 414 3684 Philippo
433 3614 504 3662 sunt
521 3603 645 3684 accepti,
664 3615 700 3663 ut
717 3615 836 3684 praeter
854 3616 983 3663 caeteras
1001 3606 1143 3684 pecunias
1162 3604 1218 3665 alia

71 3694 175 3767 qnoque
191 3684 230 3750 de
248 3711 304 3748 suo
325 3689 367 3749 eis
386 3688 551 3770 largiretur.
557 3674 647 3757 lirim
665 3701 766 3748 autem
784 3688 850 3747 fore
868 3686 1005 3762 sentiret,
1022 3703 1058 3749 ut
1073 3690 1110 3750 ad
1127 3712 1159 3749 se
1172 3690 1217 3749 le·
1266 3690 1275 3703 ⁶
1300 3728 1308 3757 -,

69 3776 141 3852 gatos
157 3774 312 3835 mitte-rent
328 3774 500 3833 Phocenses
519 3785 550 3833 et
567 3773 704 3835 Thessali
722 3787 753 3834 et
769 3773 922 3833 Thebani:
939 3772 1144 3835 Athenienses
1164 3775 1216 3834 de·
1280 3833 1300 3859 ,Ι

68 3854 154 3936 cipere
170 3859 283 3932 voluit,
312 3865 440 3939 eamque
456 3880 574 3921 causam
592 3872 713 3934 nactus,
739 3858 935 3920 Aristodemo
955 3872 986 3919 et
1002 3860 1217 3940 Neoptolemo,
1296 3882 1299 3893 ·

56 3962 126 4011 ¹cum
142 3938 196 4005 eos*
216 3944 400 4019 dimitteret,
428 3965 460 4004 sc
478 3945 608 4004 amicum
635 3966 699 4005 csse
717 3943 956 4015 Atheniensibus
973 3945 1057 4018 dicit.
1101 3947 1217 4006 Rursus

65 4028 189 4112 contigit,
204 4043 242 4091 ut
259 4031 319 4091 tale
339 4030 480 4110 quiddam
499 4031 656 4090 accideret
691 4029 840 4114 Phrynen
858 4031 989 4111 quidam,
1007 4030 1216 4108 Atheniensis,

63 4133 206 4195 regressus
224 4115 366 4199 Olympia
390 4114 452 4174 sive
469 4138 489 4175 a
505 4115 670 4176 certamine
687 4115 750 4175 sive
768 4138 784 4175 a
802 4115 993 4196 spectaculo,
1013 4129 1116 4196 eaptus
1134 4117 1183 4178 'est
1197 4142 1216 4179 a

62 4194 230 4277 quibusdam
245 4200 378 4282 Philippi
395 4200 541 4261 militibus
560 4201 592 4260 in
609 4202 689 4261 festo
710 4212 741 4260 et
756 4201 903 4282 spoliatus
922 4200 1006 4259 omni
1024 4202 1159 4282 pecunia
1172 4205 1216 4277 ls,

59 4278 187 4346 reversus
205 4285 359 4359 Athenas,
386 4299 526 4367 precatur
543 4286 766 4359 Athenienses,
783 4297 819 4346 ut
836 4305 868 4345 se
886 4285 1216 4367 legatum-decernant:

57 4370 288 4452 quoprofectus
300 4373 335 4432 ad
347 4372 519 4454 Philippum
530 4372 689 4454 reciperet
702 4392 746 4447 ea,-
763 4370 875 4452 quibus
889 4383 970 4431 esset
981 4373 1140 4452 spoliatus,
1155 4371 1216 4433 Ae-
1312 4404 1319 4412 ’
