2722 4754
135 146 220 218 'aaa
381 95 810 272 uanosrnuurs
846 137 1039 234 enarro
1107 139 1119 144 ”
1179 203 1189 215 .
1244 183 1253 192 ι

155 311 232 371 sisse
248 282 403 372 tutelam
392 332 428 370 ex
446 322 647 372 testamento.
664 311 811 373 Pasiclem
828 296 1024 376 testificatum
1043 332 1127 385 esse,
1145 287 1178 374 se
1195 313 1254 373 suh
1272 328 1321 375 tu-

154 397 215 456 tela
236 391 340 485 luisse
358 418 393 457 ex
418 403 613 458 testamento
642 386 709 482 Ego
734 419 807 458 vero
832 397 868 457 iis
885 398 965 479 ipsis
989 397 1174 480 argumentis
1201 402 1320 461 ostendi
1348 461 1352 466 s

63 512 68 521 =
154 495 247 581 puto,
272 480 372 562 neque
390 482 479 557 illos,
505 484 679 564 nequehos
697 505 768 545 vera
791 483 969 545 testificatos
989 505 1061 543 esse.
1107 484 1170 584 Qui
1189 485 1318 547 enimse

153 567 267 648 gessise
285 567 411 628 tutelam
430 588 466 627 ex
491 579 674 630 testamento
692 581 837 643 testatur,
854 590 932 628 enm
950 570 1027 629 scire
1052 571 1259 669 perspicuum
1267 585 1320 645 est,

154 673 190 735 ex
209 652 300 751 puali.
315 654 399 737 Quid
417 647 513 738 igiulr
528 656 644 716 vobis
634 679 666 716 ιιι
684 668 818 716 mentem
835 655 992 728 veniebat,
1002 655 1083 714 utin
1101 649 1318 736 provocatione
1357 686 1359 689 ·

62 810 64 813 ¹
103 761 116 786 .-
151 728 362 799 testimonium
381 740 520 801 diceretis
539 743 579 802 de
594 739 808 802 testamento?
835 736 898 799 Cur
915 761 978 799 non
986 741 1072 807 illos
1097 741 1202 820 potius
1221 742 1318 801 dicere

81 825 102 862 ·³
151 821 315 891 sihebetis?
334 825 453 885 Nam
428 849 455 886 ει
473 827 528 901 illi,
535 849 630 927 ιιιιιιθ
637 827 669 886 in
684 848 721 886 eo
740 827 849 906 scripta
868 826 992 898 suerint,
1010 826 1087 885 scire
1103 847 1135 885 se
1147 826 1317 926 negabunt:

152 907 277 987 quivos
297 931 330 971 ea
348 911 425 972 seire
449 913 600 1011 potestis,⁸
619 929 699 1012 'cruos
718 913 781 993 ipsa
806 911 929 993 negotia
955 933 1103 990 nusquam
1122 912 1170 970 ιιι
1197 912 1318 973 minima

147 1013 188 1052 ex
205 1005 289 1074 parte
307 992 494 1078 attigerunt?
513 995 600 1057 Cur
575 998 689 1098 'igitur
702 998 753 1057 alii
768 1009 859 1066 testes
874 993 930 1056 alia
947 997 1118 1061 dixerunt?
1129 998 1224 1070 Quod
1237 998 1315 1076 prius

64 1111 82 1129 ν
151 1078 242 1141 etiam
261 1081 339 1154 dixi,
362 1083 467 1181 partiti
484 1095 556 1143 sunt
574 1083 655 1142 inter
672 1103 704 1143 se
728 1083 859 1155 scelera,
885 1095 976 1161 atque
994 1104 1026 1142 se
1044 1082 1171 1142 tutelam
1190 1082 1316 1163 gessisse

43 1183 69 1215 a
121 1172 187 1236 'ex
204 1178 407 1227 testamento
406 1172 459 1247 qiu
451 1167 571 1241 dixit,
589 1168 694 1228 nihil
685 1188 717 1227 se
735 1188 825 1251 grave
844 1168 954 1226 dixisse
974 1168 1116 1247 opinatus
1127 1180 1200 1239 est
1204 1188 1314 1248 neque

150 1249 193 1323 is,
220 1251 271 1331 qui
290 1273 322 1313 se
340 1252 397 1312 suh
415 1254 510 1314 tutela
536 1210 636 1313 luisse
649 1253 723 1314 dicit
741 1275 777 1314 ex
793 1256 993 1315 testamento
1020 1248 1165 1313 auferens
1188 1265 1322 1335 ιιιιιιιιιιἡ
1356 1247 1357 1252 ’

149 1354 206 1394 suo
222 1336 401 1397 testimonio
420 1359 471 1413 ea,
496 1361 573 1420 quae
591 1339 745 1400 suntab
736 1352 795 1400 rsto
822 1338 932 1419 scripta
950 1339 982 1397 in
1005 1351 1208 1409 testamento,
1232 1339 1319 1438 ιιιίιιιἸ

148 1411 308 1503 reliquisse
326 1424 386 1483 sihi
403 1438 517 1506 patrem
535 1425 653 1503 tabulas
672 1451 687 1479 ιι
694 1427 944 1509 sestamentumn
963 1423 1137 1506 inscriptas,
1157 1422 1279 1482 alius
1253 1445 1313 1485 erus

65 1541 70 1547 ·
96 1522 99 1540 ¹
148 1507 269 1588 generis
292 1509 356 1568 alia.
389 1510 459 1570 Sed
487 1513 525 1570 de
550 1520 733 1572 testamento
761 1510 861 1571 dicere
886 1509 1112 1581 testimonium,
1140 1507 1173 1567 in
1193 1530 1252 1587 quo
1272 1523 1314 1569 est

128 1587 248 1652 tantae
266 1595 413 1673 pecuniae
439 1595 571 1669 furtum,
597 1595 717 1654 uxoris
707 1575 916 1675 corruptela,
943 1595 1066 1675 nuptiae
1086 1592 1284 1666 dominae,
1266 1615 1311 1655 res

146 1677 223 1739 tanti
241 1677 350 1762 flagitii
367 1679 504 1760 tantique
523 1671 699 1783 dedecoris,
722 1680 813 1740 nemo
830 1680 945 1753 voluit,
970 1679 1056 1738 nisi
1047 1679 1186 1777 ιιιίιιιιιὶ
1203 1701 1308 1758 provo-

137 1763 298 1824 ‘tationem
317 1778 389 1825 sum
406 1765 586 1826 commenti.
611 1766 649 1825 de
668 1765 778 1846 quihus
801 1786 951 1845 aequum
950 1778 1004 1829 est
1020 1763 1126 1824 totius
1140 1762 1266 1824 technae
1284 1778 1314 1824 et

77 1859 82 1866 ‘
146 1849 287 1909 maleficii
304 1851 383 1910 anmi
384 1871 522 1937 poenas.
558 1851 605 1919 Ne
622 1863 755 1927 autem,
758 1850 981 1935 Athenienses,
1001 1872 1036 1910 ex
1054 1851 1090 1908 iis
1104 1850 1222 1922 solum,
1240 1870 1341 1928 quae-

86 1968 89 1972 ·
134 1955 205 2018 ego
225 1947 334 1997 ac‘cuso
354 1948 444 2015 atque
463 1958 569 2020 arguo,
586 1936 660 1998 salsa
679 1936 787 1997 dixisse
799 1932 916 1996 testem
929 1893 1117 2017 Stephanum
1135 1933 1224 1994 vohis
1242 1956 1311 1995 con·
1322 1952 1325 1960 ’

49 2081 52 2085 .
139 2033 225 2095 stet,
248 2022 301 2081 sed
322 2034 352 2081 et
371 2042 406 2080 ex
424 2022 505 2081 illius
524 2016 627 2096 facti's,
655 2023 751 2106 qui
727 2044 796 2082 eum
815 2022 1006 2081 subornavit:
1028 2036 1110 2101 quae
1129 2020 1313 2094 illesecerit,

92 2126 97 2131 ·
145 2065 225 2170 volo
235 2106 322 2166 vobis
327 2107 506 2208 ..explicare
516 2108 610 2185 ond
627 2129 701 2168 vero
719 2096 808 2170 initio
823 2107 884 2168 dixi
897 2102 1055 2188 orationis,
1074 2107 1243 2178 ostendam,
1261 2128 1311 2166 eos
1335 2167 1344 2179 „

145 2191 349 2276 asemetipsis
374 2192 513 2266 accusari.
524 2193 681 2253 Aetioni
700 2214 804 2266 meae,
821 2193 857 2254 ιιι
876 2213 950 2292 qua
952 2193 1009 2251 ista
1034 2191 1211 2251 testimonia
1236 2191 1313 2252 dieta

144 2291 234 2352 sunt,
258 2277 473 2357 exceptionem
496 2278 822 2378 opposuitPhormio
830 2272 867 2338 de
885 2298 948 2343 non
942 2272 1063 2336 danda
1083 2277 1158 2336 mihi
1183 2276 1312 2350 actione,
1354 2332 1358 2341 ,

145 2365 227 2444 quod
248 2383 304 2445 ego
324 2384 427 2422 seeum
452 2364 689 2443 controversiam
714 2356 936 2462 transegissem.
972 2364 1006 2421 ld
1024 2376 1123 2422 autem
1149 2383 1207 2446 ego
1226 2383 1311 2422 meu-

145 2449 263 2509 da'cium
283 2468 348 2507 esse
368 2449 447 2519 scio,
475 2463 505 2508 et
524 2466 703 2530 coarguam,
731 2471 799 2508 eum
818 2449 849 2507 in
868 2469 921 2509 eos
940 2460 1033 2520 testes
1054 2469 1164 2530 egero,
1190 2471 1244 2526 qur
1234 2448 1313 2506 illa

143 2526 298 2595 dixerunt:
317 2534 383 2592 iste
392 2555 464 2615 vero
485 2535 544 2616 hoe
563 2535 663 2594 dicere
682 2555 744 2595 non
763 2538 873 2633 potest.
903 2531 1024 2608 Quodsi
1042 2556 1143 2592 veram
1163 2552 1229 2591 esse
1249 2554 1312 2591 ere-

36 2623 119 2680 203
133 2621 213 2683 ditis
232 2619 483 2679 transactionem.
500 2620 553 2681 sie
561 2619 619 2679 iste
636 2619 706 2678 falsi
715 2619 883 2694 testimonii
892 2621 943 2678 vel
957 2619 1084 2678 maxime
1103 2619 1313 2696 conrincetur,

102 2720 176 2771 et
193 2703 395 2772 commentitii
420 2705 595 2773 testamenti
620 2697 720 2764 fuisse
733 2704 828 2765 testis.
871 2704 948 2803 Quis
969 2704 1048 2762 enim
1074 2700 1115 2763 ita
1135 2716 1309 2776 estamem,

89 2827 109 2838 ι·
125 2800 176 2851 ut
195 2812 296 2850 coram
314 2790 443 2850 testibus
462 2792 622 2872 transigat,
647 2811 711 2869 quo
730 2803 792 2849 rata
810 2787 869 2849 sihi
888 2790 927 2865 sit
949 2790 1129 2849 transactio.
1155 2789 1310 2869 pactiones

36 2954 38 2958 .
140 2889 242 2937 autem
261 2889 300 2935 et
310 2888 496 2935 testamenta
509 2874 683 2954 etreliqua,
701 2875 864 2976 dequibus
883 2875 1040 2958 transegit,
1059 2875 1221 2956 obsignata
1240 2895 1316 2934 con--

59 2970 65 2975 ’
116 2985 119 2989 ’
139 2976 185 3024 ιιι
204 2983 236 3021 se
261 2962 358 3022 iacere
377 2959 477 3020 sinat?
502 2961 636 3040 Proinde
664 2960 815 3042 contraria
834 2975 888 3028 est,
905 2960 1046 3020 omnibus
1071 2959 1306 3019 dictis'testium

45 3100 48 3105 .
88 3101 89 3104 ,
128 3047 298 3127 exceptio,
322 3047 472 3120 contraria
498 3046 587 3117 item,
613 3046 817 3125 quam‘vohis
848 3046 1091 3106 modoreeitavi
1115 3044 1306 3117 locationem,

132 3130 402 3209 testamento·illi:
423 3130 512 3205 nihil·
532 3129 664 3210 denique
683 3145 783 3191 actum
802 3145 863 3205 est,
892 3133 975 3212 quod
993 3133 1040 3191 vel
1058 3130 1308 3212 probabile,'vel
1336 3182 1341 3195 ,

140 3217 277 3318 simplex,
293 3217 341 3275 uel
360 3215 463 3296 ipsum
477 3216 535 3278 sihi
554 3213 792 3277 consentaneum
810 3219 856 3277 sit.
889 3218 949 3277 Sed
968 3217 1027 3276 hoe
1046 3231 1135 3316 pacto
1155 3236 1307 3277 commen-

82 3311 88 3315 “
139 3302 206 3363 titia
228 3314 258 3361 et
276 3303 404 3361 conficta
424 3323 456 3361 ea
482 3322 547 3363 esse
567 3303 668 3362 omnia
694 3304 896 3384 reperiuntur.
933 3306 1046 3362 Verum
1064 3303 1162 3384 igitur
1180 3321 1244 3360 esse
1262 3314 1307 3359 te-

139 3387 326 3459 stimonium,
346 3407 447 3486 neque
464 3387 555 3448 istum
574 3388 690 3468 ipsum,
707 3409 808 3469 neque
827 3388 966 3446 alium
939 3409 1003 3447 erus
1023 3401 1184 3474 patronum
1204 3400 1307 3446 osten·
1346 3445 1348 3448 ι

139 3474 211 3554 ιιοιι
230 3492 320 3553 posse
339 3471 485 3531 existimo.
517 3473 587 3533 Sed
599 3475 690 3534 talem
717 3475 866 3558 quandam
892 3474 1102 3533 defensionem
1128 3493 1193 3532 esse
1212 3470 1308 3530 medi·
1338 3481 1339 3484 ’

41 3568 50 3586 “’
137 3550 233 3619 tatum
251 3556 354 3630 audio,
372 3578 403 3616 se
422 3559 648 3643 provocationis
667 3579 733 3618 esse
751 3581 847 3631 reum,
865 3581 929 3618 non
947 3558 1127 3630 testimonii,
1146 3558 1227 3617 etad
1248 3557 1306 3616 dno

60 3659 67 3695 ἵ
88 3662 92 3670 ’
137 3635 196 3704 sihi
214 3663 280 3703 esse
298 3638 555 3723 respondendum,
574 3665 637 3704 non
653 3646 688 3703 ad
705 3646 806 3703 omnia
820 3645 915 3725 capita
934 3644 1149 3704 accusationis:
1168 3644 1307 3725 primurn,

84 3800 86 3804 .
128 3728 175 3796 ,an
176 3729 403 3790 conditionem
423 3748 485 3801 eam
504 3728 650 3791 Phormio
669 3728 744 3789 mihi
762 3730 885 3803 tulerit,
903 3731 1020 3790 necne?
1057 3730 1305 3827 deinde,utrum

73 3808 89 3813 ΥΡ
137 3832 202 3898 eam
222 3834 280 3896 ego
299 3834 363 3872 non
382 3814 568 3891 acceperim?
585 3816 629 3874 Ea
647 3815 729 3874 enirn
747 3836 779 3875 se
798 3815 977 3915 simpliciter
992 3837 1048 3896 pro
1067 3814 1257 3890 testimonio
1267 3812 1305 3871 af·

61 3965 66 3973 ,
103 3934 116 3951 .=
136 3885 270 3959 firriiass'e
290 3899 386 3958 dicet:
400 3911 520 3958 caetera
539 3899 675 3960 illumin
693 3902 911 3981 provocatione
924 3902 1078 3998 posuisse,
1099 3921 1179 3980 quae
1198 3918 1304 3958 verane

136 4006 174 4044 an
193 3984 265 4045 falsa
284 3984 355 4057 sint,
373 4006 426 4043 sua
444 3983 548 4042 nihil
538 3998 692 4046 interesse
717 3985 899 4066 Adversus
890 3986 985 4067 agitur.
1002 4009 1066 4046 eam
1086 3985 1259 4045 orationem
1279 3995 1305 4053 et

87 4144 97 4153 .
136 4062 364 4169 impudentiam
373 4069 528 4151 optimum
541 4082 602 4143 est,
627 4072 729 4171 paucis
747 4094 801 4135 vos
819 4071 1027 4155 praemoneri,
1045 4091 1084 4130 ne
1104 4068 1304 4150 decipiamini.

51 4172 67 4240 ἰ
112 4154 331 4229 Ῥιιιιιιιιιιι
323 4154 402 4226 rtur,
423 4175 497 4219 cnm
511 4155 644 4215 dicere
632 4156 818 4230 instituerit,
837 4177 868 4216 se
888 4177 960 4215 non
970 4157 1114 4236 omnium
1127 4176 1195 4216 esse
1213 4177 1311 4254 reum,

53 4267 58 4274 ’
96 4300 98 4303 ,
139 4238 280 4319 cogitate,
294 4177 366 4322 iege
384 4252 550 4338 propterea
561 4252 684 4301 cautum
698 4261 794 4315 esse,
793 4251 828 4300 ut
840 4239 1050 4302 testimonium
1068 4241 1211 4302 tabulis
1202 4240 1303 4302 mseri-

139 4321 272 4399 beretdr,
283 4338 329 4387 ne
347 4323 510 4428 quicquam
528 4325 647 4407 seriptis
663 4326 714 4386 vel
727 4326 872 4418 addhuel
888 4327 1007 4419 detrahi
1020 4335 1135 4450 posset
1151 4316 1259 4387 Tum
1250 4324 1351 4408 rgi-
