2722 4754
231 254 234 261 ,
324 127 1052 276 ,abversusrruoenarum
1109 221 1111 225 a
1181 179 1243 239 aas

11 378 16 391 ·
78 337 221 403 coirecri:
247 349 300 398 aut
318 359 388 412 eos,
414 334 524 418 quibus
543 337 600 397 ista
616 337 668 398 lex'
690 330 916 418 patrocinetur,
944 356 1008 405 non
1026 355 1093 396 esse
1112 332 1144 396 et
1159 333 1243 396 fures

62 430 103 493 'et
120 425 301 503 sacrilegos,
327 423 381 503 qui
399 443 498 496 sacra,
523 435 590 482 tum
615 422 744 483 decimas
762 423 936 496 Minervae,
961 421 1027 483 tum
1052 420 1260 501 reliquorum
1278 441 1287 448 ‘

72 515 198 589 deorum
216 509 483 591 quinquagesimas
491 551 506 582 ‚·
520 507 729 589 diripuerunt,
749 529 844 586 eaque
862 529 926 575 non
943 509 1095 582 reddunt,
1112 509 1167 575 sed
1185 506 1246 589 ipsi
1262 514 1265 521 '
1301 544 1326 588 χ

71 597 219 670 detinent,
239 607 271 654 et
287 594 521 675 publica‚‘quae
539 594 578 654 ad
595 615 649 685 vps
667 592 873 675 pertinebant
891 593 1032 655 suffurati
1050 606 1129 658 sunt.
1146 649 1148 653 .
1163 596 1245 655 Tan-

68 697 100 746 to
120 695 222 751 autem
240 680 361 764 gravius
387 692 433 740 est
451 701 558 740 eorum
582 680 791 763 sacrilegium,
817 700 906 758 quam
925 679 1072 755 aliorum,
1096 692 1142 754 nt,
1160 681 1246 761 quod
1321 678 1324 681 ’

66 769 181 830 factum
205 765 365 847 oportuit,
390 788 455 837 eam
481 765 643 847 pecuniam
669 787 793 846 prorsus
811 764 844 824 in
863 785 962 824 arcem
987 778 1053 826 non
1074 767 1245 827 retulerint.

64 855 172 930 Quare
188 851 308 936 (lovem
326 848 651 936 Olympiumtestor),
669 852 808 925 ludices‚·
827 871 891 912 non
908 849 1246 915 fortuito‘Audrotioni
1315 862 1319 870 ‘

63 938 267 1023 petulantiam
292 937 382 1002 istam
401 950 432 999 et
456 936 654 999 insolentiam
680 958 745 998 csse
771 937 912 1016 obortam
939 935 1097 1011 existimo,
1113 938 1177 996 sed
1202 938 1247 999 ira

57 1027 140 1087 ⁴deae
160 1022 324 1084 inflictam:
341 1035 393 1096 ut,
410 1024 669 1103 quemadmodum
687 1023 738 1097 ht,
757 1024 811 1103 qui
829 1021 954 1084 donaria
971 1022 1118 1086 victoriae
1137 1044 1247 1087 conse-

62 1123 147 1173 crata
165 1109 379 1191 conciderunt„
395 1108 469 1190 ipsis
488 1109 551 1169 suis
570 1111 710 1170 manibus
728 1110 897 1191 ptulerunt
916 1108 961 1168 sic
979 1121 1015 1175 et
1028 1108 1246 1170 istic'ollu'sio-
1276 1098 1281 1103 „

61 1197 157 1257 nibus
175 1196 238 1256 suis
259 1208 290 1256 et
306 1194 445 1269 iudiciis,
473 1215 605 1274 quorum
624 1195 685 1276 ipsi·
700 1197 909 1273 moderatores
927 1207 1026 1268 sunt2'
1042 1194 1197 1276 perirent,
1216 1207 1250 1255 et'

62 1294 119 1344 aut
130 1281 422 1363 duplumpeeuniae
440 1280 776 1341 solverent'secundum
792 1281 958 1364 legespaut
968 1280 1001 1340 in
1017 1281 1246 1345 nervumtrent

53 1369 226 1450 Exponam
243 1365 345 1431 autem
364 1366 476 1439 vobisc
499 1366 573 1446 quid
594 1365 736 1439 interim,
762 1367 836 1426 dum
854 1366 928 1426 haec
947 1365 1036 1440 dico,
1061 1366 1093 1426 iu
1111 1378 1247 1428 mentem

67 1453 145 1515 mibi
160 1452 282 1514 venerit
305 1452 346 1512 'de
364 1451 433 1534 lege
452 1451 489 1510 ab
513 1451 572 1511 isto
591 1448 665 1525 lata,
690 1452 855 1512 absurdum
882 1464 964 1513 certe
991 1452 1136 1532 quiddam
1153 1447 1264 1535 ‘atque⁴

63 1538 323 1601 mirificissimum.
345 1537 423 1597 Nam
440 1537 509 1611 iste,
526 1537 657 1611 ludices,
674 1538 868 1622 vectigalium
886 1537 1114 1620 redemtoribus
1130 1558 1246 1621 poenas

60 1626 235 1695 secundum
253 1624 371 1705 priores
390 1623 524 1707 leges'psi
537 1624 696 1704 pecuniam
716 1645 780 1683 non
799 1624 964 1697 solverent,
980 1624 1103 1705 scripsit
1117 1645 1184 1686 esse
1197 1623 1247 1685 in·
1312 1647 1320 1656 ²

61 1710 227 1795 lligenrlas,
245 1709 357 1790 quibus
376 1721 408 1769 et
425 1708 546 1770 vincula
564 1721 596 1775 et
613 1708 699 1790 dupli
717 1709 832 1770 solutio
851 1709 1051 1770 continentur
1064 1709 1102 1787 in
1116 1731 1170 1771 eos
1188 1709 1265 1782 lto--¹

62 1799 168 1859 mines
185 1795 365 1877 constituta,
392 1795 448 1876 qui
464 1795 505 1854 ob
525 1807 716 1861 contractum
740 1795 773 1854 in
792 1796 927 1856 emtione
947 1795 1089 1860 damnum
1108 1817 1173 1861 uon
1190 1816 1246 1858 vo·
1265 1789 1288 1870 J

36 1942 46 1959 ,¹
63 1883 169 1943 lentes
185 1881 352 1943 fraudaturi
371 1893 457 1940 erant
474 1880 711 1960 rempublicam:
730 1900 782 1940 eos
800 1898 885 1955 vero,
903 1880 957 1960 qui
976 1893 1007 1941 et
1023 1882 1173 1949 aerarium
1192 1883 1247 1943 de·

59 1968 248 2051 peculantur
264 1979 296 2027 ct
314 1967 401 2026 deam
420 1965 585 2048 sacrilegiis
604 1964 781 2046 compilant,
798 1965 928 2026 vinculis
943 1965 1093 2029 liberavit.
1123 1967 1247 2043 Quodsi
1332 1961 1334 1965 ⁴

58 2053 144 2115 istos
161 2052 263 2114 minus
275 2051 338 2112 >tibi
361 2050 460 2111 videri
484 2052 566 2112 dices
590 2051 737 2123 iniurius,
763 2071 894 2121 neeesse,
907 2053 983 2126 erit,
1009 2062 1045 2113 ut
1062 2053 1196 2114 insanire
1214 2059 1253 2114 te'

42 2139 195 2201 'fatearez
222 2138 278 2209 sim
292 2135 426 2211 maiora,
445 2137 555 2217 qualia.
570 2147 643 2197 sunt
668 2137 800 2207 istorum,
824 2135 975 2211 facinora,
1002 2151 1034 2198 et
1050 2150 1156 2199 tamen·
1179 2140 1246 2201 istis

59 2225 175 2307 parcis,
192 2224 262 2299 illos
276 2229 383 2306 urges:
402 2221 456 2302 qul
473 2222 610 2306 negabis,
627 2233 658 2283 te
671 2234 772 2282 toturn
790 2223 951 2309 negotipm
966 2223 1032 2284 istis
1051 2222 1265 2292 vendidisse?-

60 2300 337 2393 operaepretium
361 2330 455 2390 porro
475 2322 539 2383 est,
565 2321 603 2369 ut
619 2320 652 2367 et
668 2307 729 2368 hoc
746 2308 861 2381 dicam,
886 2321 1036 2389 quantum
1054 2331 1108 2381 vos
1127 2311 1247 2413 magni·
1294 2312 1301 2321 ’
1323 2316 1328 2333 “

58 2396 173 2459 tudine
191 2397 363 2457 animorum
391 2404 527 2457 oratores
553 2394 711 2476 superetis.
755 2397 820 2454 Vos
839 2395 954 2479 etenim
971 2396 1080 2477 acerba
1096 2398 1246 2480 supplicia

60 2483 96 2545 in
116 2483 240 2565 plebem
259 2481 443 2556 constituta,
461 2493 497 2541 ut
514 2480 578 2542 sive
596 2481 665 2560 quis
684 2478 755 2539 bina
771 2480 927 2560 stipendia
945 2494 1076 2557 mereat,
1096 2483 1177 2558 sive,
1194 2505 1245 2545 re·
1332 2495 1334 2498 ’

60 2571 144 2631 latus
163 2568 354 2642 muceranios,
371 2567 516 2631 concioni
529 2579 583 2626 aut
597 2565 755 2643 consessui
772 2566 909 2626 iudicum
927 2566 1059 2644 intersit,
1077 2568 1140 2630 sive
1154 2571 1246 2653 quip-

61 2654 148 2736 piam
164 2653 247 2715 aliud
271 2665 342 2735 agat
367 2652 487 2735 legibus
513 2652 729 2725 interdictum,
753 2671 816 2712 non
843 2651 1030 2733 prohibetis,
1054 2655 1148 2735 idque
1175 2679 1246 2719 cum

64 2739 335 2814 solatia-coactum
352 2738 634 2819 inopiafacturum,
653 2724 679 2797 ii
696 2735 763 2816 quis
782 2737 917 2798 facturus
936 2739 977 2798 sit
993 2739 1054 2799 tale
1073 2740 1246 2824 quippiam:

15 2844 18 2849 ’
64 2844 171 2907 neque
185 2825 260 2887 tales
280 2823 364 2907 leges
382 2825 479 2898 fertis,
495 2837 531 2884 ut
549 2823 593 2884 eis
611 2822 791 2903 delinquere
809 2823 909 2899 liceat
926 2825 989 2886 imo
1006 2839 1112 2888 contra
1129 2827 1245 2908 potius,
1267 2826 1334 2899 470

60 2925 102 2974 ut
119 2931 160 2972 ne
175 2910 273 2974 liceat
291 2911 345 2970 Isti
363 2927 435 2971 vero
454 2905 487 2970 in
506 2932 543 2971 eo
562 2922 652 2984 sunt,
669 2922 705 2970 ut
721 2908 954 2991 flagitiosissimi
972 2910 1112 2972 homiues
1131 2915 1247 2996 gravis-

63 2996 212 3077 simisque
231 2993 390 3067 constricti
405 2994 573 3055 sceleribus
592 2996 717 3075 impunc
735 2986 861 3053 abeadt'
888 2994 932 3058 At
948 3008 1055 3075 postea
1073 3019 1127 3059 vos
1145 3001 1244 3081 priva-

62 3084 120 3143 tim
138 3082 331 3157 insectantu'r
347 3080 410 3140 suis
436 3079 655 3152 orationibus,‚
673 3080 748 3139 dum
769 3099 835 3140 sese
854 3101 911 3162 pro
922 3070 1021 3143 bonis
1041 3095 1072 3143 et
1089 3099 1244 3164 praestan-

62 3169 147 3229 tibus
165 3168 239 3238 viris
254 3165 438 3240 .venditant,
462 3161 686 3246 improborum.
699 3178 731 3227 et
747 3165 937 3248 ingratorum
963 3169 1156 3230 servulorum
1174 3162 1267 3233 imi.»
1328 3199 1332 3215 ¹

64 3266 164 3315 tantcs
183 3252 316 3336 ingenia.
351 3249 428 3312 Nam
448 3250 558 3324 atilli,
577 3250 715 3324 ludices,
733 3251 892 3312 consecuti
909 3249 1100 3330 libertatem,
1119 3277 1183 3327 non
1202 3259 1244 3320 ob

48 3339 338 3411 ,manumissionem
361 3337 488 3420 gratiam
514 3336 647 3397 dominis
672 3335 801 3397 habent:
826 3338 881 3397 sed
900 3359 953 3399 eos
979 3340 1117 3402 omnium
1141 3344 1243 3407 infen-
1272 3342 1286 3355 ⁵

66 3424 186 3486 sissime
203 3421 348 3499 oderunt,
366 3436 403 3483 nt
419 3423 573 3485 servitutis
590 3442 663 3503 suae
683 3422 832 3510 conscios.
850 3421 902 3483 stc
917 3424 1009 3485 ctiam
1026 3425 1087 3506 isti¹
1096 3418 1244 3506 oratores,
1294 3424 1301 3443 ⁴

65 3531 129 3593 non
146 3510 303 3585 contentij
322 3531 354 3570 se
374 3531 410 3570 ex
428 3509 691 3570 administratione
708 3508 894 3591 reipublicae
912 3524 1089 3591 paupertate
1109 3511 1257 3578 emersos·

16 3590 24 3600 ’
62 3609 96 3656 ct
112 3596 213 3659 factos
233 3616 300 3659 esse
318 3595 446 3669 divites,
472 3595 622 3657 insultant
646 3595 737 3655 etiam
755 3595 971 3667 multitudiniz·
988 3597 1059 3676 quia
1076 3602 1243 3682 unusquis-

62 3701 125 3762 qne
144 3701 162 3743 e
180 3681 298 3763 populo
317 3681 457 3742 conscius
477 3694 532 3755 est,
552 3679 663 3762 quibus
681 3681 733 3742 isti
750 3679 860 3742 studiis
876 3681 909 3741 in
922 3696 1100 3763 paupertate
1120 3689 1150 3747 et
1167 3688 1242 3748 ado-

35 3799 41 3808 ·
61 3766 212 3829 lescentia
231 3779 361 3829 aetatem
380 3767 543 3850 exegerint
578 3765 622 3827 At
638 3788 711 3828 vero
729 3781 819 3849 turpe
837 3767 957 3843 fuisset,
974 3762 1242 3846 scilicet'Andro-

21 3912 25 3918 .
61 3853 183 3914 tionem
202 3874 269 3917 esse
286 3853 423 3915 vinctum
442 3865 494 3912 aut
513 3851 692 3913 Glaucetem
711 3846 763 3915 aiat
781 3853 986 3935 Melanopum
1006 3855 1088 3931 Non,
1105 3880 1155 3920 me
1172 3859 1241 3922 dius

61 3939 333 4018 fidius‚„1utices:
359 3939 413 3998 sed
431 3937 649 4018 rempublicam
675 3939 794 4001 iniuriis
813 3951 845 3999 et
870 3941 1064 4004 contumeliis
1091 3942 1246 4022 affectam

62 4046 135 4087 cnm
153 4047 229 4100 suo,
246 4039 313 4087 tum
331 4025 406 4085 deae
424 4024 550 4084 nomine
568 4045 631 4084 non
649 4046 770 4095 sumere
787 4045 920 4107 poenas,
936 4026 970 4088 id
986 4049 1059 4089 vero
1078 4030 1176 4091 multo
1194 4046 1243 4099 est

61 4112 195 4194 turpius.
238 4111 317 4173 Nam
332 4109 663 4191 Androtioni-quidcm
680 4132 784 4172 nonne
802 4111 933 4193 patrium
953 4125 1013 4188 est,
1039 4134 1104 4176 esse
1122 4115 1155 4178 in
1172 4120 1240 4180 vin-
1323 4138 1334 4153 ⁵

62 4197 164 4259 culis?
188 4196 281 4259 Scitis
298 4195 367 4278 ipsi,
381 4209 498 4278 patrem
517 4195 593 4272 eius,
611 4197 704 4258 multa
723 4197 933 4280 quinquennia
944 4198 982 4267 ‚in
1001 4221 1121 4264 carcere
1139 4226 1240 4266 versa-

62 4295 152 4358 tum,
179 4282 325 4366 effugisse
341 4283 482 4356 tandem,
508 4303 572 4342 non
590 4303 656 4355 esse
682 4283 848 4345 dimissum.
890 4284 1048 4368 Numquid
1067 4289 1107 4350 ob
1125 4290 1240 4371 primae

63 4369 175 4432 aetatis
194 4368 317 4435 studia?
350 4372 467 4452 Verum
485 4367 526 4427 ob
543 4368 600 4430 ista
615 4389 682 4430 uon
698 4366 799 4432 minus
818 4391 889 4433 eum
902 4368 1131 4450 'uinciri'decea
1147 4397 1260 4456 quam
1328 4444 1331 4449 .
