2746 4748
100 168 189 249 'aas
242 198 245 203 2
330 209 368 227 ,.
412 162 774 247 unitosrnnavrs
810 166 1040 241 onarro‘

128 325 295 418 proferunt
313 332 377 408 Qui
394 345 494 394 autem
512 333 579 394 fieri
595 328 707 413 po'test,
723 345 759 392 ut
776 328 816 406 is,
830 331 882 411 qui
899 344 947 391 tot
966 329 1173 391 et'fectornur
1191 344 1221 390 et
1235 332 1285 414 gla-

129 423 249 482 diorum
277 418 378 479 fabros
406 417 563 498 possedit,
598 438 661 477 non
690 418 780 477 etiam
796 416 921 483 ‘ferrum
951 429 982 476 et
1009 416 1284 497 ebur'reliquerit?

114 506 265 567 'Omnino
284 516 365 564 certe
384 516 430 563 est
448 523 582 577 necesse,
601 514 631 561 et
649 503 722 562 haee
740 501 887 563 adfuisse:
905 521 975 561 narn
994 501 1062 561 sine
1081 501 1210 561 materia
1227 502 1284 580 quid

130 590 230 672 operis
255 589 353 651 facere
375 587 569 668 potuissent?
604 585 820 667 Eumigitur,
846 586 898 665 qui
922 585 1051 665 amplius
1079 586 1304 668 quinquaginta

129 673 277 753 drancipia
295 672 432 753 possedit
449 683 480 731 et
497 670 624 730 duobus·
636 671 765 751 opificiis
784 670 931 750 praefuit,
963 691 1100 751 quorum
1121 671 1214 730 altera
1231 671 1286 730 ofi-

128 761 196 819 cina
213 758 293 818 ultra
310 757 395 817 binas
413 757 508 815 minas
527 756 654 837 singulis
670 755 828 844 mensibus
843 754 875 813 in
895 754 979 826 ebur,
997 755 1177 835 gladiorum
1192 755 1287 815 fabrica

23 880 26 885 >
128 864 192 904 non
210 840 309 902 minus
329 863 418 921 quam
436 842 615 902 tantundem
632 861 693 898 una
711 861 779 899 curn
797 839 878 913 ferro
897 839 1056 912 insumsit,
1093 839 1207 899 horum
1224 839 1285 898 nihil

103 982 111 995 .
127 927 288 1008 reliquisse
308 927 427 987 dicunt:
445 946 482 986 eo
501 937 651 985 venerunt
668 923 882 1005 impudentiae.
903 923 1042 983 Sed-eos·
1058 945 1127 982 non
1146 924 1285 984 credibilis

129 1014 248 1086 dicere,
261 1018 263 1025 ’
275 1011 323 1070 vel
343 1032 379 1071 en
395 1010 442 1070 his
460 1009 533 1090 ipsis
551 1009 638 1068 facile
657 1009 845 1088 perspicitur.
888 1008 1014 1067 Tantam
1034 1020 1142 1068 autem
1161 1029 1229 1069 eum
1244 1029 1284 1068 co

127 1098 208 1180 piam
225 1096 401 1177 reliquisse,
426 1106 462 1154 ut
483 1095 663 1154 non=rnodo
688 1093 752 1153 eius
776 1091 938 1172 opificibus
960 1092 1082 1152 abunde
1102 1095 1143 1154 ad
1157 1093 1284 1175 -opus‘sa-

128 1181 270 1244 ciendum
287 1174 480 1262 suppeteret,
504 1179 666 1240 sedetiam
685 1179 721 1237 ad
740 1176 897 1257 quibusvis
915 1179 1133 1252 vendendum,
1158 1178 1229 1248 hinc'
1243 1198 1282 1258 ap

73 1316 82 1324 ..
127 1278 227 1350 paret,
245 1267 330 1344 quod
348 1265 461 1345 etipse
479 1265 582 1324 vivens
601 1263 747 1334 vendidit,
766 1274 808 1334 et,
826 1274 910 1343 patre
929 1261 988 1320 iam
1005 1262 1169 1336 defuncto,
1185 1264 1281 1323 Demo-

127 1351 213 1433 phon
231 1363 262 1410 et
279 1350 336 1411 iste
355 1368 391 1407 ex
407 1346 532 1409 aedibus
551 1347 606 1420 iis,
624 1347 677 1427 qui
695 1347 825 1420 vellent,
843 1345 1053 1416 vendiderunt
1083 1348 1188 1422 Quam
1204 1347 1281 1406 multa
1315 1426 1317 1431 Ι

128 1436 223 1519 igitur
234 1435 332 1508 fuisse
358 1434 462 1493 relicta
481 1435 718 1492 'consentaneum
735 1443 799 1503 est,
821 1451 890 1489 eum
915 1451 948 1488 ea
967 1443 1090 1490 constet
1115 1452 1181 1490 non
1205 1432 1280 1490 modo

127 1520 218 1582 tantis
238 1518 367 1591 officinis
386 1517 553 1588 suffecisse,
572 1517 626 1575 sed
644 1528 674 1574 et
691 1537 706 1579 a
721 1515 874 1574 tutoribus
891 1515 1017 1575 seorsim
1035 1530 1104 1575 es's'e
1113 1515 1279 1576 divendita?

127 1592 209 1666 Num
228 1604 370 1686 paucula,
391 1625 429 1662 au
448 1621 520 1662 vero
538 1598 630 1682 longe
648 1600 744 1680 plura,
763 1621 852 1678 quam
871 1599 997 1678 quaein
1015 1601 1277 1680 accusationeper-

128 1690 239 1771 scripta
252 1689 347 1751 sunt?
374 1683 454 1768 Cape
472 1687 547 1746 haec
563 1684 738 1758 testimonia
758 1684 853 1782 qt'his
870 1683 970 1744 recita.

79 1833 96 1885 9
299 1799 304 1815 ’
433 1826 436 1835 “
529 1799 992 1907 rnsrrnonrngy

203 1943 280 2001 'Hoc
297 1941 392 2022 igitur
409 1941 485 2017 ebur
501 1940 597 2022 pluris
615 1952 662 2000 est
678 1960 767 2019 quarn
783 1939 911 2015 talenti,
927 1941 1008 2019 quod
1028 1961 1087 2001 nec
1105 1940 1217 2023 ipsum,
1232 1955 1286 1998 nec·

80 2038 83 2043 '
124 2027 244 2086 lucrum
257 2026 333 2084 'inde
350 2018 461 2085 factum
479 2025 555 2084 mihi
573 2027 749 2098 ostendunt,
763 2025 816 2084 sed
832 2037 866 2084 et
883 2024 943 2084 hoc
959 2037 1063 2091 totum‘
1078 2027 1205 2108 penitus
1217 2046 1276 2104 sup·

125 2110 268 2191 primunt.
303 2108 353 2167 Ad
370 2109 459 2181 haec,
483 2110 616 2181 ludices,
639 2130 678 2168 ex
694 2109 881 2182 rationiBus,
908 2110 993 2189 quas
1004 2111 1148 2181 referunt
1165 2112 1199 2169 de
1217 2108 1275 2179 iltis,

127 2213 204 2274 quae
228 2193 286 2273 ipsi
310 2213 342 2252 se
363 2194 516 2274 accepisse
540 2189 740 2265 confitentur,
764 2194 851 2253 vobis
871 2195 1043 2269 ostendam,
1072 2215 1128 2256 eos
1146 2202 1206 2255 tres
1220 2192 1276 2274 pius

127 2299 216 2356 quam
236 2289 306 2336 octo
324 2277 454 2351 talenta,
473 2297 549 2357 quae
567 2297 633 2336 mea
651 2276 882 2350 sunt,.habere:
909 2279 961 2337 sed
979 2274 1148 2360 Aphoburir
1167 2276 1278 2339 seorsim

125 2361 182 2420 tria
200 2361 312 2421 talenta
332 2375 362 2423 et
379 2362 461 2422 mille
480 2361 633 2430 drachmas
652 2361 822 2443 accepisse,
840 2363 957 2421 etiamsi
973 2384 1104 2443 ponam,
1123 2365 1207 2444 plura
1224 2362 1277 2421 sine

42 2447 47 2469 “
126 2444 173 2507 his
191 2464 257 2511 esse
275 2445 533 2526 insumta,'quam
552 2458 641 2519 sunt,
664 2458 695 2505 et
713 2466 765 2518 ca,
790 2466 865 2524 quae
885 2467 920 2505 ex
938 2446 983 2506 his
1002 2449 1220 2519 reddiderunt,
1236 2447 1277 2505 de'-

125 2529 258 2602 traham,
292 2543 328 2589 ut
345 2531 464 2604 sciatis,
496 2550 560 2590 non
578 2529 738 2590 mediocris
758 2548 822 2590 esse
841 2529 1046 2611 impudentiae
1064 2531 1143 2592 facta
1163 2532 1278 2592 illornrn

125 2614 202 2692 Nam
227 2615 271 2673 de
287 2633 355 2673 meo
382 2635 415 2673 se
440 2614 591 2694 accepisse
614 2613 762 2673 fatentur:
788 2614 846 2674 iste
870 2615 993 2693 quidem
1017 2629 1089 2676 octo
1116 2629 1146 2675 et
1170 2628 1278 2687 eentum

125 2697 221 2758 minas
239 2708 360 2780 praeter
377 2718 428 2791 qa,
447 2719 523 2779 quae
542 2706 600 2781 ego'
619 2720 688 2758 eum
707 2698 817 2758 habere
836 2700 1113 2760 nunc'ostcndam:
1131 2699 1278 2780 Therippi-

125 2784 178 2856 des
197 2782 258 2841 duo
276 2783 404 2844 talenta:
422 2782 606 2864 Demophon
624 2796 739 2864 septem
758 2797 789 2843 et
807 2785 962 2866 octoginta
979 2785 1084 2844 minas.
1121 2787 1204 2845 Haec
1220 2795 1278 2843 snut

125 2865 261 2944 quinque
278 2866 392 2925 talenta
410 2880 440 2925 et
458 2869 557 2926 minae
575 2868 756 2945 quindecim.
791 2868 859 2928 Hoc
875 2869 988 2950 igitur,
1015 2872 1102 2948 quod
1120 2870 1186 2930 non
1203 2866 1276 2929 simul

11 2997 21 3012 .
124 2948 299 3009 universum
318 2961 474 3031 acceptum
493 2964 553 3022 est,
570 2951 669 3010 minae
684 2951 748 3010 fere
765 2965 836 3012 sunt
851 2954 1039 3036 septuaginta
1056 2968 1194 3035 septem,
1207 2950 1273 3012 redi·

44 3034 48 3043 ’
122 3044 173 3105 tus
192 3032 230 3092 de
243 3033 418 3114 'mancipiisz
441 3035 529 3114 ‚qnod
546 3055 619 3094 vero
637 3034 692 3094 isti.
704 3035 806 3096 statim
825 3052 1020 3119 acceperunt,
1046 3057 1156 3119 parum
1175 3039 1274 3098 abesta

125 3124 256 3197 quatuor
279 3118 415 3194 talentis:
452 3118 562 3198 quibus
581 3119 606 3180 si
624 3142 715 3180 usura
728 3121 890 3197 decennii,
918 3123 1058 3205 singulis
1072 3124 1180 3184 saltem
1205 3113 1276 3182 drat-

125 3201 220 3262 ehmis
238 3215 427 3281 computata,
453 3203 557 3264 'addita
574 3204 682 3277 fuerit,
714 3203 889 3281 invenietis,
917 3221 985 3268 octo
1004 3207 1072 3267 fieri
1092 3210 1203 3269 talenta
1219 3226 1276 3267 curu

39 3363 44 3368 Π
126 3298 208 3348 sorte
222 3298 257 3345 et
274 3286 357 3345 mille
376 3286 539 3351 drachmas.
574 3280 728 3348 Alimonia
746 3311 838 3369 porro
857 3291 1082 3374 ase'ptuaginta
1100 3307 1212 3375 septem
1226 3289 1273 3349 mi·

125 3371 174 3432 nis
201 3384 247 3431 est
271 3373 587 3453 computanda,.quae
612 3395 648 3434 ex
671 3374 801 3434 officinis
824 3377 971 3438 redeunt:
994 3390 1064 3436 nani
1090 3374 1274 3458 Therippides

32 3458 37 3473 '
124 3467 266 3538 septenas
284 3456 379 3516 minas
399 3459 562 3537 quotannis
585 3460 618 3519 in
637 3478 685 3518 eas
704 3459 809 3533 dabat,
835 3473 866 3522 et
887 3483 944 3522 nos
966 3461 1122 3542 accepi-sse
1139 3462 1197 3523 hoe
1210 3460 1277 3519 fate-

124 3558 200 3600 mur.
234 3540 369 3622 Proinde
391 3563 459 3603 cnm
477 3542 527 3604 isti
544 3544 634 3605 nobis
652 3543 841 3627 septuaginta
863 3547 956 3607 minas
975 3548 1007 3606 in
1024 3547 1181 3608 officinam
1198 3545 1232 3606 ad
1247 3542 1277 3601 il·

123 3626 170 3686 los
189 3624 315 3705 alendos
335 3625 550 3710 insonuerint,
568 3629 600 3689 id
618 3629 701 3710 quod
719 3643 871 3711 superest,
896 3633 1107 3714 septingentas
1126 3629 1276 3697 drachmas.

123 3711 166 3770 eis
183 3730 321 3792 appono,
342 3723 379 3770 et
400 3711 451 3771 isti
473 3713 540 3793 plus
559 3713 658 3793 posui.
695 3715 729 3772 Id
752 3735 840 3789 vero,
859 3717 947 3795 *quod
970 3715 1061 3790 mihi,
1088 3709 1274 3776 sumtavirffi

120 3805 208 3880 toga,
224 3795 431 3870 tradiderunt,
449 3809 479 3856 et
496 3810 641 3877 quantum
658 3797 842 3878 reipublicae
860 3800 970 3861 tributi
986 3798 1274 3882 nominepepende-

121 3894 210 3954 runt,
223 3880 334 3965 ,idest
349 3879 387 3940 ab
406 3892 476 3940 octo
493 3881 615 3942 talentis
634 3896 665 3943 et
683 3882 720 3945 at>
739 3903 793 3955 eo,
820 3886 903 3963 quod
922 3899 968 3945 est
985 3887 1177 3967 appositum,
1201 3881 1273 3945 aufe-

120 3965 257 4025 rendnnn
290 3965 503 4027 Reddiderunt
525 3965 634 4051 igitur,
660 3967 717 4027 iste
740 3967 1002 4052 etsTherippides,
1028 3971 1126 4031 minas
1141 3988 1231 4030 unam
1247 3975 1274 4029 tt

122 4046 259 4129 triginta,
283 4050 392 4112 tributi
407 4050 539 4111 'nominc
560 4052 655 4113 minas
680 4072 712 4115 se
731 4054 910 4133 expendisse
927 4053 1140 4137 duodeviginti
1161 4049 1275 4114 ratioci-

121 4142 243 4194 nnturs
262 4155 319 4218 ego
337 4157 410 4198 vero
429 4137 520 4196 etiam
537 4135 587 4197 hic
605 4150 693 4197 aucto
711 4139 964 4200 numero-faciam
981 4140 1108 4223 triginta
1125 4137 1230 4210 minu,
1241 4144 1274 4195 ot

108 4206 111 4215 ¹
169 4212 230 4277 ftoe
246 4219 322 4279 nihil
337 4218 487 4296 habeant,
507 4221 590 4301 quod
609 4223 826 4287 contradicant·
849 4224 954 4304 ltaque
968 4224 998 4286 'si
1014 4225 1053 4286 ab
1072 4212 1272 4284 octotalentis

68 4210 269 4478 ἵης
282 4304 451 4413 auferant,
475 4319 591 4388 septem
605 4322 681 4406 ¹sunt
699 4308 831 4389 reliqua,
850 4327 999 4390 eaquees
1016 4309 1080 4383 his,
1093 4325 1179 4389 quae
1196 4322 1274 4368 acee-

1043 4468 1055 4498 “a
