2722 4754
373 166 637 281 anteusus
673 180 867 275 multu
921 295 924 300 Ι
1144 211 1205 268 aaa

57 361 312 451 vipostularinon
328 373 454 421 recusat
487 350 587 425 'Alter
609 361 720 443 igitur,
745 360 913 443 ignominia
937 373 1063 441 notatus
1080 371 1207 442 propter
1252 358 1256 429 J

57 446 259 520 nostras‘rixas,
271 447 381 547 periit:
409 446 496 518 alter,
514 446 564 506 eui
582 445 652 505 mali
670 444 747 504 nihil
768 447 931 526 quiequam
949 446 1068 522 accidit,
1086 467 1205 506 sursum

58 547 177 607 deorsum
195 531 289 614 leges,
307 530 453 602 arbitros,
473 531 685 610 omnia,quae
703 529 798 590 libido
817 528 939 606 tulerit,
957 545 1065 605 versat,
1082 552 1117 592 ac
1134 552 1204 593 sen·
1228 535 1290 617 tlt}

60 624 161 692 tentiam
178 617 267 677 latam
285 610 499 691 inarbitrum,
526 636 615 695 qnam
639 635 694 674 reo
718 635 782 674 non
808 628 915 675 vocato
934 639 989 697 per
1006 617 1130 681 insidias
1150 617 1205 677 eli-

63 715 123 783 cuit,
140 705 200 785 ip'se
218 700 278 779 ¹sihi
295 713 388 761 ratam
407 701 495 767 iecit:
523 706 586 781 qua
599 720 679 776 vero
690 699 757 780 ipse
774 699 1046 776 mihitenebatur,
1070 701 1206 777 vocatus,

62 801 148 864 adens,
161 785 367 861 vadimonium
384 787 526 846 deserens
542 784 657 846 irritam
673 783 753 844 facit.
779 783 877 866 Atqui
894 786 919 844 si
936 786 993 846 iste
1007 800 1089 849 tanta
1098 809 1205 869 poena
1254 824 1257 833 ·

63 886 147 966 nigros
162 871 273 933 iudicat
292 891 363 944 eos,
388 861 542 952 a'quibus'
551 869 661 949 absens
681 870 853 930 damnatur:
888 891 962 950 quas
980 892 1094 953 poenas
1112 872 1205 935 istum

63 974 116 1033 aare
130 958 208 1022 robis
223 956 403 1038 oportebit,
436 955 478 1016 ita
501 955 662 1028 manifeste
680 955 763 1037 leges
782 967 895 1015 vestras
914 976 970 1037 per
988 959 1204 1019 contumeliam
1233 1018 1235 1022 ,

64 1042 216 1118 violantem?
249 1043 328 1102 Nam
346 1040 372 1100 si
389 1040 575 1124 ignominia,
601 1041 627 1100 si
644 1040 764 1123 legum,
790 1040 816 1100 si
833 1041 1033 1116 iudiciorum,
1058 1043 1084 1101 si
1101 1064 1204 1104 rerum
1232 1106 1235 1110 ,
1271 1112 1276 1123 „

64 1137 168 1223 deniqne
185 1125 323 1187 omnium
341 1125 470 1206 privatio
488 1126 575 1189 illius
589 1125 717 1205 iniuriae
736 1125 826 1208 digna
844 1128 944 1206 poena
962 1139 1021 1189 est:
1044 1141 1204 1189 contume-
1250 1193 1255 1201 ,

64 1222 300 1296 liar-certeparrja
317 1211 386 1285 erit,
404 1231 474 1271 meo
493 1211 616 1291 quidem
634 1210 761 1284 iudicio,
777 1230 868 1271 mors.
891 1213 933 1271 Ut
949 1225 1049 1272 autem
1068 1235 1138 1275 vera
1155 1233 1205 1275 me

64 1311 146 1372 dicae
158 1301 291 1372 constet,
324 1317 399 1359 voca
417 1296 618 1375 mihiharum
636 1315 738 1358 rerum
756 1307 869 1371 testes,
905 1309 937 1356 et
954 1292 1137 1360 arbitrorum
1155 1319 1205 1360 re-

68 1391 214 1470 duttgem·
330 1404 334 1411 ·
488 1411 577 1455 ·.
872 1402 887 1435 ⁵

38 1509 41 1515 '
300 1510 303 1515 ’
413 1602 417 1607 ⁶
510 1520 725 1606 nespas.

8 1695 15 1703 .
62 1667 84 1704 .·
130 1645 307 1707 Nicostratus
326 1640 587 1723 Myrrhinusius‚⁷
595 1642 726 1704 Phanias
744 1638 960 1722 Aphidnaeus,
987 1641 1117 1717 scimus,
1142 1638 1204 1703 De'-

6 1741 11 1748 ’
66 1733 235 1809 montionem,
252 1727 302 1786 eni
318 1727 529 1787 testimoninm
545 1727 682 1801 dicimus,
692 1739 733 1787 et
747 1727 881 1801 Midiam,
899 1728 951 1808 qui
967 1726 1206 1787 aDemosthene

66 1829 210 1888 remeatur,
230 1834 301 1875 cum
319 1810 359 1871 ob
378 1813 536 1872 maledicta
563 1814 643 1872 diem
660 1813 708 1872 illi
726 1812 865 1886 dixisset,
891 1812 1034 1873 sumsisse
1059 1813 1206 1872 arbitrum

67 1907 219 1971 suttonam,
235 1910 275 1970 et,
295 1901 389 1976 quum
407 1896 574 1958 vadimonii
592 1899 657 1957 dies
675 1898 742 1980 lege
760 1894 1063 1977 praefinita-adesset,
1081 1898 1205 1959 Midiam

67 1985 278 2071 apudarbitrum
297 2002 329 2041 se
348 2002 412 2041 non
430 1983 559 2055 stitisse,
578 1984 631 2042 sed
650 1983 819 2043 desemisse
838 1974 1051 2042 vadimonium.
1074 1983 1206 2043 Damna-
1260 2044 1263 2049 ,

66 2089 120 2137 enm
135 2072 221 2154 igitur·
229 2058 354 2127 Midiam
373 2068 529 2128 absentem
547 2067 658 2130 scimus
678 2080 820 2128 conatum
839 2087 905 2126 esse
922 2067 1104 2147 persuadere
1123 2052 1206 2129 Stra-

46 2159 121 2233 ,toni
141 2152 242 2216 arbitro
261 2165 292 2212 et
305 2153 426 2226 uobis,
453 2153 506 2233 qui
529 2153 719 2234 temporibus
738 2152 798 2212 illis
816 2151 992 2212 Novemviri
1011 2173 1145 2233 eramus,
1170 2164 1207 2212 ut

68 2242 197 2304 arbitrium
212 2237 471 2312 rescinderemus,
505 2237 653 2298 drachmis
673 2237 895 2320 quinquagenis
913 2235 1089 2317 promissis:
1122 2237 1206 2318 quo'd

67 2329 112 2389 uhi
123 2323 319 2399 recusavimus,
337 2324 427 2384 nohis
444 2322 758 2403 minitatum-insuper
774 2322 955 2383 discessisse.
975 2321 1206 2393 Obbanccam

68 2435 118 2474 sam
132 2410 244 2482 sdmus,
268 2409 441 2469 Stratonem
460 2428 476 2468 a
494 2405 587 2469 Midia
605 2408 1027 2481 insidioseeireumventum,
1052 2419 1084 2466 et
1102 2420 1208 2468 eontra

68 2516 141 2560 omne
155 2496 242 2555 iuset
260 2494 450 2573 aequitatem
464 2493 633 2575 ignominia
650 2503 789 2554 notatum
809 2512 882 2553 esse.
926 2491 1032 2553 Recita
1051 2491 1141 2553 etiam
1159 2504 1206 2554 tr-

68 2583 190 2644 binorum
205 2579 311 2662 legem.
1193 2604 1196 2611 ·

88 2750 96 2779 i
141 2722 147 2731 ’
563 2735 678 2779 unx.

59 2915 60 2918 Ἴ
117 2837 166 2896 ’δι’
179 2836 226 2918 qni
246 2837 283 2897 de
301 2836 425 2917 privatis
440 2837 654 2897 ¹contractibus
680 2836 842 2920 litigarint,
869 2850 900 2897 et
923 2838 1070 2906 arbitrum
1088 2854 1208 2897 sumere
1252 2840 1276 2847 ““

1 2933 8 2947 “
68 2923 194 2984 roherint
207 2941 435 3004 quemcunque:
454 2923 498 2989 eis
516 2922 605 2982 liceat
621 2920 740 2987 sumere
758 2941 971 3005 quemcunque
987 2923 1143 2983 soluerint
1160 2940 1207 2982 ar-

69 3008 166 3069 bitrum.
192 3008 311 3084 Quodsi
330 3006 534 3068 communiter
549 3007 719 3081 voluerint,
738 3008 931 3088 acquiescant
949 3008 981 3067 in
1001 3007 1065 3068 'eius
1084 3021 1208 3068 senten-

67 3093 116 3167 tia,
129 3112 222 3174 'neque
241 3092 279 3152 ab
297 3093 357 3154 hoc
375 3092 407 3151 in
432 3093 514 3152 aliud
537 3093 683 3153 iudicium
709 3094 814 3154 eadem
833 3091 962 3154 crimina¹
976 3093 1127 3154 delerant:
1155 3093 1210 3153 sed

72 3199 133 3256 quae
144 3178 175 3240 ab
191 3179 304 3239 arbitro
323 3179 455 3238 indicata
472 3177 603 3250 luerint,
620 3191 684 3238 rata
702 3178 844 3238 habento.
1195 3198 1199 3210 ’

68 3300 71 3305 -
136 3262 206 3347 hge,
232 3285 306 3329 voca
333 3264 424 3324 etiam
442 3263 617 3324 Stratonem
641 3263 756 3344 ipsum,
782 3284 868 3337 eum,
883 3263 948 3344 ¹qui
972 3262 1044 3324 talia
1068 3262 1213 3346 pertulit:

70 3358 131 3407 stare
146 3350 216 3413 enim
235 3350 264 3409 ei
283 3348 422 3430 prolecto
440 3344 552 3408 licebit.
597 3348 672 3422 Hie,
697 3349 923 3422 Athenienses,
940 3368 1057 3430 pauper
1074 3347 1210 3410 fortassis

71 3433 287 3516 est,·improbu-s
304 3447 367 3494 n'on
386 3446 438 3494 est
482 3434 633 3508 Quicum
652 3433 724 3494 civis
742 3434 798 3508 sit,
826 3446 856 3492 et
874 3452 980 3493 omnes
1000 3435 1211 3516 expeditiones
1233 3439 1294 3498 347

72 3516 163 3579 iuvenis
185 3520 312 3594 obierit,
340 3539 440 3599 neque
464 3519 587 3578 sceleris
612 3519 779 3599 quicquam
799 3518 967 3579 admiserit:
994 3542 1077 3580 nnnc
1102 3519 1212 3580 tacitus

69 3601 157 3678 adstat,
177 3625 240 3666 non
258 3605 324 3664 aliis
342 3606 436 3664 modo
456 3604 667 3664 communibus
686 3604 775 3664 bonis
793 3604 961 3684 spoliatus,
991 3607 1046 3666 sed
1063 3603 1231 3685 loquendi

70 3685 578 3774 etamlamentandiquepotesutq
601 3710 633 3749 ae
652 3690 758 3749 iurene
777 3709 815 3749 an
833 3687 943 3747 iniuria
961 3687 1039 3750 haec
1057 3691 1115 3750 sibi
1134 3688 1212 3748 acei-

69 3771 160 3848 derint,
183 3797 221 3836 ne
246 3776 278 3835 id
297 3776 421 3856 quidem
440 3776 520 3855 apud
537 3795 591 3835 vos
612 3776 703 3834 audet
722 3784 880 3854 exponere.
924 3773 967 3835 Et
986 3776 1060 3836 haee
1084 3798 1100 3834 a
1119 3772 1211 3833 Midia

67 3868 201 3939 perpetem
214 3873 275 3922 ‘est
294 3868 339 3920 'et
357 3883 372 3919 a
391 3859 502 3918 Midiae
522 3859 631 3940 opibus
650 3872 741 3939 atque
759 3857 924 3919 insolentia
944 3861 984 3920 ob
1002 3871 1212 3942 paupertatem

67 3943 299 4026 solitudinemque
318 3960 403 4006 snam
422 3956 452 4003 et
471 3945 608 4004 ordinem
627 3944 797 4025 plebeium:
828 3943 899 4023 qui,
929 3945 970 4018 si,
999 3946 1118 4028 legibus
1138 3960 1212 4004 con·-

66 4030 163 4106 temtis,
186 4032 408 4114 qninquaginta
435 4030 583 4089 drachmis
608 4029 645 4088 ab
669 4029 727 4089 isto
747 4026 877 4110 acceptis
906 4029 1124 4090 damnatoriam
1142 4050 1212 4105 sen·

65 4115 169 4177 tentiam
188 4118 227 4176 in
243 4116 465 4177 'absolutorium
489 4124 651 4187 mutasset,
676 4114 735 4174 iam
756 4113 927 4174 honoribus
952 4115 1148 4197 iungeretur,
1173 4127 1213 4189 et,

65 4197 118 4259 sine
132 4201 191 4263 ullo
209 4203 300 4275 malo,
317 4222 416 4282 aequo
434 4200 500 4261 iure
517 4215 586 4261 cum
602 4199 731 4280 reliquis
748 4199 864 4259 ciuibus
883 4199 1045 4260 frueretur.
1062 4200 1123 4260 Sed
1142 4198 1230 4279 quia-

64 4282 190 4348 ius'titiam
212 4284 406 4370 plurieiecit
432 4298 522 4367 quam
542 4284 686 4360 Midiam,
712 4299 746 4345 et
768 4286 851 4368 leges
876 4284 972 4367 magis
995 4284 1099 4346 timuit
1112 4282 1212 4368 xq'uam

64 4366 139 4431 istius
152 4366 259 4436 minare
274 4373 326 4434 2nt
346 4373 424 4434 haee
447 4372 483 4437 in
494 4383 617 4432 'eanum
640 4384 676 4431 et
688 4370 789 4432 talem
807 4368 1014 4430 'calamitatem
1032 4370 1071 4432 ab
1088 4367 1148 4451 isto
1168 4380 1213 4429 est

860 4464 1006 4551 ⁸1⁷
