2722 4754
285 130 291 138 ’
354 107 1086 251 cournirusocut‘numf„
1172 163 1236 222 sss
1301 122 1328 190 ’·

62 332 184 381 sturus:
210 319 264 379 sed
284 339 317 378 ea
336 315 437 376 omnia
460 320 551 395 posse
576 327 791 389 contemnere,
815 326 943 395 propter
958 331 1037 392 quae
1060 309 1238 395 largitiones

62 405 96 464 in
111 404 293 484 semetipsos
312 404 474 462 insumant.
489 398 536 460 Ac
554 422 631 480 quae
644 402 681 460 dc
698 401 789 459 sratre
803 421 859 459 suo
877 400 950 481 egit,
968 398 1042 457 haec
1053 411 1133 458 sunt.
1150 399 1237 474 (luae

64 512 150 563 vero,
178 502 339 571 postquam
366 488 402 546 ad
420 485 638 566 rempublicam
663 486 806 557 accessit,
842 484 1057 544 administrarit
1086 481 1237 566 (proxime

66 577 147 636 enim
173 587 206 634 et
231 573 397 633 secundum
424 570 608 631 domesticos
634 591 688 637 tos
715 592 730 629 a
755 591 786 629 se
812 568 898 652 diligi
923 568 1034 653 dicct),
1061 571 1166 629 audire
1192 579 1239 628 est

67 681 180 741 operae
198 672 337 738 prctmm
361 656 553 736 Ausprcabor
569 669 670 716 autem
688 655 792 726 abus,
810 675 887 734 quae
905 677 937 712 sn
955 675 1012 713 nos
1031 654 1158 715 admisit
1180 655 1237 715 Pa·
1260 647 1321 703 35⁰

65 760 144 807 trem
164 767 232 805 curn
256 754 429 814 accusaret,
456 741 589 814 ludices,
614 764 648 801 ac
667 741 846 799 violatarum
870 739 980 820 legum
998 762 1084 802 rcum
1109 741 1257 800 laceret·

65 831 191 891 insidias
210 848 316 908 puero,
335 828 372 886 dc
391 847 452 906 quo
471 826 627 887 decretum
646 826 791 905 scriptum
804 839 877 897 crat,
894 824 961 883 fieri
979 824 1135 897 dicebats
1124 848 1159 901 ιιι
1174 846 1238 926 qqo

65 914 281 997 patertictum
301 907 502 983 Cltaridemo,
521 911 668 971 lsomachi
686 912 767 984 filio,
786 912 974 981 ‹lecrcverat,
992 930 1143 984 assereus,
1162 909 1238 970 siin
1268 975 1273 986 ,

64 1014 206 1085 paternas
224 998 313 1058 aedes
332 994 461 1056 redisset
477 1017 570 1076 puer,
595 1018 701 1056 omnes
720 1017 809 1076 opes,
836 1018 909 1076 quas
927 994 1114 1095 Aeschylus,
1140 1018 1155 1055 a
1175 1017 1238 1074 quo
1281 1028 1290 1038 ‚

67 1099 132 1146 erat
149 1085 326 1163 adoptatus,
352 1104 379 1141 cr
371 1082 539 1154 dederat,
563 1082 757 1142 amissurum:
784 1082 877 1161 idque
895 1081 979 1140 salso.
1014 1079 1137 1139 Nemini
1156 1081 1238 1140 enim

66 1192 200 1250 unquam
220 1169 375 1247 adoptato,
393 1167 522 1238 ludices,
540 1166 572 1226 id
590 1168 707 1236 accidit.
742 1167 782 1226 Et
799 1166 909 1226 horum
929 1166 1063 1225 omnium
1083 1178 1238 1226 auctorem
1280 1168 1282 1175 ⁴

37 1322 39 1326 ‚
66 1256 268 1355 Polyeuctum
294 1252 443 1312 exstitisse
469 1251 602 1325 dicebat,
628 1254 681 1333 qui
707 1253 793 1331 pueri
820 1265 945 1311 matrem
972 1250 1125 1311 haberet
1115 1272 1148 1309 ιιι
1176 1272 1238 1310 ma

68 1337 231 1423 trimouio,
264 1349 356 1416 atque
383 1336 465 1417 ipse
472 1338 559 1417 pueri
589 1358 662 1417 opes
696 1336 955 1417 concupisceret
941 1336 1039 1394 lrati
1065 1347 1165 1394 autem
1190 1337 1238 1395 iu

67 1427 149 1486 dices
175 1423 214 1483 ob
241 1442 275 1481 ca
303 1421 391 1495 dicta,
426 1433 457 1479 ct
480 1421 612 1500 opinati,
647 1422 747 1503 ipsum
772 1421 895 1501 quidem
914 1416 1071 1480 decretum
1097 1431 1129 1478 et
1152 1439 1239 1500 prae

66 1512 162 1570 mium
189 1508 324 1606 iegibus
327 1527 393 1565 csse
420 1518 676 1582 consentaneum,
701 1527 803 1565 revera
830 1519 931 1565 autem
957 1522 1087 1603 puerum
1110 1503 1238 1583 pecunia
1277 1494 1281 1511 i

32 1663 38 1669 Ι
65 1592 266 1654 fraudatum
258 1592 313 1663 1ri,
338 1602 456 1670 patrem
473 1591 577 1649 decem
595 1591 716 1650 talentis
729 1591 939 1690 mulctarunt,
964 1589 1070 1668 utqui
1089 1589 1238 1649 cumPo-
1281 1645 1287 1650 .

66 1682 192 1776 lpeucto
210 1677 284 1736 haec
308 1675 482 1733 moliretur.
506 1675 571 1747 isti,
597 1687 632 1734 ut
650 1697 736 1756 pueri
729 1675 928 1751 defensori,
953 1675 1156 1735 crediderunt
1192 1673 1239 1735 Ac

66 1785 145 1844 quac
164 1760 209 1820 ἰιι
214 1760 328 1820 iudicIo
348 1759 537 1832 acciderunt,
562 1759 636 1820 baec
655 1773 686 1820 et
708 1760 884 1820 huiusmodi
908 1750 1041 1820 luerunt
1076 1761 1118 1819 Ut
1135 1770 1238 1821 autem

66 1851 168 1908 bonus
192 1847 248 1905 iste
274 1844 320 1904 vir
346 1843 518 1904 homines
508 1858 600 1905 iratos
627 1867 693 1905 esse
718 1845 946 1918 animadvertit,
971 1859 1003 1904 et
1019 1844 1096 1917 sibi,
1120 1857 1157 1906 ut
1174 1847 1261 1905 uou'
1338 1871 1345 1883 s

66 1932 195 1992 omnino
214 1930 340 2001 nefario,
359 1930 449 1988 fidem
469 1929 588 1989 haberi:
606 1930 750 1990 arcessito
766 1930 936 2014 Polqeucto
953 1931 1032 1989 diem
1051 1924 1131 2009 apud
1149 1950 1237 2010 prae·
1261 1964 1264 1971 ,

65 2031 165 2078 torem
185 2015 259 2075 dicit
276 2014 370 2074 malac
388 2015 585 2088 tractationis,
613 2016 801 2096 primamque
820 2015 1015 2075 sortitionem
1033 2016 1085 2075 dat
1101 2015 1238 2075 Mnesar-

45 2095 172 2176 ,cbidae
198 2099 349 2159 assessori.
383 2096 569 2180 Acceptis
552 2112 653 2159 autem
679 2101 883 2183 aPolpcucto
908 2100 1052 2160 trecentis
1077 2099 1238 2174 drachmis,

66 2200 98 2247 ct
116 2186 268 2246 atrocibus
286 2184 345 2243 illis
373 2183 548 2244 criminibus
574 2206 665 2264 parvo
684 2206 752 2245 aere
777 2184 925 2257 venditis,
951 2174 990 2243 ob
1016 2204 1094 2263 quae
1120 2197 1238 2263 patrem

26 2328 32 2337 ,
65 2274 172 2331 decem
198 2269 319 2330 talentis
345 2269 518 2340 mulctarat,
544 2268 678 2342 destitit,
704 2269 933 2351 actionemque,
955 2268 1075 2350 pupillo
1102 2268 1238 2350 prodito,

65 2356 196 2416 sustulit
213 2354 292 2435 Age,
310 2375 382 2413 voca
402 2352 476 2411 mihi
494 2344 604 2426 borum
622 2367 724 2414 testes.

548 2488 754 2532 TESTES.

138 2578 273 2656 Quodsi
292 2579 375 2639 dites
401 2578 509 2639 suisset
525 2593 636 2682 pater,
655 2595 701 2657 et,
727 2580 900 2657 oludiccs,
926 2603 954 2642 er
945 2581 1055 2642 mille
1081 2583 1237 2663 drachmas

66 2687 225 2728 numerare
251 2664 420 2764 potuisset,
450 2665 575 2726 omnino
595 2666 720 2727 crimine
747 2666 927 2727 tiolatarum
945 2667 1046 2764 legum
1071 2668 1181 2728 suisset
1196 2666 1266 2740 li-¹

67 2754 204 2812 beratus:
231 2763 347 2810 tantum
368 2748 447 2811 cuim
467 2750 523 2815 iste
542 2751 577 2810 ab
598 2772 635 2811 co
653 2751 834 2833 postulabat.
868 2750 953 2834 Age,
978 2757 1051 2813 voc'a
1059 2753 1144 2813 mihi
1162 2752 1237 2812 Phi

66 2837 210 2938 lippidem
230 2834 456 2907 Paeaniensem,
474 2836 511 2921 ad
531 2859 620 2916 quem
640 2837 715 2897 dixit
733 2836 806 2897 baec
825 2836 1022 2913 Theocrines,
1042 2851 1072 2899 et
1090 2851 1238 2912 caeteros,

67 2923 118 3049 qui
138 2920 248 2996 sciunt,
265 2920 339 2980 baec
357 2919 394 2978 ab
413 2910 486 2979 hoc
491 2941 555 2982 esse
575 2923 660 2982 dicta.
1021 2915 1023 2948 ¹

546 3055 675 3099 rrsr
692 3056 753 3099 rs.
922 3039 929 3051 '
1073 3070 1076 3075 ν
1259 3044 1319 3110 351

152 3148 354 3227 Theqcrinem
374 3147 477 3230 igitur,
496 3140 666 3220 ludices,'
642 3173 667 3209 sr
686 3148 753 3229 quis
772 3149 801 3209 ei
818 3149 902 3210 mille
921 3149 1075 3210 drachmas
1095 3147 1239 3220 dedisset,

67 3232 290 3294 accusationem
309 3232 402 3314 patris
420 3231 513 3291 luisse
540 3232 742 3308 aboliturum,
768 3255 874 3294 omnes
892 3256 947 3299 uos
966 3235 1155 3307 credituros,
1180 3227 1237 3294 etsi
1324 3282 1327 3289 .

50 3331 159 3377 'nemo
179 3317 376 3389 testificetur,
395 3316 532 3376 arbitror.
567 3319 705 3378 Eundem
725 3331 824 3379 autem
843 3320 956 3380 multos
975 3320 1049 3379 alios
1068 3319 1239 3391 arcessisse,
1285 3384 1290 3393 ,

68 3417 100 3463 et
118 3403 238 3461 actione
257 3401 394 3461 instituta
416 3401 660 3481 praevaricatum
680 3425 765 3477 ese,
789 3424 940 3485 parvaque
958 3417 1078 3485 accepta
1096 3406 1237 3489 mercede
1336 3472 1340 3483 ι

66 3488 244 3559 recessisse,
263 3506 334 3558 eos,
352 3480 404 3566 qui
425 3487 452 3544 ei
472 3488 675 3561 dederuut,
665 3511 748 3568 ipsos
767 3489 901 3562 vocabo,
925 3511 964 3549 ue
980 3490 1158 3550 'credatis
1131 3510 1177 3561 er,
1204 3508 1236 3549 se
1268 3556 1274 3565 5

68 3574 229 3634 obsecrare
247 3571 384 3654 legum
366 3571 530 3637 uiolatores
548 3572 709 3663 glorianti,
729 3586 774 3645 et,
792 3569 972 3634 violatarum
990 3575 1091 3656 legum
1111 3574 1236 3633 sublatis
1339 3625 1344 3646 ,

67 3657 255 3729 actionibus,
282 3677 423 3715 corruere
451 3656 620 3718 libertatem
641 3654 813 3719 dictitanti:
841 3660 915 3720 haec
940 3660 1038 3733 enim,
1064 3680 1116 3739 qur
1106 3658 1237 3718 omnia

66 3744 216 3815 tendunt,
234 3736 334 3801 dicere
352 3741 459 3800 solent.
477 3746 560 3801 Voca
579 3743 655 3802 mihi
669 3744 924 3818 Aristomachum,
943 3742 1111 3807 Critodemi
1129 3744 1236 3816 lilium,
1267 3794 1269 3798 Α

66 3829 300 3930 Alopcnccnscm.
336 3828 362 3886 ls
382 3826 462 3885 enim
482 3827 576 3926 dedit,
594 3829 641 3888 vel
660 3829 762 3909 potius
781 3829 811 3888 in
832 3830 896 3890 eius
916 3831 1040 3890 aedibus
1061 3831 1146 3888 datae
1165 3841 1237 3888 sunt

67 3915 137 3986 isti,
163 3913 357 3992 incorruptae
375 3910 493 3970 fidei
464 3933 548 3985 vrro,
573 3914 649 3972 duae
673 3914 771 3974 minae
791 3937 859 3975 cum
886 3916 1008 3975 dimidia
1027 3936 1082 3995 pro
1102 3915 1236 3990 decreto,

67 3999 153 4078 quod
170 3996 395 4080 Automedon
385 4019 418 4054 m
436 3997 578 4078 gratiam
579 3999 784 4060 Tenediorum
803 4000 882 4062 iecit

473 4131 835 4180 TES'thONIA.

154 4221 260 4282 Recita
279 4219 357 4281 euim
378 4195 565 4280 caeterbrum
584 4221 719 4282 eiusdem
738 4222 860 4323 generis
877 4221 998 4282 ordine
990 4194 1236 4296 testimoniam

41 4380 45 4386 ⁴
67 4331 138 4372 cnm
153 4304 329 4392 Hyperidis,
345 4319 410 4366 tum
425 4305 649 4369 Demosthenis.
666 4307 795 4390 Insignis
811 4307 892 4369 enim
906 4320 952 4369 est
964 4306 1116 4384 avaritiae,
1132 4329 1150 4369 a
1165 4308 1234 4398 qui-

511 4566 518 4592 l
543 4590 547 4601 t
