2722 4754
468 73 479 100 0

1126 130 1338 221 (7⁴2⁸

112 432 115 437 ¹
167 233 1066 435 20uu‘10'uussuls0uu.

541 515 746 527 ---··--·-·—-

31 631 293 738 ,ouar1o
339 635 412 708 un
454 617 801 752 uurunurca
843 594 1227 729 onoruauna

334 936 532 1013 trulum
575 946 947 1013 auouuuuruu.

71 1060 264 1151 Onaiotaee
282 1088 425 1148 uoniam
444 1084 612 1165 Philippica
633 1094 689 1156 est,
706 1086 760 1144 sed
779 1086 913 1146 suasoria
932 1084 1116 1168 simpliciter.
1152 1090 1227 1151 Nam
1299 1101 1303 1108 “

73 1198 154 1258 quum
169 1173 374 1233 Athenienses
399 1174 437 1232 de
462 1171 600 1232 theatrali
625 1170 754 1251 pecunia
780 1171 975 1233 deliberaturi
1000 1175 1229 1236 convenissent:
1295 1166 1297 1175 ¹

73 1262 230 1346 prog'ressus
257 1260 292 1317 in
317 1258 452 1318 medinm
476 1256 701 1317 Demosthenes
729 1257 853 1329 suadet,
888 1270 924 1316 ut
951 1258 1033 1341 cives·
1059 1259 1091 1318 in
1118 1261 1227 1321 classes

77 1346 283 1418 distribuantur,
302 1357 335 1404 et
353 1343 511 1402 militando
530 1356 621 1420 atque
639 1341 781 1422 periculis
800 1362 855 1422 pro
875 1343 971 1403 salute
989 1345 1135 1405 Graeciae
1154 1347 1227 1406 sub·
1294 1399 1297 1405 .

79 1432 170 1494 eundis
183 1441 312 1489 veterem
334 1427 513 1511 dignitatem
530 1440 720 1508 recuperent.
765 1427 910 1488 Ostendit
927 1428 1033 1504 etiam,
1053 1431 1094 1491 in,
1105 1452 1226 1514 compa·
1322 1488 1327 1494 ,

77 1519 175 1578 ratione
195 1527 286 1574 status
312 1514 481 1596 praesentis
501 1536 572 1576 cum
587 1526 708 1585 vetere,
737 1527 883 1592 quantum
907 1536 924 1573 a
945 1513 1060 1576 uirtute
1080 1531 1110 1577 et
1127 1519 1225 1578 excel·
1320 1564 1323 1569 .

78 1602 153 1663 lentia
167 1599 312 1660 maiorum
321 1600 554 1696 degenerarint.
640 1614 643 1627 ·

462 1779 822 1792 -ι--ᾟ

77 1898 186 1991 lleha‘c
200 1923 331 2005 pecunia
350 1935 381 1983 et
399 1921 492 1982 iis-de
518 1913 783 2003 rebus,-propter
801 1944 873 2002 quas
892 1921 966 1983 haee
984 1923 1097 1984 indicta
1116 1929 1223 1988 concio
1300 1978 1312 1991 x

23 2036 25 2049 ¹
78 2027 125 2083 est,
147 2006 302 2081 neutrum,
328 2008 551 2082 Athenienses,
579 2008 702 2067 difficile
728 2008 803 2075 mihi
827 2008 907 2068 factu
932 2031 997 2068 esse
1015 2010 1152 2086 videtur,
1176 2015 1224 2073 vel

78 2095 219 2177 obiurgatis
238 2095 319 2167 illis,
338 2101 392 2175 qui
409 2094 529 2176 publica
549 2093 736 2172 distribuunt
755 2107 789 2153 et·
802 2082 987 2174 largidntur,
1006 2094 1125 2155 laudem
1144 2099 1224 2179 apud

78 2205 120 2244 eos
133 2181 279 2253 iuvenire,
298 2181 353 2259 qui
370 2178 588 2260 rempublicam
607 2200 662 2260 per
681 2181 754 2239 haec
773 2179 1016 2254 laedlcredunt:
1034 2181 1097 2254 vel,
1116 2181 1142 2241 si
1161 2183 1223 2247 sul-

76 2271 155 2350 srager
169 2265 226 2324 illis
246 2279 279 2324 et
297 2264 406 2325 horter
422 2265 459 2323 ad
478 2264 703 2345 accipiendum,
721 2263 758 2322 iis
776 2277 895 2346 gratum
912 2264 1026 2339 faeere,
1046 2267 1099 2345 qui
1116 2290 1226 2351 magna·

23 2370 25 2375 ·
76 2351 159 2433 inopia
178 2364 367 2432 premuntur.
412 2349 521 2408 Neutri
546 2350 625 2409 enim
650 2349 774 2431 publico
801 2349 884 2408 bono
908 2350 1101 2411 considerato
1126 2375 1223 2436 nego·
1304 2349 1306 2353 ’

23 2426 28 2435 ’
75 2439 136 2498 tium
156 2436 211 2495 hoc
233 2437 282 2495 vel
302 2436 435 2516 probant
457 2434 505 2493 vel
523 2435 709 2515 improbant:
739 2435 792 2493 sed
810 2447 904 2515 prout
921 2435 1035 2514 quique
1058 2437 1107 2496 vel
1132 2453 1224 2520 egent

23 2526 25 2533 '
68 2523 114 2583 ‘vel
129 2521 229 2601 opibus
248 2521 414 2581 abundant.
441 2520 507 2602 Ego
529 2540 600 2581 vero
619 2534 720 2591 utrum
740 2520 949 2600 accipiendum
967 2521 1024 2596 sit,
1042 2541 1099 2581 nee
1117 2545 1172 2583 ne:
1192 2524 1223 2584 id
1252 2534 1258 2540 '

23 2676 25 2681 ¹
72 2626 158 2687 neque
173 2607 330 2678 suadebo,¹
350 2625 450 2685 neque
469 2605 659 2684 dissuadebo.
704 2604 817 2665 Moneo
835 2618 954 2678 tamen,
978 2619 1014 2666 ut
1032 2608 1171 2688 cogitetis
1190 2624 1221 2671 et
1246 2620 1309 2687 197.

72 2693 123 2773 ipsi
137 2691 286 2751 uobiscum
305 2691 511 2763 meditemini,
536 2703 695 2773 argentum
714 2689 788 2772 hoc,
808 2691 845 2749 de
864 2709 925 2767 quo
944 2691 1133 2772 deliberatis,
1160 2697 1223 2754 exi-

70 2783 182 2860 gnome
196 2776 446 2837 consuetudinem
470 2797 531 2834 una
553 2775 773 2835 inolescentem
799 2794 864 2834 esse
888 2795 1035 2858 magnam.
1072 2777 1249 2850 'Quodsi
1293 2818 1296 2823 -

35 2870 41 2877 '
71 2883 126 2921 earn
141 2861 284 2922 rationem
303 2859 453 2932 inieritis,
471 2873 523 2932 ut,
543 2860 595 2939 qui
614 2859 749 2919 officium
767 2882 855 2919 suum
873 2857 1005 2933 sariunt,
1024 2861 1046 2920 ii
1065 2863 1154 2923 etiam
1173 2886 1222 2924 ae-

23 2938 26 2944 ’
71 2946 180 3027 cipiant:
207 2967 270 3006 non
297 2947 397 3007 solum
422 2966 485 3005 non
511 2945 654 3018 laudetis,
681 2946 735 3013 sed
760 2946 964 3026 maximopere
989 2946 1130 3008 iuvabitis
1155 2962 1221 3010 tum

69 3031 269 3112 rempublicam
292 3046 358 3093 tum
382 3031 592 3110 vosmetipsos.
634 3030 689 3089 Sin
716 3031 754 3090 ad
779 3031 987 3112 accipiendum
1013 3043 1044 3091 et
1061 3032 1171 3093 festum
1191 3049 1222 3095 et

70 3138 145 3178 causa
167 3117 320 3196 quaelibet
343 3117 414 3177 satis
440 3115 514 3189 erit,
541 3117 578 3175 dc
597 3116 643 3175 his
662 3127 781 3196 autem,
810 3137 886 3197 quae
904 3126 1059 3197 praeterea
1083 3118 1221 3180 iacienda

68 3202 135 3275 sint,
150 3222 186 3261 ne
203 3203 330 3263 verbum
349 3203 472 3282 quidem
491 3201 596 3260 audire
613 3201 786 3272 volueritis:
820 3202 995 3282 providete,
1012 3224 1052 3262 ne
1069 3204 1148 3264 forte
1166 3227 1221 3265 vos

67 3287 95 3345 in
109 3287 160 3361 his,
176 3309 251 3367 quae
271 3310 354 3350 nunc
372 3301 454 3348 recte
471 3287 539 3346 fieri
557 3287 698 3359 censetis,
716 3287 878 3366 aliquando
895 3287 1092 3369 vehementer
1107 3309 1220 3351 errasse
1297 3345 1300 3350 .

68 3371 198 3432 iudicetis.
242 3375 321 3456 ligo·
336 3386 436 3433 autern
456 3387 597 3453 oportere
624 3391 733 3431 censeo
759 3369 817 3453 (ne‘
831 3393 903 3433 vero
921 3386 1053 3454 propter.
1062 3374 1111 3448 id,
1138 3377 1222 3456 quod

70 3456 167 3530 dicam,
185 3458 366 3532 obturbate,
385 3461 439 3519 sed
456 3478 489 3517 re
507 3458 608 3519 audita
626 3457 788 3537 iudicate),
800 3458 1069 3537 quemadmodum
1088 3462 1125 3520 de
1144 3461 1221 3520 aeci-

68 3541 166 3622 piendo
182 3544 365 3604 concionem
383 3544 563 3618 indiximus,
597 3542 641 3602 sic
660 3543 749 3602 etiam
768 3542 806 3601 de
825 3543 1017 3604 ordinatione
1035 3544 1221 3625 reipublicae

31 3654 34 3661 ⁴
66 3638 93 3689 ct
105 3643 238 3707 apparatu
256 3628 369 3690 bellico
386 3629 481 3689 indici
497 3629 688 3700 concionem,
707 3641 737 3687 et
752 3627 889 3710 singulos
904 3649 968 3688 non
984 3631 1076 3715 modo
1094 3631 1222 3692 adhaec

66 3724 164 3772 attente
180 3714 351 3787 audienda,
374 3716 428 3774 sed
452 3714 541 3774 etiam
559 3715 597 3774 ad
615 3713 753 3774 alacriter
771 3715 961 3794 exsequenda
975 3729 1136 3797 'promptos
1156 3736 1221 3777 esse

67 3797 177 3858 debere:
207 3813 261 3874 ut,
291 3821 310 3859 o
328 3798 548 3872 Athenienses,
578 3821 663 3880 spem
680 3794 822 3877 fortunae
840 3799 973 3859 melioris
992 3800 1024 3859 in
1042 3801 1221 3883 vobisipsis

65 3879 201 3957 habeatis,
231 3906 336 3964 neque
354 3884 570 3958 sciscitemini,
596 3884 788 3964 quidrerum
806 3883 864 3945 iste
881 3885 930 3945 vel
948 3885 1023 3945 alius
1041 3898 1133 3968 gerat
1175 3885 1222 3948 Ac

64 3968 95 4027 de
109 3969 257 4031 reditibus
273 3971 398 4050 quidem
413 3968 553 4044 civitatis,
572 3969 673 4043 ethis,
692 3990 768 4049 quse
786 3969 911 4050 insuper
927 3992 963 4030 ex
978 3970 1094 4051 privato
1111 3970 1221 4033 frustra
1244 4028 1246 4033 ,

61 4073 131 4115 nnnc
147 4055 344 4136 impenditis,
374 4054 588 4136 sociorumque
606 4054 803 4136 vectigalibus
821 4074 1070 4136 unumquemque
1088 4069 1221 4117 vestrum

60 4137 85 4197 id
100 4140 235 4221 accipere
246 4141 366 4219 decere
384 4140 471 4215 dico,
511 4140 594 4221 quod
611 4160 742 4220 aequum
754 4153 822 4211 est:
861 4153 958 4200 aetate
976 4138 1121 4200 florentes
1140 4141 1221 4203 mili-

58 4235 110 4284 tare
127 4225 339 4307 stipendium,
357 4226 498 4288 emeritos
515 4225 674 4307 pecuniam
693 4226 734 4285 ob
752 4225 918 4286 exercenda
935 4223 1064 4303 iudicia,
1085 4245 1141 4303 sen
1158 4246 1221 4307 quo

55 4308 104 4370 alio
120 4311 216 4373 titulo
236 4331 306 4369 rem
324 4310 469 4394 insigniri
480 4311 584 4392 placet.
620 4311 681 4372 Sed
698 4309 757 4392 ipsi
774 4308 961 4382 militabitis,
978 4329 1079 4389 neque
1098 4329 1135 4368 eo
1154 4331 1221 4369 mun
