2722 4754
34 132 45 149 ι
145 127 212 181 ao·
394 162 395 166 a
548 74 952 193 ιιιιιίιιιιίιιιιιιι,

146 273 234 357 origo
253 285 285 334 et
302 293 389 338 causa
403 264 482 334 belli
500 270 669 331 communis
686 268 787 332 inerit
803 268 888 332 Nihss
903 272 997 333 ctiam
1013 292 1083 347 uos,
1099 273 1127 335 si
1143 265 1215 336 cum
1233 272 1315 335 The-

145 359 231 421 banis
251 359 352 419 denuo
370 368 497 440 propter
514 355 668 437 Oropum,
692 369 746 416 aut
761 356 911 437 privatum
929 359 1170 419 emolumentum
1188 357 1315 439 aliquod

145 441 488 542 belligeremus,cladis
503 452 683 542 accepturos
700 441 837 502 arbitror.
868 443 948 503 Nam
968 464 1032 543 eos,
1049 467 1103 525 qur
1093 444 1248 505 fortasse
1263 443 1315 504 vel

142 551 201 593 nos
219 529 267 591 uel
285 528 355 588 illos
370 520 614 601 adiuvarent,
582 550 609 587 sa
624 539 746 589 nostros
763 546 853 610 agros
862 528 978 588 vastari
992 529 1138 604 videant,
1135 550 1233 611 opem
1248 547 1315 589 csse

144 618 259 677 laturos
284 613 432 683 arbitror:
456 615 532 675 sed
532 612 670 677 neutris.
684 614 722 672 ad
749 612 875 673 alienam
903 612 1051 674 ditionem
1077 611 1314 709 oppugnandam

144 697 411 789 praestolaturos
429 698 616 759 societatum
634 697 716 762 enim
735 719 769 758 ea
784 710 841 758 est
848 698 974 759 omnino
991 699 1081 775 r‘atio,
1098 701 1175 781 qnae
1194 711 1226 760 et
1244 697 1314 759 dili·

143 797 253 870 genter
270 783 417 869 cogitanti
435 804 501 843 sese
519 782 627 857 ollert,
646 795 676 843 et
693 805 784 865 quam
801 783 896 862 ipsius
912 783 958 844 rei
976 796 1082 846 natura
1099 785 1222 867 patitur.
1250 783 1314 842 Ne

144 892 204 952 que
224 869 305 929 enim
323 862 379 929 ulli
396 869 444 928 vel
463 868 552 931 uobis
570 868 618 929 vel
635 867 788 928 Thebanae
806 869 882 928 adeo
901 868 980 929 bene
999 870 1143 950 cupiunt,
1169 880 1205 928 ut
1223 849 1326 943 simul.

144 970 176 1018 et
194 942 363 1032 incolumes
382 975 448 1013 csse
466 970 541 1027 nos,
569 964 600 1013 et
616 953 710 1013 aliis
700 964 848 1033 imperare
865 953 976 1013 velint:
1000 955 1056 1015 sed
1072 953 1315 1051 incolumitatem

100 1042 102 1051 '
144 1061 250 1102 omnes
266 1058 341 1140 ιιιι
358 1038 463 1100 salutis
482 1058 569 1098 causa
593 1038 683 1126 nobis
702 1050 824 1118 optant:
835 1050 877 1097 ut
889 1059 963 1099 vero
981 1040 1135 1113 alterutri,
1158 1037 1261 1119 potiti
1269 1035 1314 1097 ri-

143 1126 250 1199 ctoria,
264 1125 338 1205 ipsis
354 1124 561 1205 dominentur,
575 1119 673 1187 nemo
692 1123 800 1211 Quid
790 1123 886 1205 igitur
898 1123 1037 1184 existimo
1050 1121 1265 1195 formidabile?
1285 1129 1316 1181 et

144 1210 218 1294 quid
235 1209 327 1271 vobis?
342 1229 407 1269 esse
425 1208 496 1270 dico
512 1204 776 1299 providendum?
787 1208 835 1267 Ne
853 1207 966 1268 hellum
984 1204 1064 1284 hoc,
1072 1209 1168 1309 quod
1173 1194 1314 1290 agitatur,

91 1300 97 1363 ζ
144 1308 338 1358 communem
363 1293 559 1356 occasionem
582 1305 613 1352 ct
630 1312 792 1353 commune
816 1293 929 1352 crimen
955 1294 1104 1353 universis
1130 1291 1323 1375 suppeditet,

143 1376 220 1459 Nam
238 1403 264 1441 ss
255 1379 388 1461 Argivi
416 1391 447 1437 et
462 1377 608 1443 Messenii
627 1390 670 1436 ct
668 1375 910 1477 Megalopolitae
937 1390 970 1438 et
985 1378 1099 1458 reliqui
1116 1378 1314 1458 Peloponne-

142 1487 209 1538 ses,
235 1465 376 1564 quicum
393 1463 441 1523 his
461 1461 674 1536 consentiunt,
702 1463 742 1523 ob
760 1461 886 1544 petitam
904 1484 920 1523 a
937 1461 1183 1530 Lacedaemoniis
1208 1480 1314 1562 pacem

145 1550 261 1611 nohis
252 1546 369 1609 mimici
385 1559 485 1621 crunt,
504 1560 535 1608 et
551 1559 678 1628 propter
694 1560 759 1609 acta
763 1548 932 1648 ...quaedam
940 1569 994 1608 sua
1011 1547 1172 1630 impedita:
1187 1569 1218 1608 ιι
1208 1545 1313 1607 ¹-Tbc

145 1635 217 1719 bh'ni
234 1635 340 1734 uobis,
366 1645 403 1693 ut
419 1633 516 1704 aiunt,
534 1624 696 1707 infensi,
685 1632 871 1702 inimiciores
891 1632 981 1711 etiam
999 1635 1093 1708 fient,
1100 1633 1195 1733 quod
1213 1629 1299 1693 ab'
1271 1651 1314 1690 ιιι

142 1709 227 1781 actos
245 1719 277 1777 in
296 1717 419 1777 exilium
436 1730 574 1792 tuemur,
600 1730 631 1777 et
648 1730 766 1778 nostras
783 1719 925 1778 adversus
944 1739 996 1779 eos
1023 1717 1197 1778 inimicitias
1215 1715 1314 1776 omni·

144 1805 202 1866 bus
220 1803 319 1864 modis
337 1802 536 1868 declaramus:
553 1824 580 1863 sa
570 1802 744 1904 Thessali,
761 1803 846 1883 quod
862 1801 1066 1863 Phocensium
1086 1803 1189 1862 exules
1208 1801 1319 1861 defen:

145 1890 254 2011 dimus,
272 1911 299 1948 ιι
290 1886 484 1968 'Philippus
503 1888 586 1967 quod
601 1888 777 1987 participem
796 1907 862 1947 esse
876 1885 1132 1971 Amphictyoniae
1149 1885 1314 1969 prohibea-

39 2082 42 2086 ·
88 2048 94 2067 ¹
143 2014 227 2121 belld
246 2054 302 2118 nos
319 2058 507 2131 adoriantur,
522 2056 793 2142 Amphictyonum
802 2058 922 2118 decreta
940 2070 1160 2141 praetexentes,
1177 2078 1213 2118 ac
1227 2056 1314 2135 dein·

143 2146 181 2205 de
200 2143 389 2209 attrahantur
405 2142 537 2242 singuli,
564 2154 601 2203 ut
617 2143 707 2203 etiam
725 2156 832 2204 contra
848 2163 934 2226 suam
957 2143 1121 2203 utilitatem
1138 2163 1198 2202 nos
1216 2150 1313 2222 oppu-
1348 2138 1351 2143 ’

143 2241 249 2330 gnept,
267 2229 299 2288 id
318 2227 401 2329 qnod
419 2227 509 2287 etiam
522 2226 674 2288 Phocensi
691 2228 774 2288 bello
791 2250 850 2287 usu
864 2227 955 2289 venit.
971 2227 1037 2304 Nec
1054 2226 1137 2289 enim
1154 2226 1215 2287 boc
1233 2225 1314 2288 scili-

144 2327 193 2376 cet
207 2313 364 2396 ignoratis,
379 2333 461 2372 nunc
473 2310 646 2387 Thebanos,
663 2325 696 2373 et
708 2312 892 2394 Philippum,
907 2325 938 2377 et
950 2298 1123 2400 Thessalos,
1140 2335 1235 2392 quum
1250 2331 1313 2370 non

49 2412 55 2429 ·
145 2399 250 2459 eadem
267 2398 381 2480 singuli
398 2397 591 2477 potissimum
608 2411 764 2480 urgerent,
783 2399 887 2458 eadem
906 2418 1012 2459 omnes
1029 2384 1201 2479 perfecisse.
1236 2396 1313 2455 Nam

85 2487 94 2508 ¹
143 2483 281 2547 Thebani
295 2482 490 2562 Philippum,
508 2501 547 2541 ue
565 2495 738 2564 penetraret
754 2493 846 2562 atque
863 2482 1010 2583 angustiis
1027 2483 1190 2563 potiretur,
1205 2479 1313 2563 probi·
1327 2496 1334 2503 ·

143 2569 216 2628 bere
232 2589 297 2633 non
312 2580 491 2667 potuerunt,
503 2587 565 2648 ¹nec
580 2567 739 2642 obsistere,
754 2587 817 2647 quo
832 2567 932 2628 minus
939 2569 1001 2643 is,
1006 2568 1060 2667 qui
1072 2580 1243 2668 postremus
1258 2566 1311 2625 ad-

142 2665 283 2724 venerat,
296 2672 419 2734 magno
437 2652 627 2732 ipsorum
601 2651 627 2711 l
630 2651 715 2720 bore
722 2665 837 2733 partam
851 2651 983 2734 gloriam
1008 2653 1202 2734 interciperet
1225 2649 1312 2711 acin

142 2757 175 2799 se
193 2750 421 2805 transmoveret
437 2736 527 2796 Nunc
545 2737 626 2797 enim
644 2737 792 2811 Thebani,
810 2739 894 2828 quod
907 2739 945 2807 ad
956 2738 1191 2819 occupationem
1206 2735 1311 2817 regio-

142 2824 190 2884 nis
209 2835 300 2901 atque
318 2822 551 2900 possessionem.
560 2822 687 2896 attinet,
710 2843 775 2882 rem
793 2843 865 2882 sane
879 2823 1034 2902 praeclare
1053 2833 1220 2922 gesserunt.
1255 2819 1312 2878 Sin

141 2907 292 2979 bonorem
311 2918 342 2966 et
358 2907 485 2988 gloriam
503 2918 638 2987 spectes,
655 2907 838 2989 turpissime.
861 2907 929 2969 Nisi
946 2908 1031 2968 enim
1045 2905 1216 2988 Philippus
1221 2902 1315 2988 Pylas¹

141 3000 337 3092 occupasset,
361 2991 439 3055 nihil
464 2991 597 3051 habituri
614 2991 720 3059 fuisse
732 2993 916 3053 viderentur
951 2993 1059 3072 Neque
1077 3013 1151 3053 vero
1172 2989 1296 3057 haec
1261 3010 1312 3049 ιιι

141 3077 298 3160 proposita
322 3077 465 3151 fuerunt,
491 3062 545 3137 shd
564 3076 633 3158 quia¹
653 3090 684 3138 et
701 3076 899 3138 Orchomeno
923 3090 954 3138 ct
972 3073 1121 3137 Coronea
1137 3075 1243 3157 potiri
1258 3096 1311 3135 cu-

83 3172 123 3230 41
143 3162 286 3244 piebant,
303 3182 404 3241 neque
421 3174 523 3221 tamen
534 3160 697 3241 poterant:
722 3163 792 3222 ideo
811 3162 885 3222 haec
903 3152 1005 3223 omnia
1021 3163 1198 3224 tolerarunt
1215 3160 1313 3229 §Sunt

142 3259 243 3309 autem
260 3247 384 3326 quidam
403 3268 456 3326 qur
446 3246 574 3317 dicere
599 3246 745 3317 audeant,
771 3247 946 3327 Philippum
959 3269 1028 3309 non
1035 3248 1146 3321 ultro,
1169 3247 1224 3306 scd
1241 3260 1311 3304 coa-

141 3345 255 3415 mum,
252 3330 405 3393 Thebanis
425 3331 653 3393 Orchomenum
671 3344 702 3392 et
720 3327 901 3401 Coroneam
908 3331 1037 3393 dedisse
1059 3333 1128 3416 Ego
1146 3343 1218 3393 vero
1236 3328 1325 3389 baec.

53 3485 55 3488 Α
142 3416 241 3478 valere
245 3402 363 3485 iubeo:
380 3414 670 3491 ἰΠιιιΙ ιιιιιιιιιιιὶο,
676 3435 741 3477 non
756 3417 850 3500 magis
866 3437 895 3476 ιι
886 3416 981 3477 haec
993 3439 1084 3485 curae
1098 3417 1201 3489 luisse,
1219 3434 1312 3497 quam

141 3514 178 3565 ut
188 3501 309 3563 ‘adituri
324 3500 481 3583 Thermop
503 3502 599 3566 larum
612 3514 813 3582 occuparet,
816 3522 942 3582 eamque
960 3501 1089 3584 gloriam
1105 3519 1311 3580 consequere-

61 3604 70 3622 ι
104 3615 119 3643 ι
141 3599 219 3661 tur,
227 3599 263 3647 ut
281 3586 423 3658 bellum
413 3524 570 3649 illudsuts
582 3587 678 3657 armis
695 3604 867 3668 repressum
885 3587 1053 3662 dic'eretur,
1063 3598 1168 3668 tt.tqne
1185 3605 1245 3647 suo
1263 3604 1311 3645 ar-

141 3670 256 3733 bitratu
263 3671 381 3755 Pythia
398 3671 627 3734 administraret.
649 3672 733 3733 Haec
749 3671 883 3754 lucre,q
883 3693 1002 3733 uorum
1011 3672 1065 3738 ille
1081 3670 1237 3732 desiderio
1254 3690 1311 3750 pm

141 3756 292 3819 tissimum
310 3756 473 3819 aestuabat
506 3757 550 3820 At
565 3758 703 3823 Thessali
720 3756 864 3823 neutrum
863 3697 991 3819 qhorum
1009 3757 1191 3830 voluerunt,
1208 3768 1246 3816 ut
1262 3753 1312 3814 v'cl

141 3841 357 3926 Thebanorum
381 3843 431 3903 vel
448 3841 586 3942 Philippi
599 3861 673 3927 opes
689 3856 897 3926 augerentur,
914 3863 1050 3925 quorum
1067 3855 1234 3923 utrumque
1251 3837 1312 3902 sibi
1330 3866 1333 3870 ·

66 3927 349 4009 ἰιιιιίιιιιοιιιιιι
365 3926 432 3988 lore
450 3922 688 4010 praevidebant:
698 3929 753 3989 sed
771 3929 846 3991 haec
863 3927 930 3990 duo
943 3940 1129 4009 spectarunt,
1146 3939 1183 3988 ut
1201 3937 1233 3987 ct
1246 3924 1309 4008 Py
1316 3989 1319 3992 ,
1340 3984 1351 4004 ,

38 4084 40 4088 Α
143 4013 259 4087 laeam,
265 4025 297 4074 et
308 4013 517 4087 emolumenta
530 4013 678 4096 Delphica
696 4013 888 4097 obtinerent.
904 4034 1074 4114 eorumque
1088 4012 1262 4085 desiderio,
1270 4009 1313 4069 ad
1349 4070 1351 4075 ι

143 4114 193 4165 eas
212 4119 260 4160 res
278 4097 426 4198 Philippo
439 4097 593 4169 adiutores
610 4099 742 4161 fuerunt.
759 4098 810 4161 Sic
828 4099 869 4159 ob
886 4098 1000 4181 privata
1019 4098 1199 4180 compendia
1218 4116 1310 4195 quos

142 4205 201 4264 que
219 4182 378 4265 reperietis
395 4184 434 4242 ad
451 4183 545 4245 multa
568 4180 711 4245 facienda
723 4205 789 4250 esse
816 4182 1028 4266 compulsos,
1024 4206 1165 4264 quorum
1184 4180 1287 4248 nihil
1279 4201 1312 4239 ιιι
1341 4242 1345 4251 f

140 4269 243 4377 animo
261 4268 439 4339 habueruut
458 4270 552 4344 Quod
565 4291 659 4349 ιιιιιιιιι
673 4270 724 4330 ita
728 4270 782 4331 sit·
800 4270 966 4336 cauendum
979 4269 1068 4335 vobis
1080 4283 1147 4337 ιιι.
1153 4265 1312 4355 Numquid
