2722 4754
354 182 561 250 courna
595 162 969 272 ruuocmnnus,
1170 181 1272 276 aar,

58 342 216 488 depreltum
235 341 356 424 profer,
382 339 466 420 quod
489 337 522 398 in
536 301 717 400 sScironidae
732 337 918 426 sententiam
942 331 1055 395 factum
1078 345 1126 396 est
1150 330 1229 426 apud
1254 327 1317 417 347

58 440 99 487 trr
123 451 143 488 u
158 449 197 488 es.
411 447 414 461 ¹
928 456 933 462 ·
1223 448 1227 457 ·

492 540 796 619 DECRETUllf.

147 679 287 743 Accessit
304 693 405 740 autem
423 658 610 747 Theocrines
630 689 710 739 etse
734 678 846 738 debere
864 677 959 736 fassus
979 689 1040 750 est,
1062 689 1095 737 et
1112 676 1233 738 solutu-

36 782 130 826 'rum
149 786 250 825 coram
277 765 441 826 tribulibus
468 763 600 844 recepit,
624 775 783 842 postquam
803 783 858 821 nos
883 762 987 822 adesse
1011 761 1233 842 animadvertit,

61 852 199 933 exempla
217 872 333 925 eorum,
353 870 430 929 quae
448 849 480 908 in
493 848 631 908 'tabulam
648 846 742 906 relata
761 859 856 922 crant,
874 846 1031 941 petippros.
1051 925 1055 936 Ι
1155 903 1158 912 ,

494 963 811 1063 bernerum!

40 1159 48 1173 s
96 1141 100 1145 -
150 1105 249 1164 Multo
268 1102 362 1184 magis
381 1100 493 1184 igitur,
518 1100 741 1175 Athenienses,
764 1100 928 1160 Leontidas
945 1083 1155 1174 laudaveritis,
1181 1099 1235 1180 qui
1320 1156 1325 1167 ,

55 1190 265 1251 'Theocrinem
292 1189 356 1248 illas
383 1200 500 1268 septem
525 1185 622 1245 minas
647 1186 775 1245 reddere
800 1193 986 1267 coegerunt,
1019 1208 1108 1264 quam
1132 1185 1234 1246 istum.

64 1279 125 1334 lam
144 1287 250 1355 quarta
269 1275 357 1332 etiam
376 1272 424 1331 lcx
442 1285 489 1332 est
512 1269 625 1354 (fateor
642 1271 740 1345 enim,
765 1292 813 1336 me
830 1271 975 1350 pleraque
994 1270 1081 1330 istius
1098 1271 1235 1331 facinora

63 1358 312 1443 pervestigasse),
332 1378 394 1436 qua
407 1356 595 1437 Tbeocrines
614 1355 795 1438 quingentas
814 1355 968 1414 drachmas
987 1355 1096 1427 debet,
1115 1377 1131 1415 a
1148 1368 1234 1434 patre
1277 1400 1281 1411 ,

63 1467 121 1505 suo
139 1467 202 1504 non
220 1443 371 1515 redditas,
397 1440 507 1520 quibus
524 1442 684 1500 'damnatus
704 1454 767 1514 est,
795 1437 998 1520 Cephisodoti
1015 1439 1127 1499 famula
1146 1439 1179 1498 in
1197 1440 1234 1499 li-

63 1530 211 1590 bertatem
229 1541 356 1589 asserta:
374 1527 427 1585 sed
445 1526 665 1585 intercessione
683 1539 714 1584 et
728 1525 907 1588 tractatione
923 1547 990 1585 cum
1005 1521 1147 1607 Ctesicle,
1163 1545 1234 1584 ora-
1271 1520 1273 1525 ⁴
1323 1585 1329 1592 ,

63 1615 185 1674 tionum
212 1614 379 1693 scriptore,
405 1611 458 1690 qui
482 1611 519 1670 ab
545 1612 668 1670 adversa
692 1623 776 1691 parte
802 1609 915 1682 stabat,
941 1621 1079 1669 curatum
1110 1613 1172 1681 est',
1198 1608 1264 1675 ut'·

63 1722 98 1759 ea
112 1701 223 1758 mulcta
238 1706 338 1776 neque
352 1696 531 1768 solveretur,
548 1715 649 1774 neque
659 1695 698 1753 in
713 1716 812 1755 arcem
825 1695 1007 1754 referretur:
1025 1694 1233 1773 quam.'fheo-

63 1785 163 1844 crines
181 1805 273 1855 nunc,
291 1781 412 1861 opinor,
429 1780 629 1840 nibilominus
648 1781 769 1862 exlege
788 1779 886 1838 debet.
916 1778 987 1853 Non
1005 1779 1098 1852 eninr,
1116 1780 1141 1838 si
1160 1775 1232 1839 Cre
1254 1808 1256 1813 ·
1283 1819 1285 1823 -

63 1869 153 1928 sieles
180 1867 348 1945 inquilinus
368 1866 425 1924 iste
445 1864 650 1938 concesserit,
675 1865 833 1947 improbus
851 1864 1012 1944 improbo,
1040 1869 1079 1923 n'e
1097 1852 1250 1924 tradatur*

64 1953 256 2012 exactoribus
274 1952 316 2024 is,
341 1951 393 2029 qui
411 1949 478 2032 lege
501 1950 541 2008 sit
559 1951 731 2025 damnatus,
754 1953 914 2031 propterea
941 1949 1044 2009 civitas
1067 1949 1234 2010 fraudanda

65 2050 112 2096 est
136 2037 257 2096 mulctis
277 2058 292 2094 a
317 2034 618 2118 legibusirrogatis:
644 2037 697 2095 sed
725 2037 813 2096 decet
838 2034 1025 2111 adversarios
1057 2034 1089 2093 in
1108 2034 1233 2114 privatis

62 2120 273 2191 contractibus,
288 2121 369 2178 inter
385 2138 417 2178 se
435 2119 602 2200 transigere
628 2119 771 2180 arbitratu
792 2140 866 2191 suo,
889 2118 921 2179 in
938 2119 1068 2200 publicis
1085 2139 1160 2178 vero
1178 2139 1233 2178 ne-

64 2207 156 2293 gotiis
175 2226 279 2285 parere
297 2204 424 2285 legibus.
458 2203 505 2263 Ac
522 2204 621 2285 legem
639 2204 715 2262 mibi
731 2205 843 2276 recita,
871 2202 1053 2282 quae-iubet
1077 2205 1233 2282 semissem

63 2290 281 2351 aestimationis
300 2289 411 2347 debere
429 2287 553 2367 publico
573 2309 660 2361 eum,
690 2288 742 2367 qui
761 2309 815 2369 per
832 2287 1125 2366 iniuriamasserere
1144 2289 1177 2348 in
1196 2289 1233 2349 li·
1327 2292 1330 2297 ’

64 2376 216 2441 Ιιεηεῑεπι,
229 2374 377 2445 videatur,
396 2385 427 2432 et
444 2368 647 2452 Cephisodori
665 2373 882 2433 testimonium.
1031 2385 1034 2390 '

366 2523 928 2568 nux.t¹Esr1MotttoM.

150 2627 233 2688 lllam
253 2625 342 2687 ctiam
360 2626 459 2708 legem
477 2626 580 2700 recita,
599 2648 676 2706 quae
694 2627 731 2686 ab
749 2648 783 2686 ea
802 2627 851 2686 die
870 2626 982 2692 debere
1000 2624 1096 2703 iubet,
1114 2623 1233 2709 quasit

31 2746 35 2753 ‚
65 2715 232 2787 damnatus,
250 2713 312 2773 sive
331 2711 474 2793 inscripta
485 2710 614 2793 *mulcta,
632 2712 695 2773 sive
713 2733 777 2771 non
795 2712 938 2793 inscripta
956 2712 1003 2773 sit
1046 2784 1053 2792 ἱ

595 2850 741 2909 n'nx.=

149 2972 221 3044 Quo
240 2968 334 3049 igitur
350 2968 409 3028 alio
428 2979 535 3048 pacto,
553 2962 687 3039 Iu'diccs,
706 2986 812 3046 aequo,
823 2967 990 3027 accusatori
1009 2969 1233 3030 ostendendum

65 3068 127 3129 cst,
150 3053 354 3120 Theocrinem
378 3067 461 3113 recte
477 3063 546 3111 'esse
572 3052 720 3125 delatum,
746 3073 803 3131 nec
821 3065 947 3132 propter
969 3054 1052 3113 mille
1078 3054 1247 3115 dmcbmas⁴

65 3143 227 3212 duntaxat,
245 3138 293 3198 ¹ob
313 3158 386 3217 quas
405 3137 521 3202 delatus
542 3149 605 3209 est,
630 3136 729 3196 teneri
753 3136 923 3212 delatione,
948 3139 1009 3198 sed—
1019 3139 1122 3199 multis
1142 3139 1233 3200 etiam
1263 3179 1265 3183 ,
1321 3161 1325 3167 ·

65 3221 334 3285 aliis-obstrictum
362 3243 426 3282 esse
453 3220 595 3281 mulctis?
630 3221 780 3300 Equidem
807 3220 866 3281 alio
892 3222 978 3282 nullo
1006 3235 1089 3303 puto.
1123 3224 1232 3304 Neque

66 3309 149 3369 enim
167 3308 398 3388 exspectandum
416 3298 553 3387 profecto
573 3321 633 3379 est,
661 3308 731 3367 dum
751 3306 815 3386 ipse
833 3306 1020 3367 Theocrines
1045 3308 1161 3368 aerario
1180 3330 1231 3368 ve-

66 3407 130 3455 stro
148 3416 181 3457 se
201 3392 312 3452 debere
330 3392 469 3465 fateatur,
487 3404 518 3451 et
534 3391 600 3450 iure
620 3391 752 3452 delatum
772 3411 837 3450 esse
856 3391 942 3450 dicat.
954 3394 1025 3452 ⁴lnro
1045 3394 1231 3454 contrarium

65 3480 129 3553 fiet,
147 3477 267 3558 quidvis
285 3476 366 3536 dicet
383 3476 504 3556 potius,
519 3476 638 3555 quasvis
657 3476 884 3546 criminationes
896 3474 1107 3556 ¹pro'fereta'se
1124 3479 1232 3538 factio-¹
1284 3492 1285 3496 ’

34 3584 44 3597 ‘
66 3563 155 3633 nibus
176 3561 323 3643 opprimi,
348 3581 379 3620 se
398 3574 524 3641 propter
541 3560 655 3643 ,legum
676 3561 885 3621 defensionem
908 3561 1059 3642 exagitari.
1075 3563 1233 3642 quiritabi*
1316 3621 1321 3629 a

65 3658 123 3710 tur.
158 3648 237 3707 Nam
254 3646 307 3725 qui
325 3667 441 3706 causam
460 3646 554 3726 ipsam
571 3646 653 3705 tueri
668 3658 841 3727 nequeunt,
860 3645 919 3706 hoc
935 3647 1088 3727 reliquum
1107 3649 1234 3722 habent,

64 3747 102 3794 ut
117 3733 240 3816 effugia,
256 3745 291 3792 ut
309 3752 411 3792 causas
430 3732 611 3812 quaeritent,
629 3734 716 3810 quae,
735 3742 837 3811 erepta
854 3731 948 3811 ipsius
967 3753 1072 3792 causae
1089 3736 1232 3795 recorda-

65 3820 177 3893 tione,
194 3819 226 3878 in
245 3817 282 3876 iis
299 3837 353 3876 vos
379 3816 552 3889 detineant,
577 3837 653 3896 quae
671 3818 708 3878 ad
734 3817 828 3897 ipsam
853 3837 971 3876 causam
997 3818 1074 3876 nibil
1094 3820 1232 3881 attinent.

29 3919 40 3926 ‘
65 3905 133 3983 Ego
151 3925 240 3976 vero,
258 3901 392 3973 ludices,
416 3900 443 3960 si
459 3901 499 3960 in‘
509 3901 645 3982 legibus,
670 3922 746 3981 quae
763 3900 860 3961 lectae
877 3915 964 3975 sunt,
983 3903 1127 3983 scriptum
1146 3906 1231 3965 vide-

64 4010 141 4060 rem,
158 3989 219 4060 illa,
237 3980 314 4066 quae
333 3987 370 4045 de
388 3984 654 4047 calumniatoribus
672 3986 884 4060 sancitasunt,
902 3987 943 4046 ita
959 3988 1079 4048 demum
1095 4003 1163 4055 rata·
1177 3989 1230 4049 ha·

64 4073 176 4153 benda,
194 4074 220 4131 si
236 4071 423 4130 Theocrines
441 4071 558 4131 delatus
575 4091 676 4150 neque
693 4070 915 4153 Thucydidem,
932 4092 1033 4151 neque
1048 4073 1231 4135 Demosthe-

66 4179 148 4230 nem,
166 4175 266 4236 neque
283 4153 375 4215 alium
395 4156 564 4237 quempiam
583 4169 752 4217 versantem
771 4157 803 4216 in
820 4154 975 4237 republica
993 4157 1090 4218 virum
1109 4159 1229 4220 incusa-

65 4256 129 4317 ret,
148 4241 345 4322 quievissem:
363 4261 451 4319 xnunc
469 4240 695 4301 excusationum
712 4238 837 4314 illarum
862 4241 976 4310 nullam
994 4243 1043 4303 vel
1060 4243 1092 4303 in
1110 4244 1229 4328 legibus

66 4325 345 4390 momentihabere
363 4326 453 4388 video
471 4326 648 4407 quicquam,
673 4326 722 4388 vel
739 4345 807 4388 esse
823 4347 950 4404 novam,
967 4341 1165 4410 uttanquam
1180 4330 1228 4392 in.
