<?xml version="1.0" encoding="UTF-8"?>
<!DOCTYPE html PUBLIC "-//W3C//DTD XHTML 1.0 Transitional//EN"
    "http://www.w3.org/TR/xhtml1/DTD/xhtml1-transitional.dtd">
<html xmlns="http://www.w3.org/1999/xhtml" xml:lang="en" lang="en">
 <head>
  <title>
</title>
<meta http-equiv="Content-Type" content="text/html;charset=utf-8" />
  <meta name='ocr-system' content='tesseract 3.04.00' />
  <meta name='ocr-capabilities' content='ocr_page ocr_carea ocr_par ocr_line ocrx_word'/>
</head>
<body>
  <div class='ocr_page' id='page_1' title='image "./demosthenisquae04schgoog_0688.png"; bbox 0 0 2722 4754; ppageno 0'>
   <div class='ocr_carea' id='block_1_1' title="bbox 374 123 1250 255">
    <p class='ocr_par' dir='ltr' id='par_1_1' title="bbox 374 123 1269 255">
     <span class='ocr_line' id='line_1_1' title="bbox 374 123 1250 255; baseline 0.002 -27"><span class='ocrx_word' id='word_1_1' title='bbox 374 123 976 276; x_wconf 68' lang='lat' dir='ltr'>rxonnmj&#39;conc&#39;ronoh</span> <span class='ocrx_word' id='word_1_2' title='bbox 1024 186 1028 190; x_wconf 92' lang='lat'><em>·</em></span> <span class='ocrx_word' id='word_1_3' title='bbox 1190 148 1250 255; x_wconf 75' lang='grc' dir='ltr'>ιιι</span> 
     </span>
    </p>
   </div>
   <div class='ocr_carea' id='block_1_2' title="bbox 34 269 1318 1331">
    <p class='ocr_par' dir='ltr' id='par_1_2' title="bbox 34 269 1318 1331">
     <span class='ocr_line' id='line_1_2' title="bbox 78 269 1250 403; baseline 0.002 -25"><span class='ocrx_word' id='word_1_4' title='bbox 78 321 204 384; x_wconf 89' lang='lat' dir='ltr'>tuendis</span> <span class='ocrx_word' id='word_1_5' title='bbox 223 323 377 394; x_wconf 79' lang='lat' dir='ltr'>laborare,</span> <span class='ocrx_word' id='word_1_6' title='bbox 404 330 474 380; x_wconf 82' lang='lat' dir='ltr'>c&#39;um</span> <span class='ocrx_word' id='word_1_7' title='bbox 498 269 604 382; x_wconf 84' lang='lat' dir='ltr'>liceret</span> <span class='ocrx_word' id='word_1_8' title='bbox 630 320 688 380; x_wconf 91' lang='lat' dir='ltr'>boc</span> <span class='ocrx_word' id='word_1_9' title='bbox 714 306 797 381; x_wconf 70' lang='lat' dir='ltr'>&#39;statii</span> <span class='ocrx_word' id='word_1_10' title='bbox 813 318 977 401; x_wconf 84' lang='lat' dir='ltr'>etiamnum</span> <span class='ocrx_word' id='word_1_11' title='bbox 996 336 1030 380; x_wconf 86' lang='lat' dir='ltr'>ea</span> <span class='ocrx_word' id='word_1_12' title='bbox 1043 319 1200 403; x_wconf 82' lang='lat' dir='ltr'>corrigere</span> <span class='ocrx_word' id='word_1_13' title='bbox 1219 332 1250 381; x_wconf 89' lang='lat' dir='ltr'>et</span> 
     </span>
     <span class='ocr_line' id='line_1_3' title="bbox 77 402 1249 487; baseline 0 -24"><span class='ocrx_word' id='word_1_14' title='bbox 77 406 208 466; x_wconf 86' lang='lat' dir='ltr'>reddere</span> <span class='ocrx_word' id='word_1_15' title='bbox 228 405 372 469; x_wconf 76' lang='lat' dir='ltr'>meliora?</span> <span class='ocrx_word' id='word_1_16' title='bbox 400 409 482 474; x_wconf 90' lang='lat' dir='ltr'>Vos</span> <span class='ocrx_word' id='word_1_17' title='bbox 509 404 614 464; x_wconf 89' lang='lat' dir='ltr'>dum</span> <span class='ocrx_word' id='word_1_18' title='bbox 605 419 645 465; x_wconf 85' lang='grc' dir='ltr'>ιιι</span> <span class='ocrx_word' id='word_1_19' title='bbox 670 402 827 469; x_wconf 86' lang='lat' dir='ltr'>vobiscum</span> <span class='ocrx_word' id='word_1_20' title='bbox 851 405 966 487; x_wconf 81' lang='lat' dir='ltr'>agitur,</span> <span class='ocrx_word' id='word_1_21' title='bbox 994 427 1059 467; x_wconf 89' lang='lat' dir='ltr'>esse</span> <span class='ocrx_word' id='word_1_22' title='bbox 1077 405 1249 483; x_wconf 87' lang='lat' dir='ltr'>iracundos,</span> 
     </span>
     <span class='ocr_line' id='line_1_4' title="bbox 78 488 1247 570; baseline 0 -22"><span class='ocrx_word' id='word_1_23' title='bbox 78 504 319 551; x_wconf 86' lang='lat' dir='ltr'>consentaneum</span> <span class='ocrx_word' id='word_1_24' title='bbox 338 501 390 550; x_wconf 84' lang='lat' dir='ltr'>cst.</span> <span class='ocrx_word' id='word_1_25' title='bbox 426 489 517 557; x_wconf 70' lang='lat' dir='ltr'>lra&#39;sci</span> <span class='ocrx_word' id='word_1_26' title='bbox 541 502 644 549; x_wconf 86' lang='lat' dir='ltr'>autem</span> <span class='ocrx_word' id='word_1_27' title='bbox 666 510 729 560; x_wconf 87' lang='lat' dir='ltr'>non</span> <span class='ocrx_word' id='word_1_28' title='bbox 754 488 911 562; x_wconf 85' lang='lat' dir='ltr'>sontibus,</span> <span class='ocrx_word' id='word_1_29' title='bbox 936 491 990 550; x_wconf 85' lang='lat' dir='ltr'>sed</span> <span class='ocrx_word' id='word_1_30' title='bbox 1008 491 1123 570; x_wconf 83' lang='lat' dir='ltr'>absque</span> <span class='ocrx_word' id='word_1_31' title='bbox 1142 488 1247 550; x_wconf 89' lang='lat' dir='ltr'>discri-</span> 
     </span>
     <span class='ocr_line' id='line_1_5' title="bbox 79 574 1247 663; baseline 0.001 -30"><span class='ocrx_word' id='word_1_32' title='bbox 79 574 162 634; x_wconf 87' lang='lat' dir='ltr'>mine</span> <span class='ocrx_word' id='word_1_33' title='bbox 187 575 346 647; x_wconf 89' lang='lat' dir='ltr'>omnibus,</span> <span class='ocrx_word' id='word_1_34' title='bbox 372 574 404 633; x_wconf 91' lang='lat' dir='ltr'>id</span> <span class='ocrx_word' id='word_1_35' title='bbox 428 594 500 634; x_wconf 86' lang='lat' dir='ltr'>vero</span> <span class='ocrx_word' id='word_1_36' title='bbox 524 594 625 663; x_wconf 82' lang='lat' dir='ltr'>neque</span> <span class='ocrx_word' id='word_1_37' title='bbox 649 586 904 647; x_wconf 87' lang='lat' dir='ltr'>consentaneum,</span> <span class='ocrx_word' id='word_1_38' title='bbox 925 595 1030 655; x_wconf 82' lang='lat' dir='ltr'>neque</span> <span class='ocrx_word' id='word_1_39' title='bbox 1052 587 1169 635; x_wconf 87' lang='lat' dir='ltr'>rectum</span> <span class='ocrx_word' id='word_1_40' title='bbox 1194 586 1247 634; x_wconf 88' lang='lat' dir='ltr'>est.</span> 
     </span>
     <span class='ocr_line' id='line_1_6' title="bbox 78 659 1245 741; baseline 0 -23"><span class='ocrx_word' id='word_1_41' title='bbox 78 659 144 734; x_wconf 81' lang='lat' dir='ltr'>Qui</span> <span class='ocrx_word' id='word_1_42' title='bbox 161 660 241 719; x_wconf 88' lang='lat' dir='ltr'>enirn</span> <span class='ocrx_word' id='word_1_43' title='bbox 260 659 490 741; x_wconf 86' lang='lat' dir='ltr'>praeteritarum</span> <span class='ocrx_word' id='word_1_44' title='bbox 507 681 608 719; x_wconf 91' lang='lat' dir='ltr'>rerum</span> <span class='ocrx_word' id='word_1_45' title='bbox 628 682 716 720; x_wconf 86' lang='lat' dir='ltr'>causa</span> <span class='ocrx_word' id='word_1_46' title='bbox 739 680 802 718; x_wconf 91' lang='lat' dir='ltr'>non</span> <span class='ocrx_word' id='word_1_47' title='bbox 826 659 967 731; x_wconf 86' lang='lat' dir='ltr'>luerunt,</span> <span class='ocrx_word' id='word_1_48' title='bbox 1000 674 1045 733; x_wconf 83' lang='lat' dir='ltr'>et,</span> <span class='ocrx_word' id='word_1_49' title='bbox 1077 681 1137 740; x_wconf 90' lang='lat' dir='ltr'>quo</span> <span class='ocrx_word' id='word_1_50' title='bbox 1156 670 1245 738; x_wconf 88' lang='lat' dir='ltr'>pacto</span> 
     </span>
     <span class='ocr_line' id='line_1_7' title="bbox 34 741 1245 824; baseline 0.002 -25"><span class='ocrx_word' id='word_1_51' title='bbox 34 792 40 799; x_wconf 87' lang='grc'><strong><em>,</em></strong></span> <span class='ocrx_word' id='word_1_52' title='bbox 78 744 196 824; x_wconf 89' lang='lat' dir='ltr'>reliqua</span> <span class='ocrx_word' id='word_1_53' title='bbox 216 745 402 804; x_wconf 89' lang='lat' dir='ltr'>emendanda</span> <span class='ocrx_word' id='word_1_54' title='bbox 421 744 496 815; x_wconf 87' lang='lat' dir='ltr'>sint,</span> <span class='ocrx_word' id='word_1_55' title='bbox 526 746 626 804; x_wconf 76' lang='lat' dir='ltr'>dicere</span> <span class='ocrx_word' id='word_1_56' title='bbox 644 756 787 824; x_wconf 85' lang='lat' dir='ltr'>possunt</span> <span class='ocrx_word' id='word_1_57' title='bbox 824 741 919 824; x_wconf 76' lang='lat' dir='ltr'>gratia</span> <span class='ocrx_word' id='word_1_58' title='bbox 931 757 1035 808; x_wconf 67' lang='lat' dir='ltr'>,vestra</span> <span class='ocrx_word' id='word_1_59' title='bbox 1053 757 1125 805; x_wconf 89' lang='lat' dir='ltr'>sunt</span> <span class='ocrx_word' id='word_1_60' title='bbox 1142 744 1245 824; x_wconf 88' lang='lat' dir='ltr'>potrus</span> 
     </span>
     <span class='ocr_line' id='line_1_8' title="bbox 77 827 1318 911; baseline 0.004 -24"><span class='ocrx_word' id='word_1_61' title='bbox 77 850 167 907; x_wconf 85' lang='lat' dir='ltr'>quarn</span> <span class='ocrx_word' id='word_1_62' title='bbox 187 829 260 890; x_wconf 86' lang='lat' dir='ltr'>odio</span> <span class='ocrx_word' id='word_1_63' title='bbox 280 829 371 911; x_wconf 82' lang='lat' dir='ltr'>digni.</span> <span class='ocrx_word' id='word_1_64' title='bbox 400 829 529 903; x_wconf 81' lang='lat' dir='ltr'>eros</span> <span class='ocrx_word' id='word_1_65' title='bbox 505 852 530 888; x_wconf 79' lang='grc' dir='ltr'>ιι</span> <span class='ocrx_word' id='word_1_66' title='bbox 548 830 723 909; x_wconf 73' lang='lat' dir='ltr'>importune</span> <span class='ocrx_word' id='word_1_67' title='bbox 740 827 1043 910; x_wconf 79' lang='lat' dir='ltr'>reieceritis,&#39;segnes</span> <span class='ocrx_word' id='word_1_68' title='bbox 1061 830 1099 889; x_wconf 90' lang='lat' dir='ltr'>ad</span> <span class='ocrx_word' id='word_1_69' title='bbox 1117 849 1244 910; x_wconf 84' lang='lat' dir='ltr'>surgen·</span> <span class='ocrx_word' id='word_1_70' title='bbox 1268 832 1318 892; x_wconf 79' lang='lat'>42:</span> 
     </span>
     <span class='ocr_line' id='line_1_9' title="bbox 77 913 1247 996; baseline 0.003 -24"><span class='ocrx_word' id='word_1_71' title='bbox 77 913 150 984; x_wconf 82' lang='lat' dir='ltr'>dum</span> <span class='ocrx_word' id='word_1_72' title='bbox 168 913 309 973; x_wconf 87' lang='lat' dir='ltr'>reddetis.</span> <span class='ocrx_word' id='word_1_73' title='bbox 328 914 521 992; x_wconf 87' lang='lat' dir='ltr'>Quamquam</span> <span class='ocrx_word' id='word_1_74' title='bbox 537 928 639 974; x_wconf 83' lang='lat' dir='ltr'>autem</span> <span class='ocrx_word' id='word_1_75' title='bbox 656 930 719 973; x_wconf 88' lang='lat' dir='ltr'>non</span> <span class='ocrx_word' id='word_1_76' title='bbox 732 914 858 996; x_wconf 82' lang='lat' dir='ltr'>ignoro,</span> <span class='ocrx_word' id='word_1_77' title='bbox 876 933 965 992; x_wconf 79' lang='lat' dir='ltr'>sae-pe</span> <span class='ocrx_word' id='word_1_78' title='bbox 981 934 1045 973; x_wconf 93' lang='lat' dir='ltr'>non</span> <span class='ocrx_word' id='word_1_79' title='bbox 1060 914 1247 985; x_wconf 75' lang='lat' dir='ltr'>auctoribus,</span> 
     </span>
     <span class='ocr_line' id='line_1_10' title="bbox 77 996 1265 1080; baseline 0.003 -25"><span class='ocrx_word' id='word_1_80' title='bbox 77 999 131 1056; x_wconf 90' lang='lat' dir='ltr'>sed</span> <span class='ocrx_word' id='word_1_81' title='bbox 151 997 214 1070; x_wconf 87' lang='lat' dir='ltr'>his,</span> <span class='ocrx_word' id='word_1_82' title='bbox 240 996 291 1077; x_wconf 91' lang='lat' dir='ltr'>qui</span> <span class='ocrx_word' id='word_1_83' title='bbox 310 997 392 1058; x_wconf 88' lang='lat' dir='ltr'>iratis</span> <span class='ocrx_word' id='word_1_84' title='bbox 410 999 624 1072; x_wconf 80' lang='lat' dir='ltr'>adversantur,</span> <span class='ocrx_word' id='word_1_85' title='bbox 643 999 714 1058; x_wconf 89' lang='lat' dir='ltr'>mali</span> <span class='ocrx_word' id='word_1_86' title='bbox 733 997 887 1080; x_wconf 82' lang='lat' dir='ltr'>quippiam</span> <span class='ocrx_word' id='word_1_87' title='bbox 905 996 1042 1057; x_wconf 86' lang='lat' dir='ltr'>accidere</span> <span class='ocrx_word' id='word_1_88' title='bbox 1061 997 1176 1058; x_wconf 80' lang='lat' dir='ltr'>soleret</span> <span class='ocrx_word' id='word_1_89' title='bbox 1201 1011 1265 1072; x_wconf 54' lang='grc' dir='ltr'>ιιι,</span> 
     </span>
     <span class='ocr_line' id='line_1_11' title="bbox 76 1080 1265 1156; baseline 0.002 -16"><span class='ocrx_word' id='word_1_90' title='bbox 76 1103 148 1141; x_wconf 85' lang='lat' dir='ltr'>men</span> <span class='ocrx_word' id='word_1_91' title='bbox 166 1083 203 1141; x_wconf 92' lang='lat' dir='ltr'>ad</span> <span class='ocrx_word' id='word_1_92' title='bbox 222 1083 353 1142; x_wconf 87' lang='lat' dir='ltr'>dandum</span> <span class='ocrx_word' id='word_1_93' title='bbox 373 1082 533 1156; x_wconf 88' lang='lat' dir='ltr'>consilium</span> <span class='ocrx_word' id='word_1_94' title='bbox 553 1083 676 1145; x_wconf 81' lang='lat' dir='ltr'>surrexi.</span> <span class='ocrx_word' id='word_1_95' title='bbox 705 1080 836 1156; x_wconf 84' lang='lat' dir='ltr'>Confido</span> <span class='ocrx_word' id='word_1_96' title='bbox 855 1080 946 1155; x_wconf 86' lang='lat' dir='ltr'>enim,</span> <span class='ocrx_word' id='word_1_97' title='bbox 963 1081 1179 1155; x_wconf 82' lang='lat' dir='ltr'>Athenienses,</span> <span class='ocrx_word' id='word_1_98' title='bbox 1197 1102 1265 1151; x_wconf 50' lang='lat' dir='ltr'>rue¹</span> 
     </span>
     <span class='ocr_line' id='line_1_12' title="bbox 77 1166 1248 1252; baseline 0.003 -28"><span class='ocrx_word' id='word_1_99' title='bbox 77 1167 191 1226; x_wconf 90' lang='lat' dir='ltr'>nullius</span> <span class='ocrx_word' id='word_1_100' title='bbox 215 1166 286 1226; x_wconf 89' lang='lat' dir='ltr'>mali</span> <span class='ocrx_word' id='word_1_101' title='bbox 311 1189 429 1228; x_wconf 90' lang='lat' dir='ltr'>causam</span> <span class='ocrx_word' id='word_1_102' title='bbox 454 1185 608 1252; x_wconf 86' lang='lat' dir='ltr'>repertum</span> <span class='ocrx_word' id='word_1_103' title='bbox 632 1169 686 1240; x_wconf 84' lang='lat' dir='ltr'>iri,</span> <span class='ocrx_word' id='word_1_104' title='bbox 712 1182 744 1230; x_wconf 88' lang='lat' dir='ltr'>et</span> <span class='ocrx_word' id='word_1_105' title='bbox 767 1168 899 1236; x_wconf 20' lang='lat' dir='ltr'>meliora,</span> <span class='ocrx_word' id='word_1_106' title='bbox 915 1166 1019 1239; x_wconf 84' lang='lat' dir='ltr'>vobis,</span> <span class='ocrx_word' id='word_1_107' title='bbox 1045 1189 1135 1248; x_wconf 87' lang='lat' dir='ltr'>quam</span> <span class='ocrx_word' id='word_1_108' title='bbox 1160 1166 1248 1240; x_wconf 60' lang='lat' dir='ltr'>alioss</span> 
     </span>
     <span class='ocr_line' id='line_1_13' title="bbox 76 1252 319 1331; baseline 0.008 -21"><span class='ocrx_word' id='word_1_109' title='bbox 76 1252 205 1312; x_wconf 86' lang='lat' dir='ltr'>suadere</span> <span class='ocrx_word' id='word_1_110' title='bbox 222 1272 319 1331; x_wconf 89' lang='lat' dir='ltr'>posse.</span> 
     </span>
    </p>
   </div>
   <div class='ocr_carea' id='block_1_3' title="bbox 21 1557 1304 3015">
    <p class='ocr_par' dir='ltr' id='par_1_3' title="bbox 73 1557 1245 1751">
     <span class='ocr_line' id='line_1_14' title="bbox 73 1557 1245 1674; baseline 0.001 -31"><span class='ocrx_word' id='word_1_111' title='bbox 73 1557 146 1658; x_wconf 77' lang='lat' dir='ltr'>Ea,</span> <span class='ocrx_word' id='word_1_112' title='bbox 165 1608 242 1674; x_wconf 82' lang='lat' dir='ltr'>quae</span> <span class='ocrx_word' id='word_1_113' title='bbox 260 1586 452 1658; x_wconf 87' lang='lat' dir='ltr'>aeciderunt,</span> <span class='ocrx_word' id='word_1_114' title='bbox 470 1585 692 1658; x_wconf 78' lang='lat' dir='ltr'>Athenienses,</span> <span class='ocrx_word' id='word_1_115' title='bbox 716 1565 785 1645; x_wconf 83' lang='lat' dir='ltr'>talia</span> <span class='ocrx_word' id='word_1_116' title='bbox 804 1598 892 1659; x_wconf 89' lang='lat' dir='ltr'>sunt,</span> <span class='ocrx_word' id='word_1_117' title='bbox 915 1587 1015 1666; x_wconf 87' lang='lat' dir='ltr'>qualia</span> <span class='ocrx_word' id='word_1_118' title='bbox 1032 1605 1139 1646; x_wconf 88' lang='lat' dir='ltr'>omnes</span> <span class='ocrx_word' id='word_1_119' title='bbox 1157 1584 1245 1644; x_wconf 89' lang='lat' dir='ltr'>audi-</span> 
     </span>
     <span class='ocr_line' id='line_1_15' title="bbox 74 1665 1242 1751; baseline -0.003 -21"><span class='ocrx_word' id='word_1_120' title='bbox 74 1671 168 1738; x_wconf 85' lang='lat' dir='ltr'>vistis.</span> <span class='ocrx_word' id='word_1_121' title='bbox 203 1665 310 1749; x_wconf 82' lang='lat' dir='ltr'>Neque</span> <span class='ocrx_word' id='word_1_122' title='bbox 328 1676 401 1729; x_wconf 75' lang='lat' dir='ltr'>tero</span> <span class='ocrx_word' id='word_1_123' title='bbox 420 1691 485 1730; x_wconf 89' lang='lat' dir='ltr'>vos</span> <span class='ocrx_word' id='word_1_124' title='bbox 498 1670 700 1730; x_wconf 76' lang='lat' dir='ltr'>consternatis</span> <span class='ocrx_word' id='word_1_125' title='bbox 723 1669 830 1729; x_wconf 89' lang='lat' dir='ltr'>animis</span> <span class='ocrx_word' id='word_1_126' title='bbox 855 1691 920 1730; x_wconf 88' lang='lat' dir='ltr'>csse</span> <span class='ocrx_word' id='word_1_127' title='bbox 939 1672 1041 1743; x_wconf 86' lang='lat' dir='ltr'>dccet,</span> <span class='ocrx_word' id='word_1_128' title='bbox 1066 1669 1242 1751; x_wconf 80' lang='lat' dir='ltr'>praesertim</span> 
     </span>
    </p>

    <p class='ocr_par' dir='ltr' id='par_1_4' title="bbox 21 1753 1243 2007">
     <span class='ocr_line' id='line_1_16' title="bbox 21 1753 1243 1854; baseline -0.003 -39"><span class='ocrx_word' id='word_1_129' title='bbox 21 1755 33 1819; x_wconf 76' lang='grc'>’,</span> <span class='ocrx_word' id='word_1_130' title='bbox 75 1777 144 1815; x_wconf 91' lang='lat' dir='ltr'>cum</span> <span class='ocrx_word' id='word_1_131' title='bbox 164 1755 282 1828; x_wconf 81' lang='lat' dir='ltr'>sciatis,</span> <span class='ocrx_word' id='word_1_132' title='bbox 299 1755 542 1835; x_wconf 86' lang='lat' dir='ltr'>desperationem</span> <span class='ocrx_word' id='word_1_133' title='bbox 555 1775 661 1854; x_wconf 85' lang='lat' dir='ltr'>neque</span> <span class='ocrx_word' id='word_1_134' title='bbox 678 1754 798 1814; x_wconf 88' lang='lat' dir='ltr'>rebus</span> <span class='ocrx_word' id='word_1_135' title='bbox 789 1754 861 1835; x_wconf 77' lang='lat' dir='ltr'>ipsis</span> <span class='ocrx_word' id='word_1_136' title='bbox 881 1756 1101 1832; x_wconf 86' lang='lat' dir='ltr'>commodare,</span> <span class='ocrx_word' id='word_1_137' title='bbox 1109 1766 1140 1815; x_wconf 89' lang='lat' dir='ltr'>et</span> <span class='ocrx_word' id='word_1_138' title='bbox 1156 1753 1243 1813; x_wconf 90' lang='lat' dir='ltr'>vobis</span> 
     </span>
     <span class='ocr_line' id='line_1_17' title="bbox 75 1824 1243 1921; baseline -0.003 -22"><span class='ocrx_word' id='word_1_139' title='bbox 75 1859 141 1899; x_wconf 89' lang='lat' dir='ltr'>esse</span> <span class='ocrx_word' id='word_1_140' title='bbox 165 1838 328 1921; x_wconf 83' lang='lat' dir='ltr'>indignam.</span> <span class='ocrx_word' id='word_1_141' title='bbox 363 1838 423 1898; x_wconf 91' lang='lat' dir='ltr'>Sed</span> <span class='ocrx_word' id='word_1_142' title='bbox 443 1840 529 1900; x_wconf 89' lang='lat' dir='ltr'>vobis</span> <span class='ocrx_word' id='word_1_143' title='bbox 553 1824 626 1919; x_wconf 83' lang='lat' dir='ltr'>ipsis</span> <span class='ocrx_word' id='word_1_144' title='bbox 652 1860 688 1901; x_wconf 88' lang='lat' dir='ltr'>ea</span> <span class='ocrx_word' id='word_1_145' title='bbox 704 1840 883 1921; x_wconf 86' lang='lat' dir='ltr'>corrigenda</span> <span class='ocrx_word' id='word_1_146' title='bbox 901 1853 1023 1920; x_wconf 89' lang='lat' dir='ltr'>putare,</span> <span class='ocrx_word' id='word_1_147' title='bbox 1049 1841 1079 1899; x_wconf 93' lang='lat' dir='ltr'>id</span> <span class='ocrx_word' id='word_1_148' title='bbox 1099 1851 1130 1899; x_wconf 92' lang='lat' dir='ltr'>et</span> <span class='ocrx_word' id='word_1_149' title='bbox 1148 1838 1243 1897; x_wconf 80' lang='lat' dir='ltr'>officii</span> 
     </span>
     <span class='ocr_line' id='line_1_18' title="bbox 73 1922 1242 2022; baseline -0.003 -39"><span class='ocrx_word' id='word_1_150' title='bbox 73 1944 140 1983; x_wconf 88' lang='lat' dir='ltr'>esse</span> <span class='ocrx_word' id='word_1_151' title='bbox 154 1925 256 2022; x_wconf 77' lang='lat' dir='ltr'>vestri,</span> <span class='ocrx_word' id='word_1_152' title='bbox 276 1936 307 1983; x_wconf 90' lang='lat' dir='ltr'>et</span> <span class='ocrx_word' id='word_1_153' title='bbox 325 1936 423 1983; x_wconf 86' lang='lat' dir='ltr'>vestra</span> <span class='ocrx_word' id='word_1_154' title='bbox 442 1926 581 2007; x_wconf 79' lang='lat' dir='ltr'>dignum</span> <span class='ocrx_word' id='word_1_155' title='bbox 587 1925 766 1984; x_wconf 87' lang='lat' dir='ltr'>auctoritate</span> <span class='ocrx_word' id='word_1_156' title='bbox 785 1925 945 1985; x_wconf 89' lang='lat' dir='ltr'>videbitur.</span> <span class='ocrx_word' id='word_1_157' title='bbox 965 1922 1242 2022; x_wconf 79' lang='lat' dir='ltr'>Convenitautem,</span> 
     </span>
    </p>

    <p class='ocr_par' dir='ltr' id='par_1_5' title="bbox 23 2006 1304 3015">
     <span class='ocr_line' id='line_1_19' title="bbox 73 2006 1304 2088; baseline -0.006 -17"><span class='ocrx_word' id='word_1_158' title='bbox 73 2021 110 2071; x_wconf 85' lang='lat' dir='ltr'>ut</span> <span class='ocrx_word' id='word_1_159' title='bbox 128 2007 176 2081; x_wconf 79' lang='lat' dir='ltr'>hi,¹</span> <span class='ocrx_word' id='word_1_160' title='bbox 200 2031 253 2086; x_wconf 89' lang='lat' dir='ltr'>qur</span> <span class='ocrx_word' id='word_1_161' title='bbox 245 2008 345 2068; x_wconf 86' lang='lat' dir='ltr'>tales</span> <span class='ocrx_word' id='word_1_162' title='bbox 365 2020 451 2082; x_wconf 88' lang='lat' dir='ltr'>sunt,</span> <span class='ocrx_word' id='word_1_163' title='bbox 470 2009 574 2088; x_wconf 88' lang='lat' dir='ltr'>quales</span> <span class='ocrx_word' id='word_1_164' title='bbox 594 2031 646 2069; x_wconf 89' lang='lat' dir='ltr'>vos</span> <span class='ocrx_word' id='word_1_165' title='bbox 665 2008 820 2088; x_wconf 86' lang='lat' dir='ltr'>perhiberi</span> <span class='ocrx_word' id='word_1_166' title='bbox 838 2009 977 2081; x_wconf 87' lang='lat' dir='ltr'>vultis,</span> <span class='ocrx_word' id='word_1_167' title='bbox 968 2032 1000 2070; x_wconf 86' lang='grc' dir='ltr'>ιιι</span> <span class='ocrx_word' id='word_1_168' title='bbox 1018 2009 1109 2070; x_wconf 91' lang='lat' dir='ltr'>rebus</span> <span class='ocrx_word' id='word_1_169' title='bbox 1128 2006 1240 2087; x_wconf 89' lang='lat' dir='ltr'>asperis</span> <span class='ocrx_word' id='word_1_170' title='bbox 1300 2016 1304 2020; x_wconf 89' lang='lat'>&#39;</span> 
     </span>
     <span class='ocr_line' id='line_1_20' title="bbox 32 2090 1242 2174; baseline -0.002 -22"><span class='ocrx_word' id='word_1_171' title='bbox 32 2095 37 2102; x_wconf 78' lang='grc'><em>’</em></span> <span class='ocrx_word' id='word_1_172' title='bbox 73 2105 165 2171; x_wconf 88' lang='lat' dir='ltr'>atque</span> <span class='ocrx_word' id='word_1_173' title='bbox 183 2092 325 2173; x_wconf 87' lang='lat' dir='ltr'>periculis</span> <span class='ocrx_word' id='word_1_174' title='bbox 344 2092 409 2151; x_wconf 90' lang='lat' dir='ltr'>aliis</span> <span class='ocrx_word' id='word_1_175' title='bbox 427 2105 588 2173; x_wconf 75' lang='lat' dir='ltr'>praestent</span> <span class='ocrx_word' id='word_1_176' title='bbox 612 2093 678 2174; x_wconf 82' lang='lat' dir='ltr'>Ego</span> <span class='ocrx_word' id='word_1_177' title='bbox 697 2114 770 2157; x_wconf 83' lang='lat' dir='ltr'>vero</span> <span class='ocrx_word' id='word_1_178' title='bbox 789 2094 915 2153; x_wconf 84' lang='lat' dir='ltr'>maxime</span> <span class='ocrx_word' id='word_1_179' title='bbox 933 2094 1058 2167; x_wconf 85' lang='lat' dir='ltr'>vellem,</span> <span class='ocrx_word' id='word_1_180' title='bbox 1076 2093 1150 2154; x_wconf 89' lang='lat' dir='ltr'>haec</span> <span class='ocrx_word' id='word_1_181' title='bbox 1168 2090 1242 2150; x_wconf 84' lang='lat' dir='ltr'>civi·-</span> 
     </span>
     <span class='ocr_line' id='line_1_21' title="bbox 71 2177 1276 2260; baseline -0.003 -23"><span class='ocrx_word' id='word_1_182' title='bbox 71 2177 129 2238; x_wconf 81' lang='lat' dir='ltr'>tati</span> <span class='ocrx_word' id='word_1_183' title='bbox 147 2190 268 2237; x_wconf 86' lang='lat' dir='ltr'>nostrae</span> <span class='ocrx_word' id='word_1_184' title='bbox 287 2197 350 2236; x_wconf 92' lang='lat' dir='ltr'>non</span> <span class='ocrx_word' id='word_1_185' title='bbox 368 2177 530 2252; x_wconf 86' lang='lat' dir='ltr'>accidisse,</span> <span class='ocrx_word' id='word_1_186' title='bbox 566 2198 666 2256; x_wconf 85' lang='lat' dir='ltr'>neque</span> <span class='ocrx_word' id='word_1_187' title='bbox 684 2178 823 2238; x_wconf 77' lang='lat' dir='ltr'>vos&#39;ulla</span> <span class='ocrx_word' id='word_1_188' title='bbox 842 2178 925 2237; x_wconf 90' lang='lat' dir='ltr'>clade</span> <span class='ocrx_word' id='word_1_189' title='bbox 944 2178 1037 2237; x_wconf 84' lang='lat' dir='ltr'>affici:</span> <span class='ocrx_word' id='word_1_190' title='bbox 1073 2178 1239 2237; x_wconf 88' lang='lat' dir='ltr'>sinautem</span> <span class='ocrx_word' id='word_1_191' title='bbox 1270 2254 1276 2260; x_wconf 7' lang='lat' dir='ltr'>q</span> 
     </span>
     <span class='ocr_line' id='line_1_22' title="bbox 72 2259 1240 2341; baseline -0.003 -21"><span class='ocrx_word' id='word_1_192' title='bbox 72 2263 115 2325; x_wconf 82' lang='lat' dir='ltr'>ita</span> <span class='ocrx_word' id='word_1_193' title='bbox 140 2261 206 2321; x_wconf 85' lang='lat' dir='ltr'>fieri</span> <span class='ocrx_word' id='word_1_194' title='bbox 231 2261 368 2341; x_wconf 87' lang='lat' dir='ltr'>oportuit</span> <span class='ocrx_word' id='word_1_195' title='bbox 392 2275 422 2322; x_wconf 88' lang='lat' dir='ltr'>ct</span> <span class='ocrx_word' id='word_1_196' title='bbox 440 2262 513 2322; x_wconf 88' lang='lat' dir='ltr'>hacc</span> <span class='ocrx_word' id='word_1_197' title='bbox 531 2262 597 2320; x_wconf 85' lang='lat' dir='ltr'>fato</span> <span class='ocrx_word' id='word_1_198' title='bbox 613 2262 745 2340; x_wconf 87' lang='lat' dir='ltr'>quodam</span> <span class='ocrx_word' id='word_1_199' title='bbox 763 2262 913 2335; x_wconf 81' lang='lat' dir='ltr'>destinata</span> <span class='ocrx_word' id='word_1_200' title='bbox 929 2261 1072 2333; x_wconf 84' lang='lat' dir='ltr'>suerunt,</span> <span class='ocrx_word' id='word_1_201' title='bbox 1099 2259 1240 2341; x_wconf 84' lang='lat' dir='ltr'>expedire</span> 
     </span>
     <span class='ocr_line' id='line_1_23' title="bbox 74 2344 1240 2427; baseline -0.003 -22"><span class='ocrx_word' id='word_1_202' title='bbox 74 2346 247 2427; x_wconf 76' lang='lat' dir='ltr'>opinor,&#39;ut</span> <span class='ocrx_word' id='word_1_203' title='bbox 264 2346 320 2406; x_wconf 87' lang='lat' dir='ltr'>ista</span> <span class='ocrx_word' id='word_1_204' title='bbox 339 2345 397 2405; x_wconf 90' lang='lat' dir='ltr'>boc</span> <span class='ocrx_word' id='word_1_205' title='bbox 416 2349 519 2421; x_wconf 87' lang='lat' dir='ltr'>modo,</span> <span class='ocrx_word' id='word_1_206' title='bbox 537 2367 600 2424; x_wconf 86' lang='lat' dir='ltr'>quo</span> <span class='ocrx_word' id='word_1_207' title='bbox 619 2346 804 2420; x_wconf 88' lang='lat' dir='ltr'>acciderunt,</span> <span class='ocrx_word' id='word_1_208' title='bbox 822 2347 987 2416; x_wconf 71' lang='lat' dir='ltr'>evenirent</span> <span class='ocrx_word' id='word_1_209' title='bbox 1005 2346 1140 2409; x_wconf 84' lang='lat' dir='ltr'>Fortuna</span> <span class='ocrx_word' id='word_1_210' title='bbox 1159 2344 1240 2403; x_wconf 89' lang='lat' dir='ltr'>enim</span> 
     </span>
     <span class='ocr_line' id='line_1_24' title="bbox 73 2427 1240 2505; baseline -0.003 -16"><span class='ocrx_word' id='word_1_211' title='bbox 73 2430 187 2490; x_wconf 87' lang='lat' dir='ltr'>celeres</span> <span class='ocrx_word' id='word_1_212' title='bbox 206 2429 300 2491; x_wconf 86' lang='lat' dir='ltr'>babet</span> <span class='ocrx_word' id='word_1_213' title='bbox 316 2430 522 2505; x_wconf 85' lang='lat' dir='ltr'>mutationes,</span> <span class='ocrx_word' id='word_1_214' title='bbox 538 2443 568 2490; x_wconf 89' lang='lat' dir='ltr'>ct</span> <span class='ocrx_word' id='word_1_215' title='bbox 586 2431 678 2492; x_wconf 91' lang='lat' dir='ltr'>modo</span> <span class='ocrx_word' id='word_1_216' title='bbox 697 2429 773 2503; x_wconf 89' lang='lat' dir='ltr'>bos,</span> <span class='ocrx_word' id='word_1_217' title='bbox 790 2431 884 2490; x_wconf 89' lang='lat' dir='ltr'>modo</span> <span class='ocrx_word' id='word_1_218' title='bbox 902 2431 973 2491; x_wconf 82' lang='lat' dir='ltr'>illo&#39;s</span> <span class='ocrx_word' id='word_1_219' title='bbox 991 2431 1076 2490; x_wconf 80' lang='lat' dir='ltr'>fovet</span> <span class='ocrx_word' id='word_1_220' title='bbox 1092 2442 1145 2489; x_wconf 86' lang='lat' dir='ltr'>aut</span> <span class='ocrx_word' id='word_1_221' title='bbox 1161 2427 1240 2487; x_wconf 81' lang='lat' dir='ltr'>aflli-</span> 
     </span>
     <span class='ocr_line' id='line_1_25' title="bbox 73 2509 1303 2596; baseline -0.002 -23"><span class='ocrx_word' id='word_1_222' title='bbox 73 2515 134 2596; x_wconf 80' lang='lat' dir='ltr'>git:</span> <span class='ocrx_word' id='word_1_223' title='bbox 165 2535 331 2593; x_wconf 79' lang='lat' dir='ltr'>quaerero</span> <span class='ocrx_word' id='word_1_224' title='bbox 349 2513 467 2595; x_wconf 80' lang='lat' dir='ltr'>ignavia</span> <span class='ocrx_word' id='word_1_225' title='bbox 484 2515 617 2575; x_wconf 86' lang='lat' dir='ltr'>virorum</span> <span class='ocrx_word' id='word_1_226' title='bbox 637 2516 731 2588; x_wconf 81' lang='lat' dir='ltr'>frunt,</span> <span class='ocrx_word' id='word_1_227' title='bbox 757 2535 792 2574; x_wconf 88' lang='lat' dir='ltr'>ea</span> <span class='ocrx_word' id='word_1_228' title='bbox 809 2517 931 2575; x_wconf 89' lang='lat' dir='ltr'>demum</span> <span class='ocrx_word' id='word_1_229' title='bbox 949 2525 1122 2575; x_wconf 86' lang='lat' dir='ltr'>constantes</span> <span class='ocrx_word' id='word_1_230' title='bbox 1141 2509 1241 2582; x_wconf 78' lang='lat' dir='ltr'>clades</span> <span class='ocrx_word' id='word_1_231' title='bbox 1299 2576 1303 2584; x_wconf 51' lang='grc'><em>,</em></span> 
     </span>
     <span class='ocr_line' id='line_1_26' title="bbox 29 2597 1243 2681; baseline -0.002 -23"><span class='ocrx_word' id='word_1_232' title='bbox 29 2610 31 2621; x_wconf 82' lang='grc'><em>’</em></span> <span class='ocrx_word' id='word_1_233' title='bbox 73 2599 204 2679; x_wconf 84' lang='lat' dir='ltr'>pariunt.</span> <span class='ocrx_word' id='word_1_234' title='bbox 221 2598 267 2657; x_wconf 80' lang='lat' dir='ltr'>Ac</span> <span class='ocrx_word' id='word_1_235' title='bbox 284 2599 472 2659; x_wconf 74' lang='lat' dir='ltr'>ne&#39;nictores</span> <span class='ocrx_word' id='word_1_236' title='bbox 490 2599 615 2679; x_wconf 64' lang='lat' dir='ltr'>quidem,</span> <span class='ocrx_word' id='word_1_237' title='bbox 631 2601 772 2681; x_wconf 78' lang='lat' dir='ltr'>ignorare</span> <span class='ocrx_word' id='word_1_238' title='bbox 786 2599 906 2678; x_wconf 79' lang='lat' dir='ltr'>opinor,</span> <span class='ocrx_word' id='word_1_239' title='bbox 925 2598 950 2657; x_wconf 88' lang='lat' dir='ltr'>si</span> <span class='ocrx_word' id='word_1_240' title='bbox 963 2597 1132 2658; x_wconf 73' lang='lat' dir='ltr'>vos&#39;velitis</span> <span class='ocrx_word' id='word_1_241' title='bbox 1148 2609 1243 2675; x_wconf 89' lang='lat' dir='ltr'>atque</span> 
     </span>
     <span class='ocr_line' id='line_1_27' title="bbox 72 2682 1239 2764; baseline -0.003 -23"><span class='ocrx_word' id='word_1_242' title='bbox 72 2683 132 2742; x_wconf 92' lang='lat' dir='ltr'>boc</span> <span class='ocrx_word' id='word_1_243' title='bbox 151 2705 219 2745; x_wconf 91' lang='lat' dir='ltr'>casn</span> <span class='ocrx_word' id='word_1_244' title='bbox 240 2682 428 2755; x_wconf 80' lang='lat' dir='ltr'>excitemini,</span> <span class='ocrx_word' id='word_1_245' title='bbox 446 2685 583 2745; x_wconf 86' lang='lat' dir='ltr'>nondum</span> <span class='ocrx_word' id='word_1_246' title='bbox 602 2684 673 2743; x_wconf 88' lang='lat' dir='ltr'>satis</span> <span class='ocrx_word' id='word_1_247' title='bbox 693 2703 757 2743; x_wconf 87' lang='lat' dir='ltr'>esse</span> <span class='ocrx_word' id='word_1_248' title='bbox 777 2685 975 2764; x_wconf 81' lang='lat' dir='ltr'>exploratum,</span> <span class='ocrx_word' id='word_1_249' title='bbox 991 2695 1093 2744; x_wconf 89' lang='lat' dir='ltr'>utrum</span> <span class='ocrx_word' id='word_1_250' title='bbox 1109 2693 1239 2758; x_wconf 69' lang='lat' dir='ltr'>⁴euentus</span> 
     </span>
     <span class='ocr_line' id='line_1_28' title="bbox 74 2766 1237 2845; baseline -0.003 -18"><span class='ocrx_word' id='word_1_251' title='bbox 74 2769 125 2828; x_wconf 92' lang='lat' dir='ltr'>ille</span> <span class='ocrx_word' id='word_1_252' title='bbox 144 2767 283 2827; x_wconf 86' lang='lat' dir='ltr'>felicitati</span> <span class='ocrx_word' id='word_1_253' title='bbox 301 2767 410 2839; x_wconf 80' lang='lat' dir='ltr'>sit,=an</span> <span class='ocrx_word' id='word_1_254' title='bbox 429 2782 534 2829; x_wconf 84' lang='lat' dir='ltr'>contra</span> <span class='ocrx_word' id='word_1_255' title='bbox 553 2769 714 2830; x_wconf 84' lang='lat' dir='ltr'>calamitati</span> <span class='ocrx_word' id='word_1_256' title='bbox 731 2768 955 2828; x_wconf 88' lang='lat' dir='ltr'>adscribendus.</span> <span class='ocrx_word' id='word_1_257' title='bbox 979 2766 1033 2825; x_wconf 85' lang='lat' dir='ltr'>Sin</span> <span class='ocrx_word' id='word_1_258' title='bbox 1051 2766 1172 2845; x_wconf 80' lang='lat' dir='ltr'>fortuna</span> <span class='ocrx_word' id='word_1_259' title='bbox 1190 2785 1237 2825; x_wconf 87' lang='lat' dir='ltr'>se-</span> 
     </span>
     <span class='ocr_line' id='line_1_29' title="bbox 56 2848 1284 2931; baseline -0.005 -19"><span class='ocrx_word' id='word_1_260' title='bbox 56 2853 204 2912; x_wconf 69' lang='lat' dir='ltr'>&#39;cundior</span> <span class='ocrx_word' id='word_1_261' title='bbox 221 2851 337 2911; x_wconf 83' lang='lat' dir='ltr'>inllavit</span> <span class='ocrx_word' id='word_1_262' title='bbox 356 2872 462 2910; x_wconf 89' lang='lat' dir='ltr'>eorum</span> <span class='ocrx_word' id='word_1_263' title='bbox 480 2852 612 2924; x_wconf 89' lang='lat' dir='ltr'>animos,</span> <span class='ocrx_word' id='word_1_264' title='bbox 630 2865 665 2911; x_wconf 90' lang='grc' dir='ltr'>ιιι</span> <span class='ocrx_word' id='word_1_265' title='bbox 684 2848 884 2924; x_wconf 82' lang='lat' dir='ltr'>insolescant,</span> <span class='ocrx_word' id='word_1_266' title='bbox 902 2851 932 2911; x_wconf 91' lang='lat' dir='ltr'>id</span> <span class='ocrx_word' id='word_1_267' title='bbox 951 2870 1074 2930; x_wconf 91' lang='lat' dir='ltr'>quoque</span> <span class='ocrx_word' id='word_1_268' title='bbox 1093 2849 1151 2909; x_wconf 91' lang='lat' dir='ltr'>iam</span> <span class='ocrx_word' id='word_1_269' title='bbox 1171 2868 1187 2906; x_wconf 92' lang='lat' dir='ltr'>e</span> <span class='ocrx_word' id='word_1_270' title='bbox 1205 2868 1237 2907; x_wconf 89' lang='lat' dir='ltr'>re</span> <span class='ocrx_word' id='word_1_271' title='bbox 1282 2926 1284 2931; x_wconf 28' lang='grc' dir='ltr'>Ι</span> 
     </span>
     <span class='ocr_line' id='line_1_30' title="bbox 23 2934 1208 3015; baseline -0.004 -19"><span class='ocrx_word' id='word_1_272' title='bbox 23 2948 28 2955; x_wconf 76' lang='lat'><strong><em>‘</em></strong></span> <span class='ocrx_word' id='word_1_273' title='bbox 72 2950 171 2996; x_wconf 89' lang='lat' dir='ltr'>vestra</span> <span class='ocrx_word' id='word_1_274' title='bbox 189 2935 295 2996; x_wconf 85' lang='lat' dir='ltr'>fuerit:</span> <span class='ocrx_word' id='word_1_275' title='bbox 315 2956 382 2994; x_wconf 88' lang='lat' dir='ltr'>nam</span> <span class='ocrx_word' id='word_1_276' title='bbox 402 2957 463 3015; x_wconf 90' lang='lat' dir='ltr'>quo</span> <span class='ocrx_word' id='word_1_277' title='bbox 482 2937 651 2996; x_wconf 87' lang='lat' dir='ltr'>securiores</span> <span class='ocrx_word' id='word_1_278' title='bbox 670 2949 779 3007; x_wconf 87' lang='lat' dir='ltr'>erunt,</span> <span class='ocrx_word' id='word_1_279' title='bbox 798 2957 835 2995; x_wconf 93' lang='lat' dir='ltr'>eo</span> <span class='ocrx_word' id='word_1_280' title='bbox 854 2935 971 3008; x_wconf 77' lang='lat' dir='ltr'>facilius</span> <span class='ocrx_word' id='word_1_281' title='bbox 991 2934 1208 3015; x_wconf 87' lang='lat' dir='ltr'>opprimentur.</span> 
     </span>
    </p>
   </div>
   <div class='ocr_carea' id='block_1_4' title="bbox 480 3116 832 3130">
    <p class='ocr_par' dir='ltr' id='par_1_6' title="bbox 480 3116 832 3130">
     <span class='ocr_line' id='line_1_31' title="bbox 480 3116 832 3130; baseline -0.006 0"><span class='ocrx_word' id='word_1_282' title='bbox 480 3116 832 3130; x_wconf 61' lang='lat' dir='ltr'><em>W</em></span> 
     </span>
    </p>
   </div>
   <div class='ocr_carea' id='block_1_5' title="bbox 72 3218 1281 3372">
    <p class='ocr_par' dir='ltr' id='par_1_7' title="bbox 72 3218 1281 3346">
     <span class='ocr_line' id='line_1_32' title="bbox 244 3218 783 3243; baseline 0 0"><span class='ocrx_word' id='word_1_283' title='bbox 244 3218 251 3243; x_wconf 83' lang='lat' dir='ltr'><em>I</em></span> <span class='ocrx_word' id='word_1_284' title='bbox 778 3224 783 3243; x_wconf 86' lang='lat' dir='ltr'>t</span> 
     </span>
     <span class='ocr_line' id='line_1_33' title="bbox 72 3244 1281 3372; baseline -0.005 -43"><span class='ocrx_word' id='word_1_285' title='bbox 72 3244 171 3372; x_wconf 35' lang='grc' dir='ltr'>νοεῖ</span> <span class='ocrx_word' id='word_1_286' title='bbox 187 3289 255 3328; x_wconf 90' lang='lat' dir='ltr'>mea</span> <span class='ocrx_word' id='word_1_287' title='bbox 272 3261 438 3338; x_wconf 82' lang='lat' dir='ltr'>sententia,</span> <span class='ocrx_word' id='word_1_288' title='bbox 457 3264 676 3337; x_wconf 82' lang='lat' dir='ltr'>Athenienses,</span> <span class='ocrx_word' id='word_1_289' title='bbox 694 3283 758 3326; x_wconf 86' lang='lat' dir='ltr'>non</span> <span class='ocrx_word' id='word_1_290' title='bbox 777 3267 815 3325; x_wconf 89' lang='lat' dir='ltr'>de</span> <span class='ocrx_word' id='word_1_291' title='bbox 834 3279 1018 3339; x_wconf 76' lang='lat' dir='ltr'>natantum,</span> <span class='ocrx_word' id='word_1_292' title='bbox 1042 3288 1130 3346; x_wconf 86' lang='lat' dir='ltr'>quam</span> <span class='ocrx_word' id='word_1_293' title='bbox 1149 3278 1237 3346; x_wconf 85' lang='lat' dir='ltr'>puta-</span> <span class='ocrx_word' id='word_1_294' title='bbox 1273 3292 1281 3313; x_wconf 54' lang='grc' dir='ltr'>ι</span> 
     </span>
    </p>
   </div>
   <div class='ocr_carea' id='block_1_6' title="bbox 54 3349 1318 4362">
    <p class='ocr_par' dir='ltr' id='par_1_8' title="bbox 54 3349 1318 4362">
     <span class='ocr_line' id='line_1_34' title="bbox 54 3349 1242 3427; baseline -0.008 -10"><span class='ocrx_word' id='word_1_295' title='bbox 54 3423 56 3426; x_wconf 8' lang='lat' dir='ltr'>y</span> <span class='ocrx_word' id='word_1_296' title='bbox 72 3357 126 3427; x_wconf 83' lang='lat' dir='ltr'>trs,</span> <span class='ocrx_word' id='word_1_297' title='bbox 144 3353 282 3425; x_wconf 87' lang='lat' dir='ltr'>civitate,</span> <span class='ocrx_word' id='word_1_298' title='bbox 299 3352 356 3414; x_wconf 89' lang='lat' dir='ltr'>sed</span> <span class='ocrx_word' id='word_1_299' title='bbox 371 3349 588 3412; x_wconf 85' lang='lat' dir='ltr'>defoederatis</span> <span class='ocrx_word' id='word_1_300' title='bbox 607 3350 778 3410; x_wconf 84' lang='lat' dir='ltr'>civitatibus</span> <span class='ocrx_word' id='word_1_301' title='bbox 797 3350 938 3412; x_wconf 89' lang='lat' dir='ltr'>omnibus</span> <span class='ocrx_word' id='word_1_302' title='bbox 957 3350 1138 3411; x_wconf 86' lang='lat' dir='ltr'>deliberatis.</span> <span class='ocrx_word' id='word_1_303' title='bbox 1160 3350 1242 3408; x_wconf 83' lang='lat' dir='ltr'>Nam</span> 
     </span>
     <span class='ocr_line' id='line_1_35' title="bbox 71 3432 1237 3525; baseline -0.008 -26"><span class='ocrx_word' id='word_1_304' title='bbox 71 3450 165 3525; x_wconf 88' lang='lat' dir='ltr'>prout</span> <span class='ocrx_word' id='word_1_305' title='bbox 190 3439 227 3497; x_wconf 88' lang='lat' dir='ltr'>dc</span> <span class='ocrx_word' id='word_1_306' title='bbox 253 3436 308 3495; x_wconf 90' lang='lat' dir='ltr'>bac</span> <span class='ocrx_word' id='word_1_307' title='bbox 331 3434 513 3506; x_wconf 87' lang='lat' dir='ltr'>statueritis,</span> <span class='ocrx_word' id='word_1_308' title='bbox 537 3433 694 3514; x_wconf 87' lang='lat' dir='ltr'>probabile</span> <span class='ocrx_word' id='word_1_309' title='bbox 719 3447 781 3507; x_wconf 87' lang='lat' dir='ltr'>est,</span> <span class='ocrx_word' id='word_1_310' title='bbox 806 3435 890 3508; x_wconf 87' lang='lat' dir='ltr'>sore,</span> <span class='ocrx_word' id='word_1_311' title='bbox 915 3447 951 3495; x_wconf 88' lang='lat' dir='ltr'>ut</span> <span class='ocrx_word' id='word_1_312' title='bbox 971 3434 1131 3515; x_wconf 87' lang='lat' dir='ltr'>reliqui,</span> <span class='ocrx_word' id='word_1_313' title='bbox 1122 3456 1154 3493; x_wconf 88' lang='lat' dir='ltr'>nr</span> <span class='ocrx_word' id='word_1_314' title='bbox 1177 3432 1237 3492; x_wconf 92' lang='lat' dir='ltr'>hoc</span> 
     </span>
     <span class='ocr_line' id='line_1_36' title="bbox 73 3519 1290 3602; baseline -0.009 -16"><span class='ocrx_word' id='word_1_315' title='bbox 73 3523 243 3602; x_wconf 89' lang='lat' dir='ltr'>exemplum</span> <span class='ocrx_word' id='word_1_316' title='bbox 272 3521 444 3593; x_wconf 90' lang='lat' dir='ltr'>intuentes,</span> <span class='ocrx_word' id='word_1_317' title='bbox 480 3520 587 3577; x_wconf 88' lang='lat' dir='ltr'>eodem</span> <span class='ocrx_word' id='word_1_318' title='bbox 616 3519 708 3578; x_wconf 90' lang='lat' dir='ltr'>modo</span> <span class='ocrx_word' id='word_1_319' title='bbox 736 3532 835 3601; x_wconf 84' lang='lat' dir='ltr'>actum</span> <span class='ocrx_word' id='word_1_320' title='bbox 862 3519 902 3578; x_wconf 91' lang='lat' dir='ltr'>iri</span> <span class='ocrx_word' id='word_1_321' title='bbox 929 3541 1031 3579; x_wconf 89' lang='lat' dir='ltr'>secum</span> <span class='ocrx_word' id='word_1_322' title='bbox 1058 3519 1237 3578; x_wconf 82' lang='lat' dir='ltr'>existiment.</span> <span class='ocrx_word' id='word_1_323' title='bbox 1287 3594 1290 3601; x_wconf 26' lang='grc' dir='ltr'>Ι</span> 
     </span>
     <span class='ocr_line' id='line_1_37' title="bbox 72 3594 1237 3687; baseline -0.007 -19"><span class='ocrx_word' id='word_1_324' title='bbox 72 3611 176 3685; x_wconf 73' lang='lat' dir='ltr'>Quare</span> <span class='ocrx_word' id='word_1_325' title='bbox 195 3627 263 3665; x_wconf 89' lang='lat' dir='ltr'>cum</span> <span class='ocrx_word' id='word_1_326' title='bbox 280 3617 414 3684; x_wconf 89' lang='lat' dir='ltr'>propter</span> <span class='ocrx_word' id='word_1_327' title='bbox 423 3624 569 3663; x_wconf 89' lang='lat' dir='ltr'>summam</span> <span class='ocrx_word' id='word_1_328' title='bbox 587 3602 767 3676; x_wconf 83' lang='lat' dir='ltr'>utilitatem,</span> <span class='ocrx_word' id='word_1_329' title='bbox 798 3594 863 3664; x_wconf 86' lang='lat' dir='ltr'>tum</span> <span class='ocrx_word' id='word_1_330' title='bbox 882 3602 996 3687; x_wconf 80' lang='lat' dir='ltr'>gloriae</span> <span class='ocrx_word' id='word_1_331' title='bbox 1015 3617 1130 3664; x_wconf 84' lang='lat' dir='ltr'>vestrae</span> <span class='ocrx_word' id='word_1_332' title='bbox 1150 3623 1237 3661; x_wconf 89' lang='lat' dir='ltr'>causa</span> 
     </span>
     <span class='ocr_line' id='line_1_38' title="bbox 73 3685 1303 3790; baseline -0.008 -38"><span class='ocrx_word' id='word_1_333' title='bbox 73 3692 169 3752; x_wconf 84' lang='lat' dir='ltr'>danda</span> <span class='ocrx_word' id='word_1_334' title='bbox 189 3700 235 3749; x_wconf 86' lang='lat' dir='ltr'>est</span> <span class='ocrx_word' id='word_1_335' title='bbox 252 3709 361 3790; x_wconf 79' lang='lat' dir='ltr'>ppera,</span> <span class='ocrx_word' id='word_1_336' title='bbox 379 3700 415 3746; x_wconf 88' lang='lat' dir='ltr'>nt</span> <span class='ocrx_word' id='word_1_337' title='bbox 431 3687 521 3747; x_wconf 89' lang='lat' dir='ltr'>simul</span> <span class='ocrx_word' id='word_1_338' title='bbox 539 3700 570 3747; x_wconf 88' lang='lat' dir='ltr'>ct</span> <span class='ocrx_word' id='word_1_339' title='bbox 587 3687 704 3747; x_wconf 83' lang='lat' dir='ltr'>utiliter</span> <span class='ocrx_word' id='word_1_340' title='bbox 722 3700 753 3746; x_wconf 89' lang='lat' dir='ltr'>et</span> <span class='ocrx_word' id='word_1_341' title='bbox 770 3688 849 3747; x_wconf 87' lang='lat' dir='ltr'>iuste</span> <span class='ocrx_word' id='word_1_342' title='bbox 868 3688 1049 3748; x_wconf 88' lang='lat' dir='ltr'>deliberasse</span> <span class='ocrx_word' id='word_1_343' title='bbox 1067 3685 1237 3748; x_wconf 76' lang='lat' dir='ltr'>rideamini</span> <span class='ocrx_word' id='word_1_344' title='bbox 1298 3758 1303 3770; x_wconf 27' lang='grc' dir='ltr'>ί</span> 
     </span>
     <span class='ocr_line' id='line_1_39' title="bbox 71 3772 1236 3852; baseline -0.007 -16"><span class='ocrx_word' id='word_1_345' title='bbox 71 3778 118 3836; x_wconf 82' lang='lat' dir='ltr'>Ac</span> <span class='ocrx_word' id='word_1_346' title='bbox 143 3773 306 3834; x_wconf 80' lang='lat' dir='ltr'>auctoritas</span> <span class='ocrx_word' id='word_1_347' title='bbox 333 3772 507 3833; x_wconf 88' lang='lat' dir='ltr'>huiusmodi</span> <span class='ocrx_word' id='word_1_348' title='bbox 532 3787 633 3831; x_wconf 80' lang='lat' dir='ltr'>rerum</span> <span class='ocrx_word' id='word_1_349' title='bbox 658 3792 752 3851; x_wconf 87' lang='lat' dir='ltr'>penes</span> <span class='ocrx_word' id='word_1_350' title='bbox 772 3792 877 3831; x_wconf 90' lang='lat' dir='ltr'>omnes</span> <span class='ocrx_word' id='word_1_351' title='bbox 897 3775 989 3833; x_wconf 85' lang='lat' dir='ltr'>duces</span> <span class='ocrx_word' id='word_1_352' title='bbox 1016 3787 1076 3841; x_wconf 86' lang='lat' dir='ltr'>est:</span> <span class='ocrx_word' id='word_1_353' title='bbox 1106 3792 1236 3852; x_wconf 74' lang='lat' dir='ltr'>(quorum</span> 
     </span>
     <span class='ocr_line' id='line_1_40' title="bbox 71 3855 1238 3958; baseline -0.003 -38"><span class='ocrx_word' id='word_1_354' title='bbox 71 3860 233 3958; x_wconf 84' lang='lat' dir='ltr'>plerique,</span> <span class='ocrx_word' id='word_1_355' title='bbox 247 3878 315 3918; x_wconf 79' lang='lat' dir='ltr'>cunr</span> <span class='ocrx_word' id='word_1_356' title='bbox 334 3878 351 3916; x_wconf 88' lang='lat' dir='ltr'>c</span> <span class='ocrx_word' id='word_1_357' title='bbox 368 3869 470 3917; x_wconf 82' lang='lat' dir='ltr'>vestro</span> <span class='ocrx_word' id='word_1_358' title='bbox 488 3868 578 3936; x_wconf 91' lang='lat' dir='ltr'>portu</span> <span class='ocrx_word' id='word_1_359' title='bbox 597 3856 730 3928; x_wconf 88' lang='lat' dir='ltr'>solvunt,</span> <span class='ocrx_word' id='word_1_360' title='bbox 746 3876 808 3916; x_wconf 90' lang='lat' dir='ltr'>non</span> <span class='ocrx_word' id='word_1_361' title='bbox 827 3869 944 3918; x_wconf 82' lang='lat' dir='ltr'>vestros</span> <span class='ocrx_word' id='word_1_362' title='bbox 963 3858 1086 3931; x_wconf 87' lang='lat' dir='ltr'>amicos,</span> <span class='ocrx_word' id='word_1_363' title='bbox 1104 3877 1182 3937; x_wconf 91' lang='lat' dir='ltr'>quos</span> <span class='ocrx_word' id='word_1_364' title='bbox 1199 3855 1238 3917; x_wconf 87' lang='lat' dir='ltr'>ab</span> 
     </span>
     <span class='ocr_line' id='line_1_41' title="bbox 72 3940 1318 4024; baseline -0.001 -19"><span class='ocrx_word' id='word_1_365' title='bbox 72 3945 158 4005; x_wconf 85' lang='lat' dir='ltr'>omni</span> <span class='ocrx_word' id='word_1_366' title='bbox 182 3962 257 4002; x_wconf 82' lang='lat' dir='ltr'>aevo</span> <span class='ocrx_word' id='word_1_367' title='bbox 283 3942 456 4002; x_wconf 79' lang='lat' dir='ltr'>eorundem</span> <span class='ocrx_word' id='word_1_368' title='bbox 468 3940 673 4021; x_wconf 85' lang='lat' dir='ltr'>periculorum</span> <span class='ocrx_word' id='word_1_369' title='bbox 697 3942 797 4001; x_wconf 88' lang='lat' dir='ltr'>socios</span> <span class='ocrx_word' id='word_1_370' title='bbox 821 3961 980 4024; x_wconf 86' lang='lat' dir='ltr'>accepere,</span> <span class='ocrx_word' id='word_1_371' title='bbox 1006 3943 1065 4005; x_wconf 88' lang='lat' dir='ltr'>sibi</span> <span class='ocrx_word' id='word_1_372' title='bbox 1089 3941 1235 4002; x_wconf 89' lang='lat' dir='ltr'>colendos</span> <span class='ocrx_word' id='word_1_373' title='bbox 1258 3945 1318 4003; x_wconf 71' lang='lat'>42⁸</span> 
     </span>
     <span class='ocr_line' id='line_1_42' title="bbox 72 4020 1239 4126; baseline -0.003 -38"><span class='ocrx_word' id='word_1_374' title='bbox 72 4041 199 4111; x_wconf 59' lang='lat' dir='ltr'>putante</span> <span class='ocrx_word' id='word_1_375' title='bbox 214 4028 267 4087; x_wconf 90' lang='lat' dir='ltr'>sed</span> <span class='ocrx_word' id='word_1_376' title='bbox 287 4026 453 4126; x_wconf 86' lang='lat' dir='ltr'>peculiares</span> <span class='ocrx_word' id='word_1_377' title='bbox 472 4025 601 4106; x_wconf 88' lang='lat' dir='ltr'>quisque</span> <span class='ocrx_word' id='word_1_378' title='bbox 619 4025 731 4087; x_wconf 89' lang='lat' dir='ltr'>amicos</span> <span class='ocrx_word' id='word_1_379' title='bbox 749 4024 807 4085; x_wconf 90' lang='lat' dir='ltr'>sibi</span> <span class='ocrx_word' id='word_1_380' title='bbox 825 4027 976 4100; x_wconf 86' lang='lat' dir='ltr'>conciliat,</span> <span class='ocrx_word' id='word_1_381' title='bbox 995 4041 1026 4088; x_wconf 88' lang='lat' dir='ltr'>et</span> <span class='ocrx_word' id='word_1_382' title='bbox 1042 4045 1115 4087; x_wconf 85' lang='lat' dir='ltr'>suos</span> <span class='ocrx_word' id='word_1_383' title='bbox 1133 4020 1239 4086; x_wconf 78' lang='lat' dir='ltr'>asten-¹</span> 
     </span>
     <span class='ocr_line' id='line_1_43' title="bbox 71 4109 1236 4209; baseline -0.003 -35"><span class='ocrx_word' id='word_1_384' title='bbox 71 4126 205 4175; x_wconf 82' lang='lat' dir='ltr'>tutores</span> <span class='ocrx_word' id='word_1_385' title='bbox 202 4112 305 4196; x_wconf 86' lang='lat' dir='ltr'>recipi</span> <span class='ocrx_word' id='word_1_386' title='bbox 331 4111 363 4169; x_wconf 91' lang='lat' dir='ltr'>in</span> <span class='ocrx_word' id='word_1_387' title='bbox 386 4123 513 4170; x_wconf 77' lang='lat' dir='ltr'>vestram</span> <span class='ocrx_word' id='word_1_388' title='bbox 540 4109 699 4170; x_wconf 81' lang='lat' dir='ltr'>amicitiam</span> <span class='ocrx_word' id='word_1_389' title='bbox 713 4123 867 4209; x_wconf 86' lang='lat' dir='ltr'>oportere</span> <span class='ocrx_word' id='word_1_390' title='bbox 893 4124 1013 4185; x_wconf 85' lang='lat' dir='ltr'>censet,</span> <span class='ocrx_word' id='word_1_391' title='bbox 1039 4134 1107 4172; x_wconf 92' lang='lat' dir='ltr'>cum</span> <span class='ocrx_word' id='word_1_392' title='bbox 1133 4124 1236 4171; x_wconf 89' lang='lat' dir='ltr'>contra</span> 
     </span>
     <span class='ocr_line' id='line_1_44' title="bbox 73 4185 1238 4276; baseline -0.003 -19"><span class='ocrx_word' id='word_1_393' title='bbox 73 4197 200 4258; x_wconf 90' lang='lat' dir='ltr'>omnino</span> <span class='ocrx_word' id='word_1_394' title='bbox 218 4185 285 4255; x_wconf 85' lang='lat' dir='ltr'>fieri</span> <span class='ocrx_word' id='word_1_395' title='bbox 303 4194 418 4254; x_wconf 88' lang='lat' dir='ltr'>debeat.</span> <span class='ocrx_word' id='word_1_396' title='bbox 453 4195 517 4254; x_wconf 89' lang='lat' dir='ltr'>Nec</span> <span class='ocrx_word' id='word_1_397' title='bbox 536 4195 619 4254; x_wconf 86' lang='lat' dir='ltr'>enim</span> <span class='ocrx_word' id='word_1_398' title='bbox 636 4193 865 4268; x_wconf 85' lang='lat' dir='ltr'>inimicitiores,</span> <span class='ocrx_word' id='word_1_399' title='bbox 893 4197 941 4271; x_wconf 67' lang='lat' dir='ltr'>sel</span> <span class='ocrx_word' id='word_1_400' title='bbox 961 4218 1037 4276; x_wconf 89' lang='lat' dir='ltr'>quos</span> <span class='ocrx_word' id='word_1_401' title='bbox 1057 4210 1180 4256; x_wconf 86' lang='lat' dir='ltr'>neccsse</span> <span class='ocrx_word' id='word_1_402' title='bbox 1199 4196 1238 4254; x_wconf 89' lang='lat' dir='ltr'>sit</span> 
     </span>
     <span class='ocr_line' id='line_1_45' title="bbox 71 4278 1237 4362; baseline -0.005 -18"><span class='ocrx_word' id='word_1_403' title='bbox 71 4282 158 4344; x_wconf 85' lang='lat' dir='ltr'>vobis</span> <span class='ocrx_word' id='word_1_404' title='bbox 177 4278 271 4362; x_wconf 83' lang='lat' dir='ltr'>magis</span> <span class='ocrx_word' id='word_1_405' title='bbox 290 4301 355 4339; x_wconf 90' lang='lat' dir='ltr'>esse</span> <span class='ocrx_word' id='word_1_406' title='bbox 375 4280 513 4339; x_wconf 90' lang='lat' dir='ltr'>inimicos</span> <span class='ocrx_word' id='word_1_407' title='bbox 531 4279 631 4351; x_wconf 85' lang='lat' dir='ltr'>hisce,</span> <span class='ocrx_word' id='word_1_408' title='bbox 660 4278 833 4358; x_wconf 88' lang='lat' dir='ltr'>reperietis:</span> <span class='ocrx_word' id='word_1_409' title='bbox 870 4303 931 4360; x_wconf 90' lang='lat' dir='ltr'>quo</span> <span class='ocrx_word' id='word_1_410' title='bbox 951 4281 1029 4342; x_wconf 91' lang='lat' dir='ltr'>enim</span> <span class='ocrx_word' id='word_1_411' title='bbox 1049 4280 1215 4362; x_wconf 90' lang='lat' dir='ltr'>pluribus</span> <span class='ocrx_word' id='word_1_412' title='bbox 1206 4303 1237 4338; x_wconf 90' lang='lat' dir='ltr'>m</span> 
     </span>
    </p>
   </div>
   <div class='ocr_carea' id='block_1_7' title="bbox 1224 4525 1230 4549">
    <p class='ocr_par' dir='ltr' id='par_1_9' title="bbox 1224 4525 1230 4549">
     <span class='ocr_line' id='line_1_46' title="bbox 1224 4525 1230 4549; baseline 0 0"><span class='ocrx_word' id='word_1_413' title='bbox 1224 4525 1230 4549; x_wconf 87' lang='lat' dir='ltr'>l</span> 
     </span>
    </p>
   </div>
   <div class='ocr_carea' id='block_1_8' title="bbox 0 0 1366 4754">
    <p class='ocr_par' dir='ltr' id='par_1_10' title="bbox 0 0 1366 4754">
     <span class='ocr_line' id='line_1_47' title="bbox 0 0 1366 4754; baseline 0 1"><span class='ocrx_word' id='word_1_414' title='bbox 0 0 1366 4754; x_wconf 95' lang='lat' dir='ltr'> </span> 
     </span>
    </p>
   </div>
  </div>
 </body>
</html>
