2722 4754
35 167 45 179 ,
141 71 273 179 272'
381 62 1060 209 ’ιιιιιιοιιιιιιιιιι,ὀιιιιιιιὶΙ

49 276 53 283 ’
85 266 88 271 ’
146 265 264 339 habita,
288 262 434 327 nonnihil
451 263 488 323 de
515 264 676 327 severitate
693 263 835 346 supplicii
860 262 977 325 remitti
1000 261 1128 323 sortasse
1155 260 1320 329 decuisset

146 352 201 411 Sin
220 349 355 429 quamvis
373 348 522 410 submisse
539 350 739 431 modesteque
757 365 822 409 sese
841 354 964 432 g'ererc',
989 370 1058 408 eum
1076 348 1184 423 vellet,
1204 360 1321 428 posset,

107 484 111 488 -
147 435 331 500 eontrarium
351 433 430 499 vitae
455 432 630 495 institutum
653 436 785 516 potius,
804 435 979 514 quamhoc
997 435 1086 515 sequi
1109 433 1321 516 praeoptavit:

144 543 211 585 ιιοιι
227 539 300 587 sane
319 519 483 589 obscurum
507 533 553 580 est
570 520 647 594 ho'c,
660 521 698 579 si
717 539 798 581 nune
816 520 879 581 suis
903 520 1037 581 artificiis
1064 541 1179 602 poenas
1197 518 1320 590 subter-

134 606 284 709 dugerit,
294 625 373 663 eum
380 622 485 664 rursus
504 605 652 678 eundem,
671 626 762 684 quern
780 605 863 666 scitis
880 626 953 683 vos,
971 607 1109 666 futurum
1127 626 1219 667 esse...
1247 604 1320 665 Non

88 701 91 707 ”
144 692 268 789 igitur
258 689 322 750 eius
341 689 449 749 humili
464 690 567 770 specie
585 691 702 758 moveri
720 689 854 764 debetis,
871 691 1036 751 nechuius
1055 692 1217 773 temporis
1224 691 1320 765 simu-

145 774 254 839 lationi
271 775 404 863 fictoque
423 776 520 836 vultui
539 774 607 854 plus
625 768 769 836 adhibere
787 734 893 849 fidel,
903 768 955 837 aut
972 776 1151 837 firmitatis'
1142 798 1253 839 messe
1263 799 1320 859 pu-

15 922 21 929 ,
89 916 91 935 ,
145 876 227 935 tare,
253 882 342 940 quam
351 860 479 960 ‘reliquo
503 855 644 959 tempori
653 863 751 934 omni,
778 882 937 941 quoquae
958 862 1118 935 vitaeius,
1146 862 1205 945 qui
1219 882 1320 923 mores

100 974 104 980 ⁴
144 946 310 1019 suerint,
300 943 360 1026 rpsi
377 945 597 1026 perspexistis
617 947 689 1028 Ego
708 945 821 1007 liberos
839 969 903 1007 ιιοιι
921 948 1054 1022 haheo,
1063 948 1203 1050 quihus
1192 970 1226 1008 ιιι
1245 968 1320 1009 con-

145 1045 283 1118 spectum
302 1033 436 1092 vestrum
454 1030 611 1111 productis
632 1031 744 1091 eiulare
762 1033 876 1112 possim
894 1055 927 1093 ac
941 1034 1127 1113 deplorare
1118 1034 1249 1095 miurias
1263 1032 1320 1093 mi

146 1119 180 1179 hi
197 1111 297 1179 factas.
333 1115 441 1177 Num
431 1116 526 1199 rgitur
543 1129 705 1197 propterea
722 1118 798 1198 ipse,
818 1119 1039 1178 contumeliose
1054 1133 1214 1218 tractatus,
1234 1120 1319 1179 dete-

147 1205 228 1265 riore
246 1202 327 1302 apud
343 1222 398 1263 vos
422 1201 600 1262 conditione
619 1223 696 1274 cro,
715 1226 805 1282 quam
824 1204 865 1275 is,
892 1203 944 1282 qui
969 1203 1111 1264 iniuriam
1129 1206 1207 1266 mihi
1224 1203 1321 1283 iecit?

146 1289 219 1350 Non
235 1288 361 1368 utique,
387 1288 440 1348 sed
456 1287 608 1369 quaudo
600 1300 656 1348 rste
675 1289 831 1368 productis
850 1289 953 1348 liberis
978 1290 1199 1390 supplicabit,
1202 1303 1243 1350 ut
1258 1288 1320 1349 illis

146 1373 295 1437 iudicium
312 1374 511 1461 condonetis:
536 1384 600 1432 tum
618 1395 672 1433 vos
691 1396 739 1434 me
759 1396 827 1435 cum
845 1373 948 1456 legum
966 1377 1114 1436 comitatu
1127 1397 1234 1458 prope
1245 1375 1320 1436 assi-

67 1532 71 1539 ·
97 1534 101 1541 .
143 1456 227 1523 ‘atere
245 1471 366 1541 putate,
385 1472 416 1519 et
428 1452 647 1531 iureitirando,
666 1460 749 1540 quod
768 1459 912 1532 dedistis,
930 1450 1135 1561 postulantem
1154 1475 1186 1528 et
1203 1460 1320 1542 suppli·

88 1547 92 1553 ’
121 1592 127 1605 ι
147 1559 291 1620 centem,
294 1556 330 1604 ut
342 1543 440 1604 haec
430 1567 464 1603 ιιι
475 1543 610 1604 ferendis
625 1545 784 1605 sententiis
802 1545 980 1626 respiciatis,
998 1568 1014 1606 a
1030 1529 1142 1627 quihus
1155 1568 1216 1607 vos
1219 1547 1320 1629 longe

135 1631 257 1693 ‚iustius
276 1650 365 1710 quam
382 1629 448 1689 ab
438 1643 499 1690 rsto
516 1628 642 1689 stabitis.
675 1631 752 1690 Nam
771 1644 802 1691 et
818 1630 962 1704 iurastis,
967 1631 1185 1706 Athenienses,
1200 1651 1270 1693 sos
1273 1631 1319 1691 le-

136 1717 237 1804 gibus
256 1715 533 1816 qbtemperatu'ros·
552 1727 583 1774 et
600 1715 720 1798 legibus
737 1728 895 1797 acceptum
911 1717 991 1777 serre
1011 1718 1128 1789 debetis
1146 1739 1204 1799 par
1219 1718 1251 1776 el
1267 1737 1318 1776 ae-

54 1870 57 1875 ,
147 1823 243 1883 quum
260 1801 325 1875 ius,
349 1820 415 1879 quo
431 1798 581 1861 fruimini:
611 1814 643 1860 et
660 1801 806 1882 quicquid
824 1801 977 1862 honorum
996 1801 1131 1877 habetis,
1149 1804 1183 1863 id
1202 1801 1320 1863 benefi-

62 1895 125 1953 366
148 1888 197 1949 cio
215 1889 318 1971 legum
335 1884 472 1960 habetis,
498 1906 562 1945 non
580 1886 691 1946 Midiae
715 1901 771 1949 aut
786 1886 850 1947 eius
878 1887 1052 1948 liberorum
1078 1888 1211 1949 Orator
1228 1887 1321 1986 etiam

113 1976 206 2036 'iste
225 1984 282 2045 est,
294 1992 348 2031 me
367 1971 481 2044 dicens,
499 1970 654 2032 forsitan
645 1973 771 2052 mquiet
790 1974 857 2055 Ego
876 1993 960 2047 vero,
978 1975 1013 2033 si
1021 1975 1047 2033 is
1067 1986 1173 2034 orator.
1188 1985 1247 2053 est,
1266 1970 1322 2053 qui

147 2061 181 2121 id
199 2056 347 2130 consulit,
375 2057 460 2135 quod
477 2056 563 2118 vohis
581 2057 776 2137 profuturum
794 2070 899 2138 putat,
928 2058 1030 2139 idque
1039 2080 1073 2119 ea
1091 2048 1257 2132 modestia,
1283 2069 1324 2116 ut
1347 2135 1350 2139 ι

104 2218 108 2223 v
149 2165 253 2246 neque
267 2163 325 2203 vos
342 2140 507 2215 obtundat,
524 2162 625 2222 neque
632 2155 747 2230 cogat:
765 2164 828 2204 ιιοιι
840 2165 917 2205 sane
936 2145 1084 2245 fugerim,
1103 2164 1207 2244 neque
1223 2163 1322 2225 nega-

148 2231 246 2292 verim
261 2228 321 2287 hoc
338 2247 460 2289 nomen.
494 2226 549 2286 Sin
568 2241 671 2287 orator
688 2242 743 2303 est,
762 2228 866 2307 quales
885 2250 951 2290 esse
970 2230 1221 2291 concionantium
1239 2243 1320 2289 non·-

53 2336 61 2383 ,·
148 2315 251 2378 nullos
270 2333 327 2396 ego
346 2300 436 2394 atque
454 2332 509 2372 vos
527 2311 585 2392 ipsr
576 2312 730 2387 videtis,
756 2314 947 2394 impudentes
967 2328 998 2377 et
1014 2315 1123 2376 vestris
1136 2315 1254 2396 opibus
1273 2312 1321 2373 lo-

142 2399 362 2482 NJcupletatos
353 2421 385 2460 rs
392 2419 456 2482 ego
474 2417 539 2458 non
555 2397 672 2458 luerim
690 2399 774 2460 Non
780 2400 861 2459 euim
876 2400 1040 2500 quicquam
1057 2422 1074 2460 a
1094 2400 1180 2461 vobis
1201 2398 1322 2480 accepi.

147 2487 202 2548 sed
220 2506 318 2547 meam
340 2504 405 2545 rem
428 2477 621 2557 familiarem,
647 2483 772 2544 omnino
795 2487 898 2566 paucis
925 2486 1074 2586 exceptis,
1100 2473 1242 2547 οιιιιιίιιιιι
1266 2505 1322 2545 vo-

56 2590 95 2643 ι,
139 2572 196 2636 ,bis
214 2571 356 2653 impendi
400 2570 467 2632 Etsi
493 2582 593 2630 autem
615 2569 740 2630 illorum
753 2592 898 2650 qu.oque
918 2571 1053 2631 omnium
1080 2592 1179 2632 essem
1204 2571 1319 2654 impro

144 2657 307 2718 bissimus·
340 2655 460 2738 legibus
485 2677 501 2714 a
527 2677 575 2715 me
602 2677 699 2736 poena
723 2657 870 2717 sumenda
894 2669 988 2730 esset,
1024 2677 1088 2717 non
1114 2656 1160 2716 in
1173 2656 1319 2727 obeundo

149 2762 276 2803 munere
308 2740 432 2822 publico
471 2741 546 2799 mihi
578 2740 805 2801 insultandum.
846 2740 1010 2802 Oratorem
1039 2754 1198 2823 praeterea
1227 2761 1319 2802 nemo

148 2820 224 2887 inihi
242 2825 431 2925 suffragatur.
465 2824 584 2904 Neqtre
592 2827 624 2884 id
641 2826 715 2886 vitio
735 2828 875 2906 cuiquam
891 2840 995 2889 verto:
1014 2828 1084 2908 quia
1101 2848 1160 2889 nec
1176 2827 1242 2909 ipse
1260 2847 1318 2886 nn-

63 2954 69 2972 ,
149 2933 240 2991 quam
266 2910 427 3010 quicquam
444 2911 525 2991 apud
549 2929 603 2995 vos
622 2911 653 2969 in
673 2931 779 2977 eorum
796 2912 930 2994 gratiam
950 2912 1035 2987 dixi,
1057 2913 1112 2973 sed
1137 2911 1319 2993 simpliciter

143 3017 204 3078 pro
223 3007 355 3055 metum
374 2994 492 3070 dicere,
509 2983 586 3055 tum
591 3017 689 3078 agere
714 2998 853 3072 decrevi,
879 2998 1024 3080 quicquid
1043 3019 1059 3058 e
1077 2998 1235 3080 republica
1252 2998 1319 3057 fore

66 3105 77 3124 ι
115 3134 118 3143 ,
148 3083 300 3142 ducerem.
335 3076 439 3140 Cum-⁸
430 3092 490 3141 rsto
513 3092 613 3142 autern
632 3082 733 3142 statim
758 3084 901 3146 videbitis
920 3098 1056 3146 oratores
1082 3104 1189 3145 omnes
1210 3082 1318 3143 ordine

99 3220 119 3231 ,,
147 3167 181 3226 in
194 3167 355 3251 procinctu
372 3171 459 3226 sthre.
477 3164 527 3227 An
544 3188 619 3227 vero
637 3189 707 3228 eum
726 3169 814 3229 decet
821 3191 942 3237 nomen
957 3171 1016 3231 hoc
1029 3170 1134 3252 probri
1152 3170 1223 3231 loeo
1241 3166 1319 3228 mihi

126 3263 130 3270 ⁸
148 3246 302 3325 obiicere,
320 3272 388 3311 cum
405 3251 471 3332 ipse
488 3251 645 3313 inillis
614 3254 688 3313 mnis
705 3275 826 3334 proram
845 3269 884 3314 et
893 3257 1019 3337 puppim
1038 3257 1142 3316 salutis
1160 3275 1233 3315 suae
1251 3252 1317 3312 col·
1320 3280 1333 3305 ι

146 3337 251 3398 locet?
285 3337 433 3398 Fortassis
451 3350 566 3399 sutem
571 3339 660 3401 eliam
677 3339 748 3399 talia
767 3340 860 3399 dicet:
884 3362 933 3401 me
952 3363 1034 3403 nunc
1053 3342 1164 3401 omnia·
1161 3338 1320 3400 meditate

44 3452 57 3467 -’
146 3434 179 3483 et
190 3435 365 3504 praeparata
380 3423 496 3484 afferre
514 3424 581 3506 Ego
599 3444 683 3498 vero,
700 3424 915 3525 Athenienses,
932 3427 1110 3488 meditatum
1130 3446 1196 3487 csse
1209 3444 1261 3484 me
1276 3421 1320 3482 ai-

140 3507 252 3568 himo·
272 3521 303 3568 et
320 3507 401 3570 haud
418 3509 601 3590 negaverim,
620 3531 771 3593 summum
783 3511 817 3569 in
833 3513 997 3595 cogitando
1015 3512 1149 3573 studium
1168 3509 1320 3592 posuisse.

58 3598 61 3602 ’
93 3645 95 3648 ⁴
130 3597 263 3654 'Vecors
282 3593 362 3653 enirn
383 3614 494 3665 essem,
513 3594 626 3674 sipost
643 3608 741 3657 tantas
759 3596 900 3670 iniurias,
920 3620 994 3677 quas
1012 3599 1071 3659 tuli
1090 3610 1121 3658 et
1138 3597 1225 3673 fero,
1242 3593 1319 3679 quid

143 3680 226 3760 apud
243 3699 299 3741 vos
316 3678 353 3738 iis
373 3678 520 3739 derebus
539 3679 674 3741 dicturus
691 3703 799 3755 essem,
818 3703 906 3762 pensi
897 3683 1000 3742 'nihil
1018 3678 1200 3743 habuissem.
1219 3674 1320 3760 lpsam

144 3778 247 3826 tamen
266 3764 437 3825 orationem
454 3765 562 3826 Midias
579 3765 661 3826 mihi
674 3767 803 3828 dictavit.
821 3767 897 3827 Nam
917 3769 1043 3848 quires,
1062 3769 1100 3827 de
1119 3767 1235 3868 quibus
1251 3781 1322 3824 ver-

47 3920 54 3935 .
141 3848 289 3924 habunt,
307 3849 568 3930 suppeditantes
584 3851 651 3911 iure
670 3852 787 3933 optimo
805 3853 836 3912 id
853 3853 1017 3927 tribuetur,
1039 3874 1103 3935 ιιοιι
1123 3853 1162 3927 ei,-
1182 3850 1248 3932 qui
1255 3869 1322 3909 me-

81 3972 83 3976 1
143 3934 259 3997 ditatus
266 3947 324 3996 est
348 3935 541 4016 solliciteque
570 3936 734 4012 laboravit,
758 3951 794 3997 ut
810 3959 929 3998 causam
947 3960 1032 3999 suam
1050 3940 1082 3998 in
1096 3954 1135 3998 re
1153 3933 1323 4018 praesenti,

50 4068 62 4072 -
144 4020 193 4080 itt
210 4033 246 4080 ut
271 4038 411 4101 aequum
427 4035 488 4096 est,
513 4035 707 4103 proponeret
750 4023 817 4106 Ego
834 4042 919 4082 vero
927 4040 981 4084 me
987 4026 1053 4085 hoc
1081 4026 1200 4085 faeere
1209 4022 1324 4123 solere,

88 4159 92 4165 .
143 4094 251 4166 etiam
249 4105 319 4205 ipse
336 4106 496 4207 confiteor,
517 4107 729 4168 Athenienses.
774 4107 898 4168 Midiam
916 4123 1022 4171 autem-
1034 4110 1112 4169 nihil
1130 4130 1268 4190 uuquam
1288 4106 1322 4165 in

88 4252 91 4259 ,
145 4191 230 4251 omni
247 4190 308 4252 vita
325 4192 398 4253 insti
417 4212 483 4252 esse
508 4194 698 4253 meditatum
712 4196 851 4294 apparet:
879 4195 929 4255 cui
947 4217 972 4255 st
964 4195 1040 4256 -vel
1063 4192 1225 4277 paululum
1246 4191 1323 4253 talia

79 4293 83 4300 '
144 4276 277 4360 cogitare
290 4278 323 4346 in
339 4291 471 4339 mentem
489 4278 633 4352 venisset,
650 4298 714 4340 non
732 4279 772 4340 ita
791 4291 858 4340 toto
877 4282 965 4341 coelo
982 4302 1044 4342 are
1063 4281 1243 4343 aberrasset.
1254 4276 1324 4339 Αι-
