2722 4754
43 300 72 323 ,,
140 222 187 300 ιι
277 222 318 329 ’ᾗ
383 196 1023 313 Χιιιιιοιιιιιιιιιιζ-οιιιίιό

112 388 235 452 retis:
261 410 320 452 vos
332 388 479 468 loquendi
498 388 695 454 libertatem
685 410 718 447 ιιι
736 389 800 448 aliis
819 388 938 449 rebus'
929 401 970 448 ιιι
988 406 1181 447 communem
1200 382 1316 469 putatis
1355 383 1357 389 ’

57 479 75 517 3
146 493 211 536 esse
231 460 372 555 oportere
392 472 559 533 omnihus
550 495 582 532 ιιι
599 460 676 534 urhe
695 470 916 556 degentibus,
909 483 945 533 ἰιι
964 486 994 532 et
1007 471 1179 551 hospitibus
1200 483 1231 530 et
1250 490 1317 536 ser

33 621 36 628 ,
79 593 85 596 ·
145 562 189 621 ιιι
209 572 274 620 eam
292 557 504 638 impertieretis
531 556 586 642 (ut
602 559 714 618 multos
726 558 813 639 apud
831 580 884 618 vos
908 578 1010 618 servos
1030 557 1146 616 videre
1152 568 1199 615 est
1223 554 1316 635 quid-

89 651 159 706 72
146 646 189 707 ιιι
200 643 294 725 loqui
311 643 463 716 liberius,
452 665 554 741 'quam
569 644 648 703 cives
665 644 696 702 in
713 637 975 722 quibusdamaliis
993 641 1150 724 urbibus)
1169 664 1185 700 a
1201 662 1316 700 consu

92 730 238 792 :tendo
257 739 358 788 antem
378 727 502 787 omnino
522 729 648 788 eandem
665 728 827 808 repulistis
862 729 949 786 Unde
969 727 999 785 id
1019 725 1261 826 consequimini,
1279 737 1318 783 ut

31 845 48 887 ι
91 850 93 854 -
145 816 178 874 in
196 813 410 873 concionibus
418 808 591 887 fastidiatis,
616 811 868 877 assentationibus
888 811 1022 886 deliniti,
1048 825 1079 871 et
1098 812 1214 882 omnia,
1235 831 1316 889 quae
1330 813 1352 866 ζ

145 897 312 981 uoluptati
313 912 413 970 sunt,
429 898 572 957 audiatis:
598 898 630 956 in
631 897 738 968 rebus
756 909 858 956 autem
878 909 908 955 et
924 897 1009 956 sactis
1037 897 1074 955 de
1094 896 1234 963 extremis
1254 894 1315 953 iam

145 973 365 1064 periclitemini
385 983 530 1056 Quod
505 1006 531 1042 ιι
548 1004 630 1054 nunc
649 982 738 1042 etlam
756 982 799 1041 sic
818 980 919 1039 affecti
938 981 1019 1053 estis,
1038 1001 1101 1039 non
1120 980 1218 1039 habeo
1236 979 1316 1058 quid

147 1068 250 1128 dicam.
276 1067 345 1141 Sin,
358 1088 435 1147 quae
454 1067 485 1125 in
502 1088 568 1126 rem
584 1079 713 1126 vestram
732 1077 813 1164 sunt,
831 1065 896 1124 sine
914 1066 1088 1146 adulatione
1106 1065 1210 1124 audire
1227 1064 1314 1122 vole

140 1150 198 1212 ιιι·
224 1151 323 1213 dicere
341 1175 409 1211 sum
427 1164 555 1232 paratus
584 1151 716 1210 Tametsi
735 1150 815 1210 enim
831 1172 880 1220 res
900 1150 1024 1209 omnino
1043 1134 1120 1208 male
1138 1169 1170 1208 se
1189 1146 1339 1221 habent.

30 1243 32 1247 ’
85 1309 88 1315 μ
109 1230 300 1320 multaque
318 1257 373 1317 per
389 1237 558 1313 socordtam
575 1237 746 1316 perierunt
764 1247 866 1295 tamen
881 1256 944 1308 eae,
962 1259 987 1294 ιι
1003 1255 1057 1293 vos
1075 1234 1122 1293 vel
1139 1256 1221 1293 nunc
1241 1232 1314 1292 ofli-

76 1390 80 1400 .
146 1323 207 1380 cio
212 1320 490 1402 ιιιιιςιιοιιιιιιιιι,
510 1343 615 1380 οιιιιιιι
635 1321 746 1402 corrigi
764 1333 898 1402 possunt.
930 1319 976 1378 Ac
994 1320 1103 1379 mirum
1120 1312 1296 1379 sortasse
1267 1341 1313 1376 v1-
1353 1374 1357 1381 .

79 1438 85 1445 ·
146 1405 277 1477 debitur,
297 1407 379 1484 quod
399 1406 511 1478 dicam,
530 1407 583 1464 sed
601 1427 721 1466 verum:
757 1407 840 1485 quod
858 1405 1027 1487 praeteritis
1046 1404 1235 1483 temporibus
1254 1402 1315 1460 fuit

146 1490 338 1570 pessimum,-
354 1490 386 1549 id
405 1492 441 1551 ad
466 1449 572 1549 suiurs
592 1502 638 1550 est
663 1490 818 1570 optimum.
855 1490 963 1565 Quid
955 1489 1049 1571 rgitur
1065 1489 1096 1547 id
1116 1489 1181 1548 est?
1209 1487 1313 1563 Quod,

116 1575 219 1642 ‚dum
237 1592 290 1633 vo's
316 1595 417 1654 neque
441 1589 581 1657 magnum
606 1595 706 1654 neque
730 1597 855 1673 parvum
875 1574 1045 1673 quicquam,
1071 1574 1153 1652 quod
1181 1584 1335 1652 oportet,

146 1658 258 1721 facitis:
275 1681 323 1719 res
337 1660 413 1719 male
428 1681 460 1719 se
476 1660 596 1719 habent
614 1659 742 1734 Quae
718 1682 753 1732 st,
771 1659 857 1718 vobis
877 1680 960 1718 omns
952 1657 1084 1718 officio
1102 1657 1312 1738 fungentibus,

123 1744 185 1803 in
198 1742 343 1802 hocloco
363 1757 479 1803 essent:
506 1766 544 1803 ne
562 1765 631 1830 spes
649 1745 771 1823 quidem
786 1744 1032 1823 relinqueretur,
1052 1764 1099 1801 eas
1119 1743 1184 1805 lore
1203 1741 1310 1801 melio-

142 1847 202 1888 res
245 1824 334 1913 Nunc
352 1828 522 1915 socordiam
540 1839 670 1889 vestram
689 1840 720 1888 et
721 1828 954 1927 negligentiam
972 1827 1125 1908 superavit
1142 1827 1310 1907 Philippus,

57 1961 62 1966 .
89 1960 92 1962 .
146 1911 297 1983 civitatem
315 1905 378 1971 non
390 1902 562 2016 superarit:
581 1934 681 1993 neque
700 1913 771 1973 victi
788 1931 852 1986 vos,
872 1913 933 1971 imo
953 1913 1079 1992 nejoco
1098 1912 1221 1990 quidem
1237 1908 1312 1969 moti

80 2030 92 2038 -1
147 1996 235 2060 estis
262 1997 398 2070 Quod
373 2021 399 2056 ιι
418 2020 522 2058 omnes
541 1999 572 2057 in
591 2019 629 2058 eo
647 1998 904 2070 consentiremus,
930 1997 1103 2078 Philippum
1122 2017 1228 2079 gerere
1247 1995 1311 2054 bel

18 2154 27 2161 N
69 2124 73 2133 .
146 2081 217 2140 lum
237 2102 306 2140 cum
329 2077 483 2162 republica
511 2096 550 2143 et·
558 2104 662 2168 pacem
687 2082 816 2142 uiolare:
841 2077 919 2140 riihil
937 2082 1018 2142 aliud
1036 2103 1192 2151 suasorem
1211 2081 1311 2140 dicere

120 2238 125 2245 ὁ
147 2178 179 2226 ιι
196 2166 356 2230 consulere
376 2181 547 2248 oporteret,
578 2190 667 2251 quarn
686 2190 747 2248 quo
766 2180 854 2265 pacto
872 2161 1062 2247 Philippum
1065 2180 1096 2225 et
1112 2165 1313 2241 tutissimeet

15 2254 17 2258 ’
66 2304 68 2310 ι
100 2276 103 2282 ’
146 2248 288 2311 facillime
303 2236 524 2313 ulcisceremur.
545 2246 739 2315 Cumsautem
757 2273 809 2311 eae
826 2252 888 2311 sint
903 2252 1117 2330 quorundam'
1108 2251 1251 2330 rneptiae,
1262 2262 1312 2322 ut,

87 2381 89 2385 1
132 2333 237 2413 urbes
262 2335 315 2394 illo
343 2350 514 2435 occupante
536 2350 566 2397 et
590 2337 701 2411 multa,
735 2358 811 2416 quae
841 2349 940 2396 vestra
966 2348 1056 2414 sunt,
1089 2336 1252 2434 phtinente
1283 2347 1313 2393 et

148 2433 253 2479 omnes
271 2423 413 2482 mortales
431 2420 615 2504 exagitante,
643 2423 789 2501 quosdam
803 2413 928 2481 ferant
919 2443 951 2480 ιιι
967 2418 1165 2479 concionibus
1182 2418 1312 2497 subinde
1333 2486 1340 2497 .

49 2565 71 2574 ,,
147 2502 337 2580 dictitantes,
366 2518 504 2569 nostrum
532 2527 597 2565 esse
615 2508 781 2605 quosdam,
808 2506 861 2585 qui
879 2505 991 2571 bellurn
1020 2506 1200 2570 excitemus:
1216 2516 1312 2563 caute

18 2597 21 2607 “
146 2586 237 2648 nobis
256 2579 424 2671 agendum,
449 2602 480 2650 et
498 2612 532 2650 ca
551 2591 655 2670 opinio
674 2591 838 2649 minuenda
857 2603 887 2650 et
904 2591 1063 2649 refutanda
1082 2602 1143 2649 ιιι.
1162 2610 1241 2664 cum
1260 2610 1313 2647 ve·
1340 2621 1345 2636 ι

66 2744 68 2748 ι
142 2673 277 2760 rendpm
294 2674 350 2748 sit,
376 2675 521 2774 nequis,
546 2676 599 2734 ubi
618 2675 772 2757 scripserit
790 2688 821 2735 ιι
837 2676 983 2748 suaserit,
1009 2648 1226 2774 propulsandas
1245 2673 1311 2731 esse

146 2745 288 2831 iniurias,
324 2759 355 2817 ln
383 2759 495 2819 crimen
522 2760 642 2820 excitati
667 2759 741 2818 helli
764 2756 871 2820 veniat.
906 2760 973 2842 Ego
998 2777 1082 2825 vero
1097 2759 1156 2818 hoc
1181 2757 1314 2839 primum

60 2896 62 2908 ,
117 2873 122 2882 ·
148 2841 285 2900 omnium
303 2843 371 2902 dico
391 2856 422 2902 et
438 2845 624 2927 pronuncio.
649 2845 681 2902 Si
700 2844 812 2904 civitati
838 2845 887 2904 vel
905 2866 1008 2925 pacem
1026 2865 1115 2926 agere
1140 2841 1201 2922 vel
1199 2861 1334 2924 gerere„

55 3007 60 3015 x
134 2925 262 2992 ‘bellum
281 2925 360 3000 licet,
382 2928 496 3009 idque
487 2950 531 2987 ιιι
537 2940 641 2988 nostra
658 2935 810 3008 potestate
827 2941 874 2988 est
892 2929 943 3016 (ut
958 2929 1030 2988 hinc
1050 2925 1172 3027 ordiar),
1191 2927 1314 2985 affirmo

49 3045 61 3063 ι
149 3030 221 3092 ego,
247 3023 352 3091 pacem
370 3014 515 3093 agendam'
535 3031 600 3072 esse
618 3013 723 3073 ιιοιιιι.
744 3020 776 3072 et
792 3013 932 3094 postulo
951 3025 986 3072 nt
1003 3014 1048 3086 is,
1067 3036 1126 3092 qur
1111 3009 1211 3071 haec
1230 3001 1316 3082 dicit,

55 3124 57 3127 ·
90 3117 110 3163 χ
149 3095 292 3161 decernat
310 3108 340 3155 et
357 3109 439 3178 agat,
470 3118 534 3157 non
552 3097 667 3158 faciat'
658 3098 862 3179 imposturam.
898 3098 952 3157 Sin
971 3098 1063 3170 alius,
1095 3111 1164 3156 cnm
1183 3117 1263 3155 arma
1282 3095 1316 3154 in

147 3179 285 3240 manibus
303 3181 422 3241 habeat
435 3194 466 3240 et
482 3204 603 3264 magnas
631 3182 733 3264 copias
751 3183 828 3245 circa
846 3204 908 3257 se,
920 3203 1033 3241 nomen
1051 3182 1130 3263 pacis
1148 3181 1237 3240 nobis
1249 3179 1315 3238 oh-

67 3291 71 3301 *
100 3276 102 3279 ’
146 3262 220 3336 licit,
238 3264 336 3324 factis
343 3265 442 3324 belli
432 3287 496 3347 lpse
514 3267 625 3326 utitur:
647 3268 719 3346 quid
738 3267 890 3351 reliquum
910 3279 956 3326 est
974 3267 1063 3339 aliud,
1082 3277 1203 3348 praeter
1219 3264 1315 3323 ultio
1338 3284 1343 3288 ·

50 3389 68 3416 Α,
147 3343 242 3407 nem?
253 3349 396 3422 Quod
372 3372 398 3409 ιι
414 3351 552 3430 profiteri
569 3351 670 3441 uultis,
688 3364 723 3436 ut
740 3352 802 3424 ille,
819 3373 873 3411 ros
891 3373 995 3432 pacem
1013 3345 1118 3434 agere.
1136 3371 1199 3412 non
1216 3348 1313 3409 refra-

139 3432 217 3524 'gon
246 3433 279 3491 Sl
297 3433 363 3512 quis
382 3447 482 3494 autem
498 3457 566 3509 eam
584 3457 689 3527 pacem
708 3456 772 3500 ιιιι
790 3447 892 3516 putat,
919 3457 1081 3516 perquam
1100 3435 1168 3508 ille,
1187 3432 1315 3492 caeteris

146 3515 239 3608 captis
260 3516 432 3605 omnihus,
429 3533 533 3584 contra
551 3540 607 3584 nos
626 3533 771 3580 venturus
791 3533 850 3580 ιιι.
868 3519 893 3578 is
909 3520 1039 3600 primunr
1058 3519 1184 3578 insanit.
1177 3517 1315 3577 deinde

81 3605 129 3660 -73
147 3621 252 3695 pacem
269 3601 403 3688 vestram
417 3625 487 3684 erga
505 3604 621 3677 illum,
625 3625 702 3669 non
706 3605 787 3664 illius
807 3625 965 3687 ergarus,
985 3615 1208 3663 commemorat
1233 3601 1315 3667 Illud

92 3725 101 3733 -
145 3699 246 3746 autem
265 3700 320 3760 est,
339 3689 421 3766 quod
441 3680 579 3752 omnibus
599 3689 660 3748 suis
678 3688 888 3787 largitionibus
906 3646 1063 3769 Philippus
1081 3700 1249 3758 mercatur,
1268 3697 1315 3757 ut,

88 3782 90 3787 '
119 3787 122 3795 '
145 3771 297 3870 cumipse
317 3771 429 3831 bellum
447 3773 604 3835 vobiscum
622 3787 715 3855 gerat,
734 3766 851 3833 avohis
870 3772 952 3832 hello
970 3795 1033 3832 non
1052 3786 1226 3861 petatur
1195 3774 1314 3830 Verum'

84 3871 89 3877 '
144 3856 171 3915 si
183 3856 330 3961 tantisper
342 3857 559 3930 cunctabimur,
579 3857 649 3917 dnm
668 3878 700 3917 se
714 3858 873 3918 nobiscum
891 3857 1069 3956 belligerare
1088 3838 1232 3946 fateatur:
1251 3854 1313 3936 cri·

111 4015 113 4018 ,
144 3961 211 3999 mus
232 3957 367 4001 οιιιιιιιιιιι
385 3941 581 4004 stolidissimi}
619 3941 727 4022 Neque
735 3942 845 4050 enim,
863 3943 982 4006 tametsi
999 3939 1159 4006 Atticam
1150 3940 1245 4023 rpsa'nr
1263 3939 1313 3998 in

46 4074 51 4079 .
144 4024 255 4087 vaserit
280 4039 311 4085 et
328 4026 484 4102 Prraeum,
513 4025 572 4085 hoc
592 4026 682 4086 dicet:
719 4027 745 4086 sl
764 4049 799 4087 ex
816 4050 870 4100 ns,
889 4026 1015 4107 quaein
1034 4025 1108 4085 alios
1128 4025 1217 4097 fecit,
1237 4045 1313 4083 con-

85 4153 122 4182 μ
143 4108 258 4171 iectura
277 4111 420 4195 capienda
438 4113 491 4171 est
525 4109 602 4168 Nam
621 4123 652 4170 et
670 4109 869 4195 Olynthiis,
874 4132 942 4170 cum
962 4094 1159 4196 quadraginta
1178 4109 1215 4168 ab
1234 4109 1312 4168 urhe

143 4187 245 4256 stadiis
265 4197 398 4267 abesset,
425 4192 534 4266 edixit,
557 4191 735 4260 alterutrum
753 4195 819 4255 fieri
838 4208 995 4276 oportere,
1021 4196 1069 4261 vel
1089 4194 1237 4278 Olyntho
1248 4193 1310 4252 illis

28 4359 30 4362 y
141 4282 360 4364 excedendum,
378 4280 432 4341 vel
444 4279 503 4338 sihi
520 4273 704 4350 Macedonia.
729 4279 912 4362 Superiore
910 4293 1010 4342 autem
1028 4293 1177 4367 tempore,
1195 4279 1221 4340 si
1240 4276 1339 4358 quis

56 4403 66 4451 3
141 4388 171 4436 ιι
161 4360 248 4427 lale
266 4358 384 4446 aliquid
399 4362 517 4423 crimini
463 4363 637 4481 daret,
654 4357 897 4478 indignabatur,
911 4377 943 4428 et
959 4386 992 4426 se
1009 4384 1065 4446 per
1081 4365 1198 4447 legatos
1219 4383 1310 4424 excu-
