2746 4748
154 144 219 258 sto
263 249 266 255 .
340 148 381 271 j¹
426 144 809 260 unuosrnrnts
845 148 1066 277 orans.

153 378 268 430 omnes
281 357 381 439 legem
400 350 527 413 candem
544 351 669 425 tulisse,
695 373 764 413 cum
784 349 998 432 adscripserit,
1018 351 1088 432 lege
1107 348 1167 410 b'ac
1182 351 1317 411 utendum

156 465 240 519 esse,
263 439 433 524 publicanis
452 451 483 499 et
499 437 689 520 mancipibus
715 449 746 497 et
768 436 885 520 talium.
898 458 1002 496 rerum
1020 436 1228 516 sponsoribus
1247 458 1316 497 exce-

131 527 223 615 ”ptis
258 524 450 607 Quodsiqui
468 537 652 604 sunt,'quos
671 543 827 606 segregasse
855 543 918 582 non
936 522 995 581 iam
1013 523 1146 582 eandem
1165 522 1317 606 legemur-

155 616 217 678 listi
237 612 386 690 omnibus.
421 607 518 691 Atqui
536 630 594 669 nec
611 609 688 669 illud
699 610 809 669 'dicere
827 629 938 688 queas,
962 606 1044 667 inter
1061 628 1136 679 eos,
1154 609 1213 688 qui
1229 607 1316 674 rimu
1337 602 1342 609 ’

90 717 101 737 ·
154 702 191 763 lis
220 701 420 772 damnentur,
454 694 584 776 plurima
611 694 660 755 vel
688 695 816 757 maxima
844 714 910 754 esse
940 693 1050 753 delicta
1077 691 1326 774 publicanorum?

64 778 71 787 ¹
153 785 284 869 proinde
307 773 377 843 ilios
396 780 435 839 ab
453 781 509 841 bac
526 781 595 863 lege
614 780 697 841 sblos
716 779 844 841 excludi.
887 777 986 839 Multo
1005 779 1092 839 euim
1107 780 1316 860 profecto-na

154 873 200 956 gis
218 868 324 932 iniurii
342 858 509 947 sunt,”qui
525 865 682 947 publicum
698 863 825 946 aliquod
843 886 953 924 munus
971 864 1089 946 perfide
1108 864 1317 938 admidistmt',
1346 900 1348 905 ·

154 953 207 1043 aut'
223 966 365 1038 parentes
383 951 461 1012 male
478 964 625 1026 tractant,
638 958 641 962 ’
655 965 707 1019 aut
722 949 850 1033 pollutis
867 949 1008 1010 manibus
1026 948 1131 1011 iorum
1150 949 1320 1034 ingredire-
1338 956 1348 987 Ἴ

102 1060 104 1065 ·
153 1056 219 1104 tur:
232 1038 356 1121 'quibus
376 1036 517 1098 omnibus
534 1048 675 1120 receptae
693 1037 777 1119 leges
794 1035 914 1097 vincula
932 1035 1108 1110 minantur,
1126 1048 1183 1096 tua
1202 1035 1313 1118 impuri
1344 1044 1348 1057 '

134 1128 137 1133 ’
153 1140 247 1190 tatem
264 1125 399 1209 largitur.
434 1123 493 1183 Hic
510 1124 622 1184 iterum
640 1123 759 1204 prodis,
783 1122 966 1202 inquorum
983 1121 1112 1204 gratiam
1131 1143 1204 1182 cam
1222 1120 1319 1183 tulus·
1345 1111 1348 1149 ³

153 1213 248 1286 Nam,
275 1212 345 1291 quia
363 1208 490 1270 illinon
509 1208 557 1269 ob·
568 1209 762 1292 vectigalium
780 1207 1020 1279 redemtionem,
1048 1209 1106 1270 sed
1122 1208 1314 1288 exsspecdlatr,

152 1298 202 1359 rel
220 1297 324 1378 rapina
342 1295 446 1378 potius
464 1287 630 1376 pecuniae,
656 1293 787 1368 debent,
813 1293 854 1353 ob
872 1294 922 1367 id,
946 1293 1073 1374 opinor,
1099 1293 1261 1374 publicani
1274 1291 1314 1354 ubi

105 1416 110 1429 =
153 1398 243 1445 curae
261 1403 326 1442 nou
343 1372 476 1441 fuerunt.
520 1382 655 1460 Possunt
671 1382 827 1461 praeterea
845 1380 958 1441 multae
976 1378 1076 1451 bonae
1095 1379 1184 1461 leges
1201 1377 1311 1450 ostend

64 1529 76 1535 ,,
144 1468 265 1550 quibus
284 1466 425 1543 omnibns
443 1464 501 1525 ista
518 1466 700 1527 adversatur.
736 1465 797 1526 Sed
817 1483 892 1548 ego,
910 1465 937 1524 si
955 1465 992 1524 de
1011 1463 1160 1525 omuibus
1180 1465 1312 1547 disputare

94 1549 102 1562 '
152 1552 261 1628 velim,
287 1554 416 1612 fortasse
440 1551 587 1632 temporis
603 1550 759 1634 ,angustiis
786 1550 954 1627 excludar,¹
970 1571 1032 1629 quo
1057 1550 1165 1611 minus
1183 1551 1311 1622 indicem,

66 1691 72 1700 ,
152 1640 253 1722 legem
271 1658 336 1698 eam
353 1648 479 1718 prorsus
497 1657 562 1696 non
580 1657 645 1697 esse
663 1656 678 1695 e
696 1635 861 1717 republica.
879 1635 986 1695 Videri
1003 1648 1113 1708 autem
1125 1635 1312 1716 vobis‘arqre
1345 1648 1348 1665 ¹

152 1724 257 1804 iniqua
282 1721 437 1799 (lebussi
459 1720 515 1782 un'i
538 1722 684 1801 duntaxat
706 1735 898 1802 receptarum
923 1719 1027 1802 legum
1050 1714 1247 1796 adversetur.'
1263 1721 1303 1779 da-

153 1810 294 1870 ciendum
312 1807 408 1891 igitur
424 1806 556 1882 videtur,
573 1821 623 1882 ut,
642 1806 761 1868 omissis
778 1806 934 1882 aliis,‘ubi
952 1825 987 1865 ea
1003 1805 1145 1890 delego,
1165 1829 1254 1888 quau
1264 1806 1305 1867 ‘itte

141 1879 318 1978 ‘ipse‘prius
336 1892 424 1978 tulit,
452 1892 790 1967 dissemer0,‚tandem
815 1893 852 1953 ad
866 1891 959 1951 illam
985 1888 1194 1957 accusationis
1215 1905 1309 1975 partem

115 2044 120 2053 ,
151 1980 310 2050 accedam,
328 1999 387 2057 qua
406 1978 584 2051 ostendam,
602 1977 702 2061 legem
718 1977 827 2052 istam,
845 1977 872 2038 si
889 1977 1108 2052 confirmetur,
1127 2001 1247 2063 magnas
1261 1977 1310 2038 cla-

152 2067 206 2126 des
223 2063 410 2145 reipublicae
427 2062 592 2124 allaturam.
611 2065 726 2145 Legem
743 2061 839 2146 igitur
856 2053 987 2122 aliorum
1005 2062 1128 2146 legibus
1150 2062 1309 2127 maneriam

152 2148 337 2220 obtrusisse',
362 2145 421 2206 etsi
446 2146 585 2226 iniquum
610 2160 673 2222 est,
698 2147 792 2207 alium
819 2159 921 2207 tamen
946 2160 1158 2209 accusatorem
1181 2147 1308 2231 postulat:

119 2239 128 2257 ‘
152 2235 205 2295 sed
233 2233 295 2316 legi
319 2232 356 2291 ab
384 2231 452 2292 itto‘
471 2231 539 2313 ipso
564 2233 649 2316 prius
675 2233 752 2296 latae
778 2233 858 2294 ferre
883 2233 1084 2314 contrdriam,
1112 2234 1146 2295 id
1172 2255 1240 2295 rem
1261 2232 1312 2293 iam

151 2321 251 2400 ipsum
276 2331 482 2378 accusatorem
506 2318 555 2378 sui
580 2319 657 2380 facit
680 2319 795 2393 ¹Quod
818 2331 855 2379 ut
871 2318 939 2378 fieri
955 2318 1074 2395 sciatis,
1103 2320 1226 2402 legetur
1240 2317 1312 2380 robis

101 2466 106 2470 ,
150 2401 216 2487 ipsa
234 2405 302 2479 lex,
320 2416 411 2484 ,quam
429 2403 487 2464 iste
505 2403 594 2465 tulit:
612 2425 670 2487 ego
688 2400 765 2465 vcro
779 2403 898 2464 tacebo.
932 2404 1046 2465 Recita.
1065 2443 1090 2497 ⁴.

65 2528 158 2621 4⁵⁸„
685 2554 794 2599 neas„

236 2658 425 2719 Timocrates
458 2657 584 2730 retulit,
620 2659 796 2739 quicunque
831 2659 1067 2723 Atheniensium
1098 2683 1136 2723 ea
1160 2663 1311 2736 ‚delatione

150 2745 232 2828 apud
248 2758 387 2805 senatum
405 2757 459 2805 aut
475 2766 558 2804 nune
581 2743 613 2804 in
639 2766 757 2805 carcere
780 2745 870 2821 sunt,
895 2761 948 2808 aut
964 2761 1036 2828 post
1052 2768 1093 2808 eo
1112 2749 1312 2819 eoniieientu,

128 2868 131 2893 t
151 2851 283 2910 quorum
302 2829 454 2889 damnatio
473 2851 490 2889 a
506 2829 604 2889 scriba
622 2844 745 2890 senatus
759 2831 891 2901 Sexviris
911 2854 947 2892 ex
964 2833 1118 2895 delatoria·
1130 2834 1205 2918 lege
1222 2835 1310 2898 tradit!

150 2920 214 2975 uon
226 2913 329 2986 fuerit,
347 2912 467 2992 placere
479 2913 630 2991 Sexriris,
640 2916 871 2978 Undecimviros
884 2917 964 2978 intra
975 2919 1173 3000 trigesimum
1185 2922 1270 2993 diem,
1282 2940 1310 2978 ex

129 3005 133 3010 ’
150 3020 212 3077 quo
232 2998 414 3077 acceperint,
435 2997 468 3057 in
485 2997 639 3058 iudicium,
651 3000 857 3076 introducere,
875 3003 934 3072 nisi
951 2996 1075 3084 publice
1094 3006 1217 3087 aliquid
1232 3007 1307 3086 inpe-

76 3103 77 3106 ’
150 3078 256 3143 dierit:
275 3082 323 3142 sin
339 3083 452 3157 minus,
470 3104 539 3143 eum
557 3083 688 3163 primum
705 3085 737 3145 id
755 3087 822 3147 fieri
839 3089 983 3169 potuerit.
999 3089 1061 3151 Eos
1082 3112 1168 3155 verm
1180 3081 1309 3163 semusto,

150 3167 326 3248 quicunque
350 3167 588 3229 Atheniensium
612 3171 761 3246 voluerit,
787 3169 901 3258 qqibus
914 3174 953 3234 id
975 3170 1071 3236 tices*
1104 3162 1228 3253 Quodsi
1248 3197 1308 3239 con-

147 3252 246 3314 victus
270 3252 379 3312 fuerit:
406 3253 532 3314 Hcliaea
556 3255 641 3315 litem
666 3255 712 3316 illi
738 3258 890 3334 aestimet,
916 3260 1061 3340 quidnam
1089 3263 1141 3322 vel
1156 3264 1248 3325 tuere
1266 3259 1305 3320 rei

91 3406 97 3413 ἧ
148 3337 268 3401 solvere
287 3338 399 3398 debere
416 3339 561 3400 videatur.
605 3341 659 3401 Sin
679 3343 798 3408 ,mulcta
815 3336 990 3425 pecuniaria
1009 3345 1037 3405 ei
1055 3347 1140 3414 dicta
1157 3348 1253 3417 fueriti
1275 3343 1304 3402 in

130 3425 132 3429 ’
148 3421 276 3485 vinculis
294 3436 449 3498 teneatur,
468 3413 570 3505 quoad
588 3421 620 3501 id
639 3428 781 3502 solverit,
800 3430 906 3510 quanti
924 3416 1152 3496 condemnatus
1170 3426 1218 3499 est

58 3568 62 3593 Σ
119 3554 125 3558 .
233 3507 373 3582 Auditis,
397 3510 536 3571 Iudices?
567 3512 674 3572 Recita
691 3513 736 3572 eis
755 3513 815 3574 boc
834 3516 945 3576 denuo.

564 3631 566 3635 ⁸
677 3665 856 3716 nem,
1005 3643 1150 3679 '·'

89 3843 91 3846 Α
224 3760 287 3822 'Sin
313 3763 425 3823 mulcta
449 3763 623 3845 pecuniaria
649 3766 678 3828 ei
703 3767 783 3828 dicta
798 3767 916 3844 fuerit,
950 3770 986 3832 in
1010 3772 1145 3837 vinculis
1173 3787 1301 3842 tenum,

147 3848 248 3927 quoad
261 3846 407 3922 solverit,
693 3909 696 3914 ,
742 3868 745 3872 ’
848 3918 851 3923 ,
947 3917 949 3921 ,

148 3978 151 3981 .
231 3933 352 4004 Desine.
387 3934 534 3995 Possetne
562 3936 721 4018 quisquam
751 3939 812 3999 duo
840 3942 935 4024 magis
964 3946 1117 4008 contraria
1145 3949 1300 4015 decernere,

149 4034 237 4092 quam
256 4019 412 4081 damnatos
430 4021 581 4085 'tenendos
598 4023 631 4082 in
649 4024 794 4099 vinculis,
818 4026 916 4087 donec
935 4029 1081 4093 mulctam
1099 4033 1258 4095 solverint:
1277 4039 1299 4088 et

149 4100 287 4185 eosdem,
306 4104 542 4178 dunensibus,
561 4129 624 4168 non
644 4130 709 4170 esse
727 4109 928 4173 vinciendos?
946 4114 997 4176 sie
1013 4115 1113 4200 igitur
1130 4120 1297 4181 Timocrates

147 4196 266 4282 accusat
283 4187 495 4266 Timocratem,
513 4213 577 4274 uon
593 4192 760 4272 Diodorus,
780 4218 881 4278 neque
901 4200 1062 4282 quisquam
1081 4203 1159 4267 alius
1178 4217 1298 4268 nostum

145 4288 183 4365 sn·
196 4273 496 4368 tanta-multitudiue.
520 4276 552 4337 A
570 4278 680 4358 quibus
698 4295 800 4345 autem
818 4285 960 4347 sordibus
977 4299 1011 4349 et
1028 4278 1212 4374 corruptelis
1229 4285 1298 4352 vobit

146 4351 262 4412 alienus
280 4355 447 4436 videbitur,
461 4376 524 4424 aut
539 4364 615 4444 quid
632 4365 710 4426 lucri
727 4389 816 4431 causa
832 4391 899 4433 non
915 4360 1091 4452 subiturus,
1114 4377 1250 4458 quiipse
1263 4368 1298 4433 Ιί·
