2722 4754
340 166 896 312 ιοιιΜιιιΜΜΜΜ
923 198 965 213 ·’
1067 178 1069 182 '
1160 201 1328 303 uaff·

57 351 158 426 bitur,
187 374 305 431 quaes
328 376 415 414 causa
434 352 564 414 aliena
549 368 635 416 sunt:
651 376 724 435 per
741 320 842 418 lovem
861 336 1075 438 caeterosque
1072 360 1151 444 deos
1169 378 1271 420 vos

58 454 138 511 om
156 459 197 496 ne
212 440 385 521 patiamini,
410 440 491 514 sedf
482 463 528 499 ιιιι
547 462 649 500 meum
667 441 742 500 mihi
760 442 900 504 tribuatis
917 457 1044 524 propter
1060 465 1094 507 ea
1112 440 1226 518 omnia,

44 543 134 603 ,quae
154 523 234 584 dicta
252 538 345 598 sunt,
351 524 548 606 cogitantes,
555 517 652 584 multo
671 546 738 584 csse
755 527 874 608 iustius,
891 540 927 588 ut
940 528 1056 596 matris
1064 551 1149 591 meae
1160 531 1223 590 do-
1251 591 1257 599 ,

45 621 118 708 tem
137 607 212 667 mihi
230 610 267 668 ad
286 610 487 669 elocationem
505 610 585 669 filiae
604 631 688 669 meae
706 602 870 684 addicatis,
899 619 989 692 quam
1006 618 1044 674 ut
1058 615 1186 699 Plang'o
1193 628 1225 676 et
1262 615 1264 619 ’

49 692 142 766 isti,
149 706 270 774 praeter
287 707 421 793 caetera,
442 694 532 766 etiam
551 695 640 754 aedes
658 696 695 755 ad
715 697 817 757 dotem
837 707 968 758 exemtus
986 699 1076 761 nohis
1095 701 1224 801 eripiant
1271 709 1273 713 ’

56 790 162 840 contra
180 777 302 839 omnem
321 779 545 886 aequitatem.
571 826 587 847 ,N
632 849 634 852 y
733 804 737 808 -
879 784 895 815 ι

390 999 590 1010 »uma—ou·—

62 1101 285 1266 onhmo
315 1108 566 1260 “nonina
607 1141 1025 1270 ιιιιιιιᾹΜιιιο
1067 1136 1265 1261 Μοιιᾷ
1314 1200 1317 1206 -

431 1428 902 1586 ΜιιΜΜΜΜιΜΜ

58 1597 313 1726 polyeuctuss
285 1649 332 1687 ιιι
348 1627 562 1701 Atheniensis,
581 1628 706 1688 duarum
724 1628 855 1688 hliarum
872 1639 968 1708 pater,
985 1627 1137 1706 iuniorem
1144 1629 1228 1690 ¹-Leo
1240 1642 1251 1662 ⁸

58 1711 136 1772 crati
155 1712 286 1790 primurn
304 1714 365 1784 dat,
384 1714 494 1773 deinde
513 1713 661 1794 Spudiae:
672 1713 826 1780 maiorem
846 1713 884 1786 ei,
902 1712 954 1793 qui
973 1734 1041 1771 cum
1059 1704 1174 1797 Spudia
1191 1705 1228 1774 li
1282 1769 1287 1785 ,
1319 1773 1324 1787 ,

58 1797 157 1878 tigat
181 1795 227 1855 Ac
245 1797 430 1878 Polyeuctus
449 1798 572 1883 quidem
590 1797 730 1873 moritur,
746 1798 867 1857 filiabus
883 1797 988 1857 relicta
1007 1799 1175 1862 hereditate
1193 1821 1230 1859 ex

58 1902 185 1960 aequo.-
192 1882 325 1944 Μιίοιίι
344 1896 444 1942 autern
463 1884 587 1943 maritus
605 1884 656 1957 ait,
674 1883 933 1973 quadraginta
889 1883 949 1942 sibi
966 1883 1061 1951 minas
1076 1884 1146 1944 doti
1164 1906 1237 1986 esse¹

57 1967 174 2025 dictas:
203 1988 265 2025 non
283 1979 384 2027 tamen
403 1981 497 2029 totam
516 1967 615 2028 statim
634 1988 699 2027 esse
718 1980 923 2041 numeratam,
913 1950 999 2026 sed
1018 1969 1122 2045 decem
1140 1970 1231 2052 minis

56 2050 182 2130 rninps.
191 2051 410 2132 viventemque
428 2053 538 2111 laisum
558 2073 623 2111 esse
636 2054 848 2153 Polyeuctum,
864 2073 897 2116 se
910 2010 1024 2131 dehere
1042 2075 1101 2131 eas,
1120 2067 1151 2114 et
1164 2075 1231 2113 mo-

57 2135 194 2194 :iturum
212 2137 316 2194 aedes
327 2137 452 2214 reliquis
478 2137 567 2195 bonis
586 2157 749 2209 οιοιιιιιιε,
776 2158 886 2214 casque
904 2138 942 2195 ad
964 2137 1102 2196 debitum
1121 2136 1232 2198 dissol·
1317 2140 1324 2178 '-

59 2221 195 2280 vendum
215 2220 341 2283 dedisse.
375 2221 535 2282 Leocrates
554 2235 652 2283 autem
672 2221 821 2300 postulat,
839 2233 875 2281 ut
893 2233 924 2280 et
941 2220 1006 2292 ha'e
999 2222 1078 2281 sint
1095 2243 1232 2295 eommu-

52 2324 135 2376 ms,
153 2317 189 2362 ut
207 2316 323 2363 caetera
343 2306 451 2363 omnia.
486 2305 568 2362 Haec
585 2305 742 2385 potissima
761 2319 807 2369 est
825 2304 1031 2366 controversia
1049 2303 1149 2367 totius
1164 2316 1232 2369 ora'-
1292 2351 1294 2354 -

60 2388 165 2448 tionis
185 2370 370 2449 Criminatur
388 2390 477 2448 etiam
496 2390 569 2448 aliis
578 2391 617 2449 d’e
635 2371 892 2471 rcbusSpudiam
898 2390 964 2459 hit
980 2390 1072 2464 enim,
1090 2413 1159 2452 eum
1177 2416 1232 2474 pe·
1306 2395 1316 2475 Ἰ

63 2473 201 2546 cuniam,
228 2496 317 2553 quarn
337 2487 368 2533 et
392 2487 517 2554 propter
533 2475 737 2558 Polycuctum
759 2489 789 2535 et
806 2475 900 2535 liliam
915 2467 989 2535 natu
1014 2475 1160 2558 maiorem
1179 2480 1232 2539 de·
1246 2495 1249 2498 ’
1277 2493 1279 2500 ’
1330 2480 1337 2490 ’

50 2559 157 2632 beat,
163 2580 226 2617 non
244 2559 436 2639 protulisse
426 2582 458 2618 ιιι
477 2560 626 2619 medium:
646 2561 728 2640 quod
743 2561 853 2623 suetum
865 2561 1066 2643 oportuisset.
1078 2540 1162 2621 Cum
1179 2584 1232 2624 ve·

65 2666 101 2704 ro
113 2643 242 2724 Spudias
261 2644 336 2704 illud
351 2666 474 2723 quoque
494 2645 588 2722 dicat,
601 2666 632 2703 se
645 2645 768 2726 triginta
787 2646 882 2706 minas
901 2646 967 2711 doti
985 2647 1150 2727 accepisse:
1168 2651 1233 2708 ina-

41 2729 144 2806 ,nime
170 2728 293 2808 quidem
312 2729 482 2812 ΡοΙΜιιιιιο
500 2729 530 2789 id
557 2731 656 2789 lacere
684 2730 805 2789 licuisse
831 2731 922 2803 dicit,
946 2753 973 2790 ιι
964 2730 1079 2793 alteri
1102 2733 1233 2794 filiarum

68 2813 212 2873 maiorem
230 2815 334 2872 dotem
353 2815 422 2873 dare
442 2814 592 2887 voluerit,
601 2828 632 2873 ct
646 2835 708 2874 non
722 2837 824 2894 parem
842 2816 980 2916 utrique:
999 2816 1110 2876 deinde
1129 2831 1233 2877 osterr—
1266 2824 1270 2833 ’
1318 2826 1320 2830 ’

61 2884 129 2970 dit,
154 2898 244 2958 etiam
262 2899 339 2958 illud
363 2899 440 2958 salso
466 2920 599 2958 asserere
616 2900 778 2984 Spudiam,
806 2900 858 2979 qui
874 2901 999 2983 triginta
1021 2901 1118 2963 minas
1135 2902 1180 2962 in
1186 2924 1234 2965 ar-

43 2995 161 3064 -gento
180 2984 367 3063 acceperit,
357 2984 476 3044 decem
501 2983 625 3044 veroin
650 2997 734 3045 veste
754 2998 785 3045 et
801 3007 895 3082 auro,
919 3006 996 3066 quae
1022 2987 1118 3091 pluris
1143 2987 1232 3048 etiam
1280 3020 1290 3065 '.
1319 2998 1325 3006 “

67 3068 145 3142 siut,
157 3091 247 3148 quam
266 3070 371 3161 decem
389 3068 563 3129 minarum.
631 3074 635 3122 ἶ

124 3266 205 3314 Ι..

68 3348 206 3458 Sorores
225 3398 371 3460 hahemus
389 3419 515 3472 uxores,
534 3420 593 3481 ego
612 3410 643 3459 et
659 3370 957 3480 Spudias,1udices,
972 3401 1135 3489 Polyeucti
1152 3376 1236 3465 filias.
1260 3411 1321 3470 145

43 3484 132 3561 *Qui
151 3506 219 3544 cum
238 3483 449 3547 virilissexus
465 3483 569 3555 liberis
590 3484 697 3544 orbus
701 3484 828 3559 obierit,
853 3488 949 3568 cogor
967 3508 1040 3547 curn
1052 3487 1113 3547 isto
1131 3490 1183 3555 de'
1188 3511 1236 3555 re
1277 3500 1280 3506 '
1332 3511 1334 3518 ·

69 3569 147 3633 lictis
162 3569 257 3629 honis
275 3568 402 3650 litigare.
438 3569 625 3644 Quodnisi,
632 3568 790 3643 ludices,-
796 3592 886 3639 omne
905 3570 1039 3633 studium
1058 3585 1090 3634 et
1107 3571 1238 3658 diligen·

69 3656 140 3717 tiam
160 3654 386 3727 adhibuissem,
411 3666 446 3715 ut
463 3676 512 3716 res
530 3655 769 3737 transigeretur,
783 3664 842 3717 nee
857 3654 961 3716 amieis
978 3677 1043 3720 rem
1062 3659 1238 3760 permittere
1324 3659 1328 3665 ’

50 3739 250 3810 ¹voluissem:
276 3740 356 3819 ipse
353 3761 414 3801 me
442 3747 629 3826 accusarem,
655 3739 680 3799 si
706 3740 878 3802 maluissem
904 3740 1008 3812 litibus
1036 3755 1066 3803 et
1086 3736 1240 3809 molestiis
1267 3753 1270 3759 '

68 3824 258 3897 conflictari,
269 3847 365 3905 quam
380 3847 514 3905 parvam
521 3816 666 3910 iacturam
683 3825 772 3885 ferre
806 3826 916 3898 Nunc,
931 3847 1047 3910 quo„
1012 3848 1048 3886 eo
1051 3829 1190 3890 omitius
1208 3842 1240 3901 et

69 3911 233 3972 humanius
252 3933 320 3969 cum
338 3909 398 3972 isto
411 3910 598 4011 agebam,
585 3928 623 3968 eo
642 3902 736 3992 magis
754 3910 791 3971 ab
807 3933 854 3973 eo
872 3912 1096 3975 contemnebar.
1131 3912 1160 3973 N
1162 3936 1241 3995 eque
1269 3974 1273 3979 .
1303 3956 1312 3964 -

71 4019 129 4080 ego
149 3995 289 4076 prolecto
309 4016 391 4054 nunc
408 3996 461 4074 ita,
478 4008 517 4057 ut
530 3995 599 4072 iste,
618 4015 701 4076 erga
706 3995 765 4056 hoc
777 3995 930 4057 iudicium
947 3997 1080 4058 allectus
1090 4021 1169 4091 sum,
1185 4000 1241 4097 qui
1268 4066 1272 4079 ..

72 4082 196 4181 quidem
211 4102 279 4141 eam
297 4102 361 4140 rem
387 4080 1082 4185 parvtfseit,.saepesolitus1n·oonspeetum
1100 4074 1242 4149 restruit
1276 4106 1287 4136 ²

72 4167 192 4232 venire:
211 4184 269 4249 ego
287 4185 361 4230 veru
379 4166 538 4251 idipsum
543 4178 661 4238 metuo,
680 4188 718 4226 ne
732 4180 858 4248 propter
874 4167 1063 4248 imperitiam
1072 4166 1158 4235 vohis
1171 4190 1258 4232 ιοιιι·

41 4286 43 4291 v
74 4253 230 4334 explicare
240 4272 398 4332 nequeam.
430 4252 491 4320 Sed
510 4263 625 4324 tamen,
644 4245 785 4327 lddiees,
789 4251 1025 4313 animadvertite
1054 4252 1242 4358 Polyeuctus

41 4402 43 4408 k
74 4338 204 4422 quidam
216 4336 383 4399 Triasiuss
380 4337 445 4411 uit,
472 4356 563 4453 quem
587 4337 715 4398 fortasse
742 4356 800 4397 nec
824 4349 957 4399 vestrum
975 4337 1074 4421 aliqui
1093 4340 1244 4427 ignorant.

772 4441 778 4450 .
901 4426 1125 4524 Ν,
