2722 4754
1147 60 1158 71 ι

1170 93 1173 96 .
1216 78 1243 114 ‘q'
1265 80 1272 97 Ι

410 157 421 189 ’“
431 158 807 256 ιιιίοιιοιιι
1176 152 1237 260 ιιι

69 365 94 404 ιι
84 306 164 407 ille
182 345 307 406 boni
276 347 345 422 vrri,
363 347 491 408 hicnon
509 314 612 427 pusilli
630 348 669 410 sit
686 349 819 427 facturus
839 284 980 410 officium
1006 351 1083 413 Nam
1101 373 1234 415 comme·
1284 382 1291 395 ι

40 450 186 509 morare
204 443 235 490 et
248 431 362 512 dicere,
380 454 456 513 quae
473 432 538 512 ipse
556 431 752 507 benefeceris,
770 454 882 512 parum
893 434 978 495 abest
994 435 1035 495 ab
1050 426 1234 531 exprobratu·
1276 415 1284 439 l

74 514 120 575 db.
136 514 246 575 Nihil
236 516 333 598 igitur
344 518 404 579 tale
423 517 617 592 committam,
634 539 735 618 neque
748 538 784 578 eo
792 519 1062 619 progrediarased
1080 544 1232 617 quaecun-
1299 518 1302 523 ’

78 621 134 691 que
149 613 273 682 propter
290 601 365 662 haec
391 603 429 662 de
446 622 494 661 me
511 602 553 662 sit
557 602 764 688 existimatio,
791 608 827 662 ea‘
843 626 910 662 sum
930 617 1099 668 contentus.
1123 606 1234 675 Lubet

80 694 188 760 annm,
211 680 336 766 privatis
353 686 491 769 omissis,
509 709 611 767 pauca
620 689 709 748 etiam
727 689 804 769 apud
824 708 878 747 vos
897 683 997 749 dicere
1016 690 1053 752 de
1070 692 1260 786 republica.1

83 773 205 873 Siquem
223 776 321 851 potes,
338 770 509 845 Aeschine,
519 794 572 851 qur
563 772 646 832 sub
661 772 720 833 hoc
737 773 802 832 sole
820 784 901 846 suut,
918 756 1032 834 referre
1043 772 1233 861 mortalium,

85 878 131 940 qm
121 855 303 917 indemnis
300 868 340 916 et
358 877 462 937 expers
485 855 558 915 olim
575 856 725 938 Philippi,
742 880 823 919 nuuc
841 850 1006 919 Alexindri
1022 851 1115 921 suerit
1133 863 1231 923 domi-

48 956 53 969 *
86 946 171 1017 utus,
186 941 246 1001 sive
260 940 500 1014 Graecorum,
476 961 548 1001 srve‘
543 942 772 1003 barbarorum:
779 955 870 1042 ιιιιο,ο
881 943 1022 1026 concedo
1038 944 1106 1018 tibi,
1124 960 1231 1023 meam,

72 1029 140 1090 'aire
154 1028 300 1088 fomunam
318 1026 381 1086 sive
399 1025 600 1109 infortunium
618 1029 775 1089 nominare
792 1027 903 1102 mavis,
928 1028 1065 1088 omnium
1082 1032 1231 1092 malorum
1252 1028 1322 1090 202¹

58 1110 166 1175 fuisse
188 1132 325 1171 causam
354 1111 387 1171 Si
404 1130 476 1170 vero
496 1101 619 1186 eorum,
656 1107 709 1193 qui
727 1135 774 1172 me
793 1133 894 1192 neque
920 1114 1062 1184 viderunt
1086 1112 1247 1205 uuquam,
1294 1094 1299 1125 :

91 1218 172 1280 neque
192 1206 296 1256 vocem
324 1218 435 1256 meam
450 1194 668 1271 audiverunt,
681 1198 771 1257 multi
788 1199 889 1258 multa
920 1199 1025 1258 acerba
1058 1212 1129 1260 sunt
1161 1222 1230 1282 per
1287 1246 1289 1253 ι

92 1301 242 1383 pess1,non
258 1280 376 1341 modo
372 1280 503 1380 viritim,
525 1283 577 1344 sed
597 1295 627 1342 et
645 1294 727 1343 totae
745 1282 837 1343 urbes
856 1295 887 1342 et
904 1295 1025 1364 gentes.
1051 1297 1164 1363 quanto
1185 1299 1241 1347 est
1299 1294 1302 1299 ’

94 1367 195 1452 aequius
210 1376 241 1424 et
256 1365 376 1439 verius,
394 1365 545 1440 omnium,
563 1380 598 1428 nt
615 1389 669 1447 par
687 1380 747 1442 est,
766 1366 939 1428 mortalium
957 1389 1149 1447 communem
1166 1370 1278 1430 for-¹¹

96 1468 185 1526 aunan,
199 1461 227 1510 et
244 1449 392 1530 impetum
409 1451 560 1530 quendam
577 1472 679 1527 rerum
692 1460 817 1535 'gravem
833 1464 864 1512 et
878 1452 979 1526 alium,
997 1474 1086 1554 quam
1105 1468 1228 1535 oporte·
1267 1487 1275 1497 =¹
1293 1440 1311 1458 χ

94 1539 142 1612 hat,
156 1536 253 1596 horum
266 1552 390 1595 causam
409 1523 601 1597 existimare-f
625 1536 745 1611 Quibus
763 1550 796 1598 tu
813 1536 939 1598 omissis
948 1558 1007 1610 me,
1027 1539 1151 1640 quitali
1168 1546 1273 1600 ιιι-

93 1638 120 1685 ιι
130 1642 214 1682 terum
228 1642 309 1702 gessa
300 1620 566 1723 rempublicam,
566 1621 750 1695 criminaris:
767 1623 860 1702 idque
874 1645 942 1683 cum
961 1623 1058 1698 scias,
1063 1625 1165 1693 sinon
1179 1639 1229 1685 ιο-

39 1778 41 1785 ,
60 1750 63 1755 -
92 1722 156 1780 tun,
169 1717 278 1804 partem
295 1706 399 1767 saltem
419 1705 548 1768 convicii
566 1707 729 1767 convenire
747 1708 779 1766 in
799 1727 920 1781 omnes,
939 1721 978 1771 ,et
995 1708 1076 1768 inte
1094 1710 1229 1777 maxime.
1281 1712 1286 1717 ’

45 1826 52 1839 =
92 1791 186 1855 Natnsi
202 1800 257 1873 ego
276 1812 339 1872 pro
351 1812 398 1850 me
416 1792 502 1850 firma
520 1792 700 1853 auctoritate
727 1793 957 1879 deliberassem.
986 1793 1122 1853 licuisset
1139 1785 1231 1854 vobis'
1272 1816 1276 1823 ¹

92 1875 192 1939 caeteris
208 1876 388 1935 oratoribus
402 1899 450 1936 me
470 1876 628 1939 criminari
663 1876 748 1945 At
723 1899 749 1937 ιι
768 1891 799 1939 et
816 1874 848 1936 in
867 1877 1066 1952 concionibus
1086 1878 1227 1938 omnihus
1252 1942 1264 1948 „

85 1957 185 2043 semper
199 1960 346 2035 adfuistis,
365 1974 401 2023 et
408 1961 539 2042 publice,
558 1962 631 2042 quid
650 1963 825 2042 expediret,
835 1946 1062 2021 deliberandum
1076 1961 1227 2044 respubli-

45 2076 53 2087 ·
80 2045 288 2129 supraposuit,
308 2059 424 2106 etcum
444 2045 584 2106 omnibus
603 2047 668 2106 tum
686 2066 759 2106 vero
785 2047 843 2107 tibi
860 2044 947 2105 vel
927 2046 1053 2105 maxime
1072 2067 1106 2106 ea
1125 2067 1190 2107 esse
1209 2057 1230 2106 e

91 2130 260 2215 republica
232 2153 294 2191 visa
312 2136 383 2193 sunt
400 2127 515 2214 (neque
535 2131 614 2191 enim
634 2154 670 2192 ex
693 2130 906 2192 benevolentia
924 2130 999 2191 mihi
1024 2132 1225 2191 concessisses

92 2241 154 2300 spen
169 2229 196 2276 et
217 2216 444 2276 admirationem
471 2230 501 2276 et
527 2216 682 2316 honores,
706 2224 782 2296 quae
809 2216 910 2277 omnia
927 2228 993 2276 tum
1016 2216 1199 2276 suberant”
1178 2238 1225 2289 ns,

50 2368 54 2377 ¹
90 2323 239 2384 quaeanm
256 2301 437 2383 agebantur:
463 2303 516 2361 sed
533 2303 611 2361 veris
630 2303 726 2361 victus
745 2301 904 2373 nimirum,
924 2314 955 2360 et
972 2310 1028 2375 eo',
1046 2303 1129 2381 quod
1148 2302 1223 2367 nihil

88 2401 183 2471 poteras
200 2386 298 2446 dicere
315 2383 455 2469 melius):
483 2407 586 2446 nonne
605 2386 733 2447 iniurius
752 2400 834 2448 eset
850 2386 992 2466 iniquus,
1019 2386 1072 2465 qui
1091 2408 1224 2447 eauunc
1257 2406 1261 2420 ³
1285 2415 1288 2421 ·
1308 2411 1325 2428 -·

66 2518 69 2523 -
88 2486 197 2545 accuses,
211 2472 319 2551 quibus
332 2485 398 2544 tum
411 2492 474 2532 non
486 2485 606 2552 poteras
621 2470 720 2533 dicere
733 2472 879 2532 meliora?
897 2471 944 2530 Ac
956 2472 1036 2563 apud
1052 2471 1128 2530 alios
1140 2492 1223 2531 mor-

46 2552 49 2561 ’
89 2559 150 2619 tales
164 2573 256 2617 omnes
275 2557 415 2616 distincta
434 2570 464 2616 et
483 2556 619 2616 ordinata
638 2558 862 2638 quodammodo
880 2557 949 2616 falia
969 2577 1035 2616 esse
1052 2556 1150 2616 video
1173 2557 1223 2634 ln,

87 2644 176 2703 iuriam
186 2642 254 2703 facit
271 2642 378 2720 aliquis
392 2641 533 2702 ultrof'
524 2665 598 2702 tram
617 2655 647 2702 et
665 2664 798 2743 poenam
812 2641 901 2702 subit
935 2642 1075 2701 Peccavit
1091 2620 1224 2701 invitusl

88 2729 150 2789 loco
163 2748 262 2809 poenae
280 2728 367 2787 venia
372 2740 509 2827 parata„
506 2739 557 2786 est.
571 2721 609 2785 Si
628 2729 695 2806 quis
714 2747 771 2787 nec
788 2720 930 2786 iniuriam
947 2726 1030 2798 facit,
1048 2747 1105 2785 nec
1125 2723 1223 2784 d‘elin
1273 2732 1281 2745 ⁸
1309 2766 1314 2773 -

87 2814 153 2893 quit,
167 2815 221 2889 sed,
235 2834 301 2873 cum
320 2833 352 2872 se
370 2825 469 2871 totum
488 2812 524 2871 iis
541 2810 632 2871 rebus
639 2811 826 2891 tradiderit,
845 2831 922 2893 quae
941 2809 1082 2877 omnibus
1100 2809 1240 2890 profore.

87 2898 246 2971 videbantur,
263 2918 404 2958 successu
424 2897 521 2957 caruit
538 2919 606 2958 cum
624 2897 801 2967 universis.
813 2919 879 2957 non
895 2915 1024 2997 aequum
1041 2898 1089 2955 est
1103 2893 1155 2955 rllr
1168 2912 1223 2991 op·
1270 2912 1281 2942 ‘-
1316 2954 1319 2969 ,

85 2980 213 3065 probrare,
229 3003 302 3057 non,
321 2982 456 3043 convicia
468 2970 585 3057 dicere,
604 2983 703 3044 sed
674 3005 770 3044 vicem
790 2982 855 3044 eius
874 2982 988 3041 dolere
1008 2972 1130 3060 Neque
1149 2979 1238 3039 haec‘

39 3110 41 3117 ·
85 3068 145 3145 solis
159 3068 266 3151 legibus
284 3068 446 3141 contineri,
470 3070 550 3130 sed'
541 3092 635 3168 ipsam
653 3082 790 3129 naturam
808 3060 955 3128 institutis
974 3070 1038 3125 nou
1055 3064 1174 3145 scriptis
1193 3075 1224 3123 et

85 3154 196 3216 motibus
212 3154 350 3215 humanis
369 3155 500 3235 sarmisse
519 3154 698 3214 invenietur
732 3152 929 3214 Aeschines
919 3151 1014 3234 rg'itur
1029 3170 1127 3229 usque
1146 3149 1222 3208 adeo
1307 3210 1311 3214 ,

84 3239 198 3300 homines
219 3240 378 3326 universos
402 3228 525 3321 superat
549 3241 728 3301 erudelitate
753 3253 784 3299 et
807 3236 1021 3305 calumniandi
1032 3235 1167 3306 studio,
1177 3246 1240 3306 ιιι·

83 3346 191 3416 quorum
206 3325 270 3406 ipse
287 3339 323 3386 ut
340 3325 579 3391 infortuniorum
592 3322 745 3425 meminit,
763 3325 853 3385 etiam
857 3323 922 3382 illa
937 3321 1015 3381 mihi
1032 3319 1151 3379 crimini
1142 3318 1221 3377 ⁸-de

75 3402 155 3485 terti,
169 3424 196 3470 et
211 3426 330 3491 praeter
347 3425 479 3484 caetera,
497 3425 640 3492 tanquam
657 3412 721 3491 ipse
739 3409 932 3490 simpliciter
934 3421 977 3467 et
983 3428 1019 3465 ex
1035 3402 1221 3483 benevolen-

83 3495 121 3555 tia
134 3497 267 3557 orationes
287 3519 392 3556 omnes
410 3496 582 3570 habuisset,
607 3497 705 3557 caveri
722 3516 770 3554 me
790 3507 819 3554 et
847 3491 1026 3553 observari
1017 3490 1154 3569 iusserit,
1182 3508 1221 3547 ne

59 3630 62 3635 .
80 3580 164 3667 fucum
178 3580 282 3642 faciam
300 3602 376 3642 neve
394 3584 565 3656 seducam,
578 3593 779 3642 veteratorem
799 3592 829 3640 et
846 3576 1123 3679 praestigiatorem
1125 3587 1156 3633 et
1172 3594 1220 3632 ra-

78 3650 162 3727 bulam
178 3680 207 3728 et
225 3668 290 3727 aliis
309 3667 459 3727 eiusmodi
483 3655 659 3728 nominibus
685 3666 856 3765 appellans:
882 3662 971 3744 quasi
984 3674 1075 3734 vero,
1098 3660 1124 3719 si
1143 3659 1221 3739 quis,

46 3795 50 3799 -
78 3750 194 3851 quibus
186 3760 249 3834 rpsc
269 3765 315 3812 est
341 3753 507 3824 obnoxius,
534 3753 619 3833 prior
643 3750 708 3811 aliis
732 3749 908 3832 impegerit,
937 3769 972 3808 ea
988 3746 1032 3806 sic
1055 3740 1221 3805 adhaesura

70 3837 135 3911 tint,
149 3858 243 3919 neque
262 3836 415 3898 auditores
434 3837 595 3932 quicquam
612 3837 739 3923 amplius
757 3831 994 3906 consideraturi,
1012 3831 1150 3911 quisnam
1168 3827 1220 3887 ille
1262 3862 1280 3887 ι

74 3921 129 4003 ipse
141 3923 185 3998 sit,
203 3923 307 4017 quiea
320 3922 436 3983 dixerit.
452 3922 520 4005 Ego
533 3943 604 3982 vero
620 3922 694 3995 scio,
712 3921 834 3982 istum
816 3919 902 3980 vohis
917 3930 1026 3979 notum
1039 3935 1115 4015 esse·
1121 3912 1219 3974 omni-

72 4006 137 4082 bus,
151 4030 262 4089 vosque
280 4008 403 4081 sentire,
420 4007 452 4068 in
471 4008 569 4070 istum
582 4029 616 4067 ea
633 4007 740 4077 cadere
758 4005 855 4066 multo
873 4003 982 4102 magis,
997 4023 1086 4081 quam
1104 3998 1137 4059 in
1155 4018 1220 4058 me:

58 4093 135 4175 ¹quin
148 4109 176 4157 et
185 4095 269 4155 rllnd
276 4093 346 4153 satis
361 4093 435 4167 scio,
452 4115 548 4154 meam
564 4091 769 4174 eloquentiam
781 4128 822 4142 -
824 4080 915 4174 (esth
927 4087 1021 4147 enim.
1029 4104 1219 4181 quamquam

57 4177 157 4254 video,
174 4192 327 4243 oratorum
345 4177 515 4239 facultatem
535 4179 660 4239 maxima
679 4199 715 4237 ex
728 4190 813 4258 parte
832 4177 864 4235 in
862 4184 1060 4264 potestate
1049 4191 1117 4231 esse
1121 4164 1218 4229 audi
1242 4182 1303 4239 203

67 4276 173 4363 tpmm·
189 4279 225 4327 ut
241 4264 323 4326 enim
338 4285 394 4325 vos
412 4264 546 4345 accipitis
562 4277 593 4325 et
608 4262 820 4324 benevolentia
833 4278 972 4340 quosque
989 4240 1236 4339 prosequimini,
1293 4294 1305 4322 ,ι

67 4348 105 4413 sic
121 4334 157 4415 de
179 4332 339 4434 prudentia
363 4349 506 4427 oratoris
516 4346 554 4410 tit
575 4345 736 4429 iudicium)
762 4347 815 4409 sed
833 4357 869 4406 ut
882 4343 925 4448 sit
948 4342 1053 4424 aliqua
1072 4354 1103 4402 et
1120 4340 1152 4402 iu
1171 4360 1219 4401 me
