2722 4754
241 256 259 273 .,
327 212 394 274 an
430 211 656 305 animem
692 208 991 271 serstorum.
1026 300 1034 325 Ι
1070 238 1072 242 ⁷
1203 214 1242 272 7⁵

79 354 129 437 ¹liis
147 370 282 440 interest,
308 386 369 428 nec
396 367 589 429 occasionem
615 364 790 448 negligens,
816 386 873 425 nce
900 363 972 425 anni
996 364 1094 425 ullum
1121 378 1241 446 ternpus

94 453 324 545 praetermittens:
369 470 428 513 nos
454 474 526 515 vero
560 452 632 537 (nec
656 451 738 511 enim
764 450 959 511 dissimulabo
986 449 1159 532 veritatem)
1192 451 1241 510 hic

96 545 172 608 otiose
187 532 582 610 desidemus,‘cunctantes
600 558 721 619 semper
738 546 769 595 et
787 536 986 596 decernentes
1005 549 1036 596 et
1053 537 1241 598 sciscitantes

97 628 207 697 iniero,
230 622 384 703 numquid
407 623 480 683 novi
505 624 639 685 dicatur?
665 622 707 683 At
732 614 806 700 quid
829 621 925 702 magis
949 643 1063 681 novum
1088 636 1179 702 queat
1203 643 1240 681 eo

62 776 65 781 .
100 714 165 787 tut,
183 709 263 789 quod
288 708 417 767 Macedo
445 709 614 768 contemnit
636 707 861 779 Athenienses,
891 717 922 766 et
950 705 1009 765 illis
1036 707 1111 767 tales
1138 708 1240 769 literas

107 803 191 864 mittat
205 812 269 853 non
289 793 424 867 dubitat,
443 793 545 872 quales
563 794 655 875 paulo
673 806 743 853 ante
762 788 940 852 audivistis?
953 791 1004 850 ·Et
1022 791 1046 852 is
1067 793 1189 870 quidem
1208 793 1240 851 in
1288 818 1296 825 ·

108 884 225 971 procinctu
249 877 344 938 habet
368 881 571 938 mercenarios
594 879 721 952 milites,
744 891 835 958 atque
860 877 956 949 adeo,
980 896 1029 935 me
1053 877 1120 939 dius
1138 879 1241 951 fidius,

106 982 242 1033 rumorum
261 975 419 1023 oratorum
438 966 601 1044 quosdam,
630 955 699 1044 qui,
727 964 799 1024 dum
818 961 995 1043 largitiones
1013 962 1095 1021 illius
1115 963 1239 1021 domum

103 1052 235 1134 recipiunt,
259 1067 325 1107 uon
344 1048 529 1111 erubescunt
545 1049 687 1139 l'hilippo
706 1049 822 1122 vivere,
846 1068 903 1107 nec
921 1047 1181 1120 animadvertunt,
1206 1068 1239 1107 se

102 1132 333 1215 etrempublicam
356 1154 479 1196 omnem
505 1148 536 1195 et
558 1157 625 1195 suas
650 1133 779 1216 privatas
803 1153 876 1215 opes
901 1132 1010 1214 exiguo
1033 1131 1145 1192 lucello
1165 1153 1238 1191 ven-

101 1221 232 1285 duellos
248 1237 323 1277 vero
341 1240 443 1299 neque
461 1219 536 1279 ullas
553 1221 582 1280 ei
597 1219 917 1291 turbasconcitamus‚
934 1239 992 1277 nec
1005 1218 1132 1277 militem
1149 1237 1237 1298 pere-

97 1308 196 1392 grinum
216 1303 292 1381 alere
319 1303 477 1380 volumus,
511 1326 568 1365 nec
589 1305 648 1386 ipsi
671 1305 800 1366 militare
825 1305 978 1364 audemus.
1022 1303 1156 1362 Proinde
1180 1303 1237 1363 mi·
1264 1346 1269 1353 .

27 1440 29 1448 r
98 1394 163 1454 nime
181 1390 302 1462 mirum,
329 1408 399 1465 eum
422 1391 579 1473 superiore
604 1391 686 1451 bello
711 1388 903 1462 conditione,
930 1410 1020 1468 quam
1044 1410 1117 1459 nos,
1143 1387 1236 1448 luisse

97 1477 204 1539 meliore.
243 1474 314 1533 Hoc
330 1475 445 1557 potius
460 1476 630 1536 mirandum
655 1476 751 1550 foret,
776 1475 901 1546 sinos,
929 1475 981 1554 qui
1005 1473 1082 1534 nihil
1100 1474 1237 1548 facimus,

97 1561 158 1643 quod
173 1557 317 1619 bellantes
336 1561 440 1636 decet,
467 1556 640 1642 putaremus
659 1581 728 1620 eum
746 1574 958 1641 superaturos,
983 1560 1036 1640 qui
1055 1559 1131 1619 nihil
1149 1581 1236 1640 prae-

94 1643 222 1716 termittit,
239 1640 333 1723 'quod
360 1647 398 1706 ad
422 1645 579 1707 victoriam
602 1647 764 1727 parandam
788 1645 967 1727 requiratur.
1018 1644 1237 1720 Quamobrem,
1330 1694 1333 1699 ,

93 1728 288 1801 Athenienses,
316 1727 391 1790 baec
409 1731 515 1792 animis
534 1733 687 1813 infigenda
705 1743 792 1805 sunt,
817 1744 849 1791 et
866 1730 1081 1813 cogitandum,
1110 1750 1148 1790 ne
1168 1731 1235 1808 qui-

92 1817 140 1877 dem
156 1813 186 1873 in
203 1826 303 1873 vestra
321 1835 387 1875 esse
405 1837 511 1889 manu,
539 1831 574 1877 ut
592 1817 714 1888 dicatis,
739 1831 793 1876 vos
811 1837 916 1897 pacem
934 1836 1031 1897 agere.
1075 1819 1135 1875 lam
1155 1816 1236 1873 enim
1265 1846 1268 1853 ,
1301 1816 1306 1829 '

89 1901 126 1958 ille
147 1910 177 1957 et
199 1897 314 1958 bellum
340 1900 450 1975 indixit
472 1914 503 1960 et
519 1923 552 1961 re
571 1903 635 1983 ipse
653 1901 764 1960 intulit.
804 1902 940 1960 Proinde
960 1922 1041 1959 nunc
1059 1920 1164 1978 neque·
1178 1922 1234 1979 pu-

87 1983 154 2043 blicis
170 2003 271 2065 neque
289 1985 412 2064 privatis
432 1986 541 2066 opibus
561 2001 606 2047 est
623 1985 823 2067 parcendum:
852 1986 905 2044 sed
925 1992 1047 2058 omnes,
1071 2007 1139 2044 cum
1156 1990 1234 2043 tem-

82 2089 128 2150 pus
142 2068 315 2148 postularit,
333 2071 481 2151 promptis
499 2072 607 2130 animis
622 2071 752 2132 militare
771 2070 884 2131 debent
903 2082 933 2128 et
950 2070 1129 2139 melioribus
1147 2070 1234 2128 duci-

81 2154 128 2212 bus
143 2151 201 2226 uti,
228 2154 317 2233 quam
336 2154 429 2236 prius.
471 2156 569 2217 Nemo
596 2157 675 2216 enim
700 2169 833 2216 vestrum
857 2157 889 2216 in
914 2176 947 2214 ea
973 2177 1038 2214 esse
1058 2155 1149 2215 debet
1167 2154 1234 2234 opi-

36 2292 45 2301 .
79 2238 178 2310 uione,
201 2239 265 2311 nti,
288 2259 344 2320 per
360 2241 537 2320 quosfelire
556 2242 741 2322 reipublicae
765 2255 858 2301 status
876 2240 1072 2300 labefactatus
1092 2254 1153 2313 est,
1178 2260 1235 2320 per

79 2324 190 2383 eosdem
213 2324 245 2383 in
269 2324 424 2407 integrum
450 2326 550 2386 omnia
574 2327 694 2387 restitui
721 2340 751 2386 et
774 2327 899 2385 meliora
924 2332 1014 2407 poqs'e
1040 2326 1106 2385 lieri
1130 2337 1233 2407 putet:

76 2427 167 2486 neque
184 2411 380 2489 sperandum,
403 2411 464 2471 nisi
481 2425 614 2472 veterem
632 2413 781 2494 ignaviam
799 2424 927 2471 vestram
946 2411 1131 2483 abieceritis,
1156 2410 1231 2469 alios
1257 2409 1315 2466 101
1341 2450 1343 2455 .

27 2498 34 2607 ἰ·
73 2512 125 2572 pro
143 2493 234 2554 salute
252 2507 283 2555 et
294 2495 509 2557 incolumitate
527 2511 625 2558 vestra
643 2511 766 2558 strenue
786 2497 987 2558 dimicaturos.
1009 2520 1012 2525 ·
1032 2493 1231 2556 Considerate

27 2616 30 2645 ;
72 2576 186 2656 potius,
214 2601 301 2658 qnam
325 2592 416 2661 turpe
440 2582 495 2655 sit,
523 2604 616 2661 quum
643 2583 772 2643 maiores
798 2582 891 2645 vestri
916 2581 1028 2642 multos
1054 2581 1173 2641 labores
1201 2593 1232 2640 et

27 2716 33 2727 ,
71 2682 174 2743 magna
189 2664 319 2743 pericula
335 2666 486 2727 Laconico
506 2667 587 2729 bello
606 2668 826 2741 sustinuerint,
840 2674 904 2727 'vos
923 2687 980 2726 nec
997 2687 1052 2746 pro
1072 2667 1134 2740 his,
1154 2687 1236 2746 quae¹

27 2826 31 2837 Ι
71 2744 118 2807 illi
149 2747 212 2807 iure
240 2762 319 2828 parta
346 2751 437 2819 uobis
470 2752 679 2832 reliquerunt,
715 2752 914 2812 defendendis
946 2750 1069 2814 fortiter
1095 2771 1231 2832 pugnare

71 2831 163 2890 velle:
181 2854 270 2911 quum
283 2834 339 2894 iste
354 2856 371 2896 e
386 2837 565 2897 Macedonia
583 2830 729 2898 oriundus
746 2839 821 2897 adeo
839 2836 956 2895 nullum
973 2839 1093 2894 recuset
1108 2835 1229 2914 pericu-

72 2915 146 2988 lum,
164 2929 208 2989 ut,
225 2919 295 2977 dum
312 2942 368 3002 pro
387 2922 599 3002 amplificando
618 2923 745 3003 imperio
765 2943 834 2982 eum
851 2920 992 2980 hostibus
1012 2920 1144 2994 dimicat,
1162 2933 1230 2979 toto
1307 2944 1316 2967 ν

29 3020 51 3049 ·-
73 3021 193 3081 corpore
210 3002 250 3060 sit
266 3007 748 3080 conmlneratus:‚Athenienses,
767 3006 876 3087 quibus
894 3004 1025 3085 patrium
1045 3019 1106 3078 est,
1124 3008 1229 3086 parere
1245 3004 1260 3015 '⁶

73 3087 178 3146 nemini
196 3107 362 3170 omnesque
380 3093 469 3152 armis
489 3093 627 3168 vincere,
655 3093 711 3152 hos
730 3093 852 3152 demum
871 3091 910 3150 ob
929 3089 1089 3150 mollitiem
1108 3101 1228 3150 autso-

74 3170 196 3230 cordiam
213 3193 261 3232 res
286 3189 386 3258 gestas
411 3200 428 3239 a
451 3178 616 3238 maioribus
636 3179 819 3238 dedecorare
837 3190 867 3236 et
885 3175 998 3256 patriae
1018 3175 1123 3235 deesse
1144 3175 1228 3236 utili-

63 3257 128 3316 'tati
167 3256 211 3317 Ne
228 3279 300 3320 vero
319 3260 456 3344 prolixus
474 3263 547 3336 sim,
575 3264 710 3335 affirmo,
737 3283 794 3322 nos
819 3281 926 3323 omnes
943 3260 980 3319 ad
994 3260 1115 3337 'bellum
1131 3260 1228 3340 parari

73 3355 210 3421 oportere
221 3357 252 3404 et
267 3346 405 3427 reliquos
425 3346 560 3409 Graecos
584 3350 622 3408 ad
643 3349 812 3408 coe'undam
829 3346 989 3407 nobiscum
1007 3338 1081 3405 b‘elli
1099 3346 1227 3406 societa-

48 3501 51 3505 .
71 3437 129 3485 tem
143 3449 317 3505 convocare,
334 3453 398 3493 non
414 3435 506 3493 modo
523 3433 704 3506 vertisset
720 3432 809 3517 etiam
824 3433 931 3513 reipsa.
948 3431 1025 3490 Nam
1043 3453 1111 3490 cum
1128 3430 1227 3490 omnis

27 3572 37 3591 ο
72 3512 163 3571 oratio
179 3513 271 3575 inanis
292 3530 358 3588 est,
382 3518 442 3577 nisi
459 3539 507 3578 res
525 3519 589 3601 ipsa
608 3532 827 3599 consequatur:
854 3531 920 3577 tum
937 3537 1010 3575 vero
1028 3516 1141 3576 nostris
1159 3536 1227 3574 ver-

71 3596 111 3656 bis
128 3609 205 3658 tanto
222 3601 326 3662 minus
345 3601 475 3662 habetur
491 3604 580 3678 fidei,
616 3618 729 3684 quanto
748 3605 785 3666 ad
804 3603 967 3664 dicendum
983 3601 1110 3681 reliquis
1130 3600 1227 3660 Grae·

72 3681 107 3742 eis
124 3684 323 3764 expeditiores
342 3684 496 3748 habemur.

292 3849 304 3859 ·
362 3839 601 3915 swnnae
643 3840 920 3905 animare.

137 3942 239 4016 Quum
258 3962 355 4023 saepe
373 3942 489 4025 legatos
509 3964 543 4004 ea
558 3946 596 4004 de
612 3966 698 4005 eausa
716 3945 859 4018 miserim,
876 3956 912 4004 ut
928 3942 1023 4026 pactis
1043 3919 1229 4004 ed‘convem

66 4022 95 4082 tis
109 4037 264 4102 staremus,
283 4028 383 4106 idque
401 4048 455 4089 vos
472 4029 549 4088 nihil
567 4030 708 4090 moverit:
727 4030 957 4113 significandum
975 4028 1061 4089 vobis
1082 4045 1148 4086 esse
1168 4028 1223 4085 du·
1258 4060 1262 4065 .
1311 4066 1314 4074 ·

64 4107 213 4190 11⁸‚quibus
232 4115 273 4174 in
286 4113 385 4172 rebus
396 4112 541 4174 'iniuriam
560 4116 635 4175 mihi
652 4116 718 4176 fieri
736 4115 911 4176 existimem.
934 4115 980 4173 Ne
998 4133 1071 4172 vero
1089 4111 1224 4171 miremi-

27 4240 29 4247 ·
63 4193 86 4252 nl
105 4198 249 4276 epistolae
283 4197 510 4278 prolixitatem:
546 4201 616 4279 quia
642 4201 722 4260 enim
748 4201 860 4262 multae
884 4198 1092 4276 conquerendi
1118 4215 1223 4256 causae

60 4293 120 4354 suut,
136 4294 344 4344 neeesse-est
363 4303 469 4343 omnes
488 4287 645 4369 perspicue
663 4287 810 4368 explicari.
844 4284 890 4344 Ac
907 4282 1053 4363 primum,
1070 4281 1157 4341 Nicia
1174 4299 1222 4338 ca·
1245 4347 1248 4353 ‚
1283 4316 1296 4343 ,-

56 4363 230 4431 ductatores
248 4388 327 4428 mea
346 4370 464 4431 ditione
481 4372 616 4455 abrepto,
634 4386 750 4436 tantum
768 4373 861 4443 abest,
879 4381 913 4428 ut
928 4381 1032 4428 sontes
1048 4363 1222 4425 multaveri-
