2722 4754
1211 48 1219 74 4

168 196 189 245 .·
241 221 247 285 -5
419 144 686 274 tuve-‘usus
721 148 918 291 motam.
1123 198 1137 252 .“
1184 202 1247 293 arr
1292 236 1300 269 ,-

68 343 160 431 rins,
183 345 261 404 albus
279 340 376 408 serius
394 346 517 406 domum
535 347 712 421 revertitur,
738 348 820 423 nulla
837 369 871 409 re
889 346 1055 422 sollicitus,
1076 367 1181 430 neque
1198 369 1257 409 reae
1307 373 1313 377 ·

69 440 239 510 spectans,
264 444 318 491 ant
341 443 477 492 metuens
501 431 682 515 quiequam,
706 431 769 492 sive
787 434 900 495 amicus
918 432 994 509 sibi,
1019 432 1084 494 sive
1106 432 1247 495 iuimicus
1281 464 1288 471 ·

70 510 202 574 obviam
220 515 443 595 detur,-neqne
461 536 566 597 porro,
583 529 687 577 utrum
704 525 831 600 magnus
849 541 887 579 an
905 540 1029 598 parvus,
1046 517 1190 580 robustus
1209 539 1248 579 an

72 597 259 675 imbecillis,
285 619 386 680 neque
410 600 542 683 denique
567 602 626 662 tale
650 601 822 682 'quicquam
858 599 922 663 Cur
944 625 1016 665 vero
1041 604 1151 676 istuc?
1167 603 1274 679 Quia.

73 683 139 744 hoc
163 684 264 744 auimo
289 706 346 745 suo
370 685 473 759 novit,
498 687 557 749 hoc
580 686 649 747 fidit
673 701 764 767 atque
790 688 885 748 iretu's
905 701 951 749 est
975 689 1148 769 republica,
1173 711 1205 748 se
1229 709 1246 749 a
1270 694 1321 753 37:

74 769 203 829 nemine
220 767 420 844 trahendum,
448 784 501 832 aut
518 771 747 853 exagitandum,
775 786 828 833 aut
843 771 1064 832 verberandum
1083 794 1156 835 esse.
1198 773 1248 834 ad
1274 821 1278 826 .

76 875 171 934 quam
190 848 285 938 igitur
300 855 496 916 securitatem
513 856 563 918 itis
581 855 656 937 ipsi,
675 878 738 916 non
754 858 839 938 prius
858 877 892 917 ea
910 857 986 916 mihi
1004 857 1179 927 confirmata
1196 880 1246 918 va-

76 938 180 1021 detis?
208 939 277 1014 Qua
301 960 354 1020 spe
378 940 473 1022 igitur
495 953 547 1000 aut
565 942 788 1022 exspectatione
805 943 876 1002 talia
894 957 1070 1023 perpessum
1088 963 1247 1022 superesse
1287 944 1290 949 ’

74 1044 112 1084 ac
131 1020 232 1084 riiere
251 1024 425 1106 oportebit,
445 1025 569 1099 sinque
587 1047 641 1087 vos
659 1027 907 1111 nenegligetis?
930 1027 989 1100 At,
1008 1025 1148 1100 hercule,
1167 1026 1248 1087 dicet

74 1107 200 1189 aliquis,
218 1108 303 1169 hono
321 1109 427 1190 animo
443 1110 587 1172 es:.nihil
606 1111 737 1177 enimin
755 1127 913 1200 posterum
930 1112 991 1172 tale
1008 1111 1067 1170 tibi
1084 1111 1144 1171 suet
1164 1111 1247 1186 Quid
1295 1126 1316 1139 ·“

76 1214 170 1268 vero,
196 1193 222 1252 si
247 1194 433 1256 lietlssTum
449 1195 638 1269 irascemini,
665 1219 733 1272 cum
759 1198 862 1279 aequis
887 1196 994 1258 animis
1020 1197 1102 1257 nunc
1123 1195 1249 1273 feratis?

76 1275 298 1361 Nequaquam,
314 1279 534 1352 Athenienses:
562 1303 602 1342 ue
621 1283 777 1346 destituite
795 1303 896 1362 neque
915 1296 978 1355 mer,
996 1276 1096 1361 neque
1114 1278 1248 1341 vosmet-¹

80 1364 180 1448 ipsos,
196 1386 299 1445 neque
317 1364 408 1448 leges.
425 1365 502 1425 Nam
520 1367 596 1426 illud
614 1367 712 1448 ipsum
731 1368 757 1427 si
775 1368 966 1430 considerare
985 1378 1015 1426 et
1032 1366 1175 1448 indagare
1193 1385 1247 1425 vo*

11 1446 14 1451 ’
81 1449 162 1529 letis,
175 1470 269 1531 quare
289 1451 342 1531 qui
361 1470 377 1509 e
394 1450 496 1525 vobis,
514 1451 576 1511 suis
596 1452 709 1532 quique
727 1453 934 1534 temporibus,
952 1451 1000 1510 ius
1018 1450 1128 1524 dicitis,
1146 1471 1247 1510 sacro·
1301 1447 1305 1485 ³

32 1540 42 1558 ⁸
76 1533 174 1595 sancti
191 1535 270 1609 sint,
297 1548 328 1595 et
347 1556 452 1597 omues
471 1536 551 1597 cives
570 1537 601 1595 in
620 1549 673 1597 sua
691 1538 845 1618 potestate
861 1536 1008 1609 habeant,
1033 1537 1095 1597 sive
1113 1533 1249 1610 ducenti,
1278 1536 1281 1540 ’

74 1619 141 1701 sive
159 1618 252 1694 mille,
270 1619 335 1682 sive
355 1634 553 1701 quotcunque
579 1622 694 1685 iudices
713 1623 837 1704 publice
854 1623 915 1683 sint
934 1620 1059 1683 delecti:
1078 1621 1248 1703 reperiet-is,
1267 1633 1270 1637 ’

74 1725 143 1766 non
161 1698 231 1765 ideo
247 1705 326 1780 fieri,
344 1706 432 1786 quod,
446 1706 504 1767 soli
522 1728 558 1766 ex
575 1707 701 1788 reliquis
720 1709 808 1768 armis
828 1708 970 1791 insignes.
982 1719 1013 1767 et
1027 1707 1178 1780 instructi,
1195 1715 1249 1766 aut

75 1788 258 1872 corporibus
277 1790 448 1852 lectissimis
468 1805 499 1852 et
516 1790 728 1861 valentissimis
747 1793 876 1875 praediti
893 1793 954 1853 sint
972 1792 1104 1871 ihdicps,
1127 1800 1247 1852 autae-

76 1887 144 1957 tate
159 1869 383 1950 florentissimi,
400 1877 531 1938 aut'ulla
548 1899 581 1936 re
601 1878 733 1958 denique
753 1879 860 1938 simili:
885 1878 939 1938 ‘scd
958 1878 1039 1956 quod
1058 1870 1252 1960 legibusve)

73 1959 171 2021 leant
199 1960 315 2044 Legum
333 1974 433 2023 autem
452 1962 547 2022 visin
565 1983 627 2044 quo
647 1963 712 2023 cst?
730 1965 839 2023 Utrum
858 1963 965 2034 ineo,
984 1960 1009 2020 si
1022 1961 1095 2040 ,quis
1114 1959 1247 2037 vestrum
1272 2006 1277 2015 .
1296 2010 1297 2015 ,

73 2045 204 2106 allectus
228 2046 349 2107 iniuriis
376 2047 565 2121 exclamarit,
591 2048 734 2128 uteipsae
760 2060 917 2108 accurrant
943 2060 973 2106 et
998 2046 1167 2126 praeseutia
1184 2065 1248 2120 ‘sua
1312 2088 1315 2096 s

73 2128 288 2212 opitulentur?
312 2131 390 2191 Nou.
424 2132 542 2192 Literac
562 2131 642 2193 enim
661 2145 782 2194 suntet
800 2133 946 2213 scriptura
966 2143 1122 2209 constant,
1137 2149 1247 2216 'neque

46 2237 49 2241 ·
74 2215 135 2278 hoc
151 2216 254 2276 facere
272 2229 409 2297 possunt
453 2218 487 2276 ln
506 2238 568 2299 quo
587 2218 682 2300 igitur
700 2231 801 2276 earum
821 2220 864 2277 vis
884 2217 949 2276 est?
980 2216 1084 2275 Slvos
1105 2236 1153 2274 eas
1173 2224 1247 2274 coh·

71 2298 241 2373 firmahetis
260 2313 292 2361 et
301 2296 429 2382 semper
439 2314 524 2362 ratas
543 2302 723 2362 exhibebitis
743 2303 884 2362 omnibus
906 2301 1008 2361 earum
1028 2321 1117 2380 opem
1136 2298 1247 2380 implo-

69 2384 221 2447 rantibus.
257 2388 301 2446 lta
325 2400 356 2448 et
373 2387 456 2469 leges
480 2408 537 2468 per
558 2394 612 2448 vos
631 2388 735 2449 firmae
753 2401 839 2459 sunt,
866 2399 897 2446 et
913 2407 968 2447 vos
986 2386 1150 2467 perleges.
1181 2384 1247 2444 Hae

26 2514 32 2521 -
70 2461 171 2554 igitur
188 2471 231 2531 ita
249 2484 320 2532 sunt
337 2472 563 2546 defendendae,
580 2485 616 2532 ut
633 2494 665 2532 se
684 2472 783 2554 ipsum
801 2472 1013 2551 unusquisque
1033 2469 1192 2541 defensum,
1209 2467 1247 2528 ab
1310 2470 1318 2481 ¹

64 2554 187 2616 iniuria
202 2556 311 2618 vellet:
329 2556 493 2640 legumque
511 2557 690 2617 violationes
709 2557 862 2639 pertinere
880 2558 917 2617 ad
935 2576 1040 2616 omnes
1054 2567 1126 2615 surrt
1144 2551 1245 2612 existi·
1278 2611 1282 2623 ,
1317 2592 1321 2599 -

70 2641 220 2715 maudae,
242 2641 274 2702 in
293 2656 478 2722 quocunque
496 2642 778 2722 deprehendantur:
804 2663 905 2721 neque
925 2640 1007 2700 obita
1025 2660 1168 2711 munera,
1191 2657 1246 2696 ne-

74 2746 139 2806 que
156 2726 248 2786 homo
266 2727 366 2800 ullus,
392 2748 492 2806 neque
517 2727 661 2787 calliditas
683 2722 746 2786 nlla
770 2726 967 2806 reperiri‘aut
985 2724 1145 2805 quicquam
1164 2722 1259 2790 aliud,

74 2809 182 2884 debet,
199 2812 282 2891 quod
300 2811 403 2893 legum
421 2811 600 2872 violatorem
619 2834 635 2870 a
655 2811 758 2871 dandis
775 2810 885 2891 ‘poenis
906 2810 1019 2890 eripiat
1037 2808 1100 2883 Qui
1114 2804 1246 2866 Baccha·

70 2895 198 2955 nalibus
214 2895 247 2955 in
264 2894 416 2956 theatrum
434 2895 657 2979 ingredientem
675 2895 822 2957 videbatis
841 2895 943 2968 istum,
964 2891 1176 2964 exsibilabatis,
1196 2909 1246 2949 cx-

70 2979 267 3055 clamabatis,
286 2981 386 3041 omnia
405 2981 555 3062 denique,
574 3001 650 3061 quac
669 2981 733 3040 odii
750 2982 835 3064 signa
853 2992 933 3054 sunt,
951 2977 1121 3045 faciebatis:
1141 2996 1245 3054 quam*

71 3064 121 3141 ‘vis
148 3063 226 3125 nihil
250 3065 348 3126 adhuc
374 3087 390 3126 e
413 3087 463 3143 ,me
490 3067 527 3127 de
547 3086 583 3125 eo
602 3065 769 3125 audissetis.
811 3063 991 3144 Priusquam
1016 3062 1111 3146 igitur
1134 3061 1246 3119 factum

74 3163 311 3232 coargueretur,
330 3149 556 3233 irascebamini,
573 3151 688 3211 laesum
707 3151 744 3210 ad
759 3149 902 3210 iniuriam
920 3148 1123 3209 ulciscendam
1141 3145 1246 3204 hortas

72 3234 207 3308 bamini,
227 3232 477 3317 'applaudebatis',
504 3258 572 3297 cum
598 3257 667 3296 eum
691 3236 770 3315 apud
794 3234 941 3316 populum
967 3233 1132 3313 deferrem:
1160 3241 1245 3310 post-

74 3335 169 3400 quam
184 3341 259 3380 vero
276 3320 431 3382 convictus
449 3333 506 3394 est,
525 3335 564 3394 et,
583 3312 728 3382 consessu
746 3319 853 3400 populi
871 3319 903 3378 in
920 3317 1034 3399 templo
1051 3316 1141 3389 iacto,
1159 3333 1246 3403 prae-

1 3429 3 3435 ’
75 3398 192 3465 indicio
204 3404 386 3480 damnatus,
412 3419 444 3466 et
461 3406 518 3467 alia
536 3405 642 3466 nefarii
653 3405 748 3464 'istius
765 3403 898 3464 facinora
917 3404 1042 3483 insuper
1059 3396 1132 3460 sunt
1148 3399 1180 3485 in
1198 3398 1246 3458 ln-

78 3509 145 3550 cem
161 3490 325 3570 producta,
362 3504 393 3550 et
409 3511 463 3550 ros
482 3504 564 3552 sorte
583 3489 783 3565 adjudicium
799 3489 874 3555 estis
893 3487 1020 3560 delecti,
1056 3484 1136 3545 etin
1154 3489 1247 3542 maun
1287 3561 1289 3564 Α

8 3628 17 3635 .
75 3586 174 3635 vestra
188 3588 246 3647 est,
264 3587 300 3634 nt
315 3575 382 3634 solo
400 3576 548 3659 suffragio
565 3574 730 3636 conficiatis
748 3573 863 3633 omnia:
880 3595 961 3633 nunc
978 3568 1154 3631 dubitabitis
1171 3564 1246 3626 mihi

73 3659 237 3740 opitulari,
255 3660 372 3742 populo
390 3660 566 3744 gratificari,
585 3674 719 3741 caeteros
737 3657 938 3741 modestiores
955 3658 1054 3743 lacere
1073 3666 1104 3714 et
1121 3653 1153 3713 id
1171 3673 1246 3751 con·
1289 3678 1304 3696 s

74 3744 180 3825 sequi,
200 3758 238 3805 ut
256 3745 463 3827 inposterum
481 3746 538 3828 ipsi
558 3759 638 3807 extra
658 3766 780 3805 omnem
797 3743 926 3826 periculi
943 3755 1058 3802 metum
1076 3757 1181 3803 secure
1200 3757 1246 3796 vr.

73 3830 165 3905 vatis,
186 3830 273 3890 edito
292 3830 324 3890 in
342 3831 434 3891 istum
454 3831 609 3914 exemplo,
628 3852 689 3912 quo
708 3829 819 3910 reliqui
837 3827 1035 3890 moveantur?
1053 3827 1157 3903 ltaque
1177 3840 1245 3882 eum

20 3919 43 3935 ”
71 3919 203 3999 propter
221 3916 325 3975 omnia
343 3938 433 3997 supra
451 3917 545 3991 dicta,
563 3929 627 3976 tum
647 3936 719 3976 vero
738 3900 864 3975 maxime
882 3909 1007 3996 propter
1021 3912 1141 3980 Deum,
1159 3905 1250 3973 cuiue

70 3998 142 4069 ἴσως
156 4001 274 4061 festum
300 4000 417 4062 nefario
441 4002 556 4063 scelere
580 4000 708 4085 polluit,
735 4011 836 4060 sancta
860 4012 897 4061 et.
916 4000 994 4059 iusta
1017 3991 1169 4055 sententia
1186 3991 1244 4052 lata

15 4125 19 4129 ·
72 4076 164 4149 istum
184 4087 398 4148 condemnate.
487 4155 491 4159 ,
