2722 4754
405 151 700 283 nnv'nnsus
737 164 929 253 hisrau
973 152 989 207 ³
1204 177 1293 259 ιιι·

80 358 175 409 tores
195 343 310 418 bores,
334 359 366 406 et
384 326 597 427 cumaiugutis
617 346 702 407 binas
720 344 846 404 buculas
864 318 1013 405 offerenti
1035 344 1155 405 Dionae
1173 363 1267 424 porro

82 429 206 490 bouem
226 444 258 492 et
275 430 347 490 alias
366 431 515 505 victimas,
546 444 577 491 et
594 448 711 491 aeream
729 451 880 504 mensam,
908 442 1000 511 atque
1018 430 1144 512 insuper
1157 422 1193 489 id
1212 428 1267 488 do-

81 515 232 590 narium,
251 516 484 599 quodpopulus
500 514 737 577 Atheniensium
755 515 912 575 dedicavit
1025 598 1028 603 Ι

405 712 409 721 ,
589 667 887 737 ιιιιιιιαι,

183 769 263 831 lo'vis
281 769 362 830 lilius
377 765 528 831 Dodonae
546 769 706 854 significat,
722 769 843 837 Baccho
860 770 1002 852 populari
1012 770 1172 833 uictimam
1187 771 1267 832 inte·
1322 782 1325 786 '

86 876 180 941 gram
198 855 431 930 immolandam,
447 869 488 917 .et
514 855 893 931 craterem'mitcendums,
917 869 949 917 et
965 856 1075 916 choros
1096 857 1281 917 ducendoss.
1344 910 1346 917 .

87 940 235 1023 Apollini
253 941 402 1001 malorum
418 938 576 1021 depulsori
590 942 784 1018 mactandum
804 942 930 1018 bovem,
958 962 1088 1002 coronas
1107 940 1266 1022 gestandas

88 1040 157 1087 tana
182 1026 278 1086 servis
301 1048 393 1106 quam
418 1026 577 1108 ingenuis,
611 1039 644 1101 et
667 1026 895 1101 misericordiae
920 1027 1070 1088 rationem
1096 1025 1266 1085 habendam

58 1130 63 1139 ·
88 1132 159 1173 uno
177 1111 247 1184 die,
264 1111 413 1193 opulento
423 1112 497 1172 lovi
515 1113 625 1172 bovem
643 1112 745 1173 album
763 1112 990 1175 immolandum.
1295 1160 1303 1167 .

155 1232 160 1239 ·
182 1196 277 1269 Sunt,
303 1195 526 1272 hahenienses,
553 1211 583 1256 et
607 1197 681 1258 haec
704 1210 736 1258 et
756 1198 825 1258 alia·
841 1199 935 1259 multa
954 1199 991 1258 'in
1013 1197 1091 1261 urbe
1114 1194 1266 1277 praeclara

92 1278 238 1353 oracula.
259 1281 464 1366 Qnid'igitur
486 1283 557 1342 iude
579 1282 667 1343 vobis
692 1283 899 1364 colligendum
924 1284 990 1344 est?
1013 1280 1267 1348 Hocnimirumz

64 1404 72 1409 -
93 1364 216 1451 reliqua
229 1387 314 1427 sacra
332 1366 409 1441 diis,—
431 1369 485 1448 qui
498 1369 535 1427 -in
551 1366 682 1450 singulis
700 1368 834 1428 oraculis
848 1367 1028 1429 nominatim
1047 1366 1267 1448 exprimuntur,

96 1454 169 1515 lieri
183 1452 448 1519 iubentr'rchoreas
466 1467 566 1514 antem
586 1454 713 1527 ducere,
729 1453 894 1535 patrioque
910 1455 973 1515 ritu
990 1465 1109 1536 gestare
1128 1445 1268 1533 coronas,

93 1537 222 1618 reliquis
236 1537 380 1599 omnibus
392 1538 659 1599 vaticinationibus
673 1551 815 1619 tanquam
829 1540 1027 1621 appendicem
1041 1538 1164 1598 addunt
1183 1532 1267 1597 cto-

90 1644 148 1684 ros
159 1622 260 1707 :igitui
275 1630 403 1697 omnes,
429 1624 483 1706 qui
500 1622 718 1698 conveniunt,
731 1637 762 1684 et
778 1646 835 1684 uos
853 1626 967 1685 aediles
986 1635 1104 1685 constat
1122 1623 1181 1683 illis
1201 1621 1267 1681 dia-

93 1708 173 1784 bus,
191 1707 299 1790 quibus
319 1711 355 1770 ad
375 1710 481 1770 ludum
500 1709 715 1782 convenimus,
731 1730 767 1769 ex
784 1710 867 1770 hisce
886 1710 1015 1771 oraculis
1034 1729 1092 1790 pro
1108 1706 1195 1770 uobis
1215 1727 1266 1767 or-

91 1793 319 1855 nari-caronis:
355 1817 412 1856 nec
431 1796 531 1856 minus
551 1816 635 1868 enm,
649 1795 716 1874 qui
733 1809 905 1876 postremus
925 1796 1078 1868 omnium,
1105 1815 1195 1874 quarn
1213 1789 1268 1872 qui

94 1880 202 1940 vietor-
217 1876 405 1940 est‘fntnrus.
436 1882 633 1957 inuutem,
651 1893 735 1961 parta
752 1881 812 1941 iarn
829 1881 965 1954 victoria,
984 1881 1140 1952 sacrificat,
1157 1879 1183 1938 is
1200 1891 1268 1939 tum
1293 1914 1296 1918 -

92 1965 223 2024 demum
238 1984 298 2046 -pro
324 1985 391 2025 sese
417 1970 588 2028 coronatur.
632 1965 695 2040 Qui
719 1966 814 2048 igitur
836 1966 869 2025 in
891 1966 1024 2046 aliquem
1050 1986 1067 2025 c
1095 1962 1189 2024 choro
1215 1973 1267 2021 aut

90 2049 227 2121 aedilem
253 2049 333 2110 odio.
345 2050 520 2132 impellente
539 2054 685 2132 impetum
703 2051 792 2125 facit,
809 2050 842 2111 in
860 2051 927 2130 ipso
947 2050 1111 2113 certamine
1128 2068 1267 2130 praeser-

41 2210 47 2219 ι
89 2134 149 2197 tim
169 2146 202 2194 et
217 2135 278 2197 Dei
293 2136 423 2216 templo,
437 2159 547 2213 eumne
564 2137 647 2197 aliud
666 2144 756 2216 quam
771 2136 899 2197 violasse
913 2136 1096 2218 religionem
1109 2130 1267 2209 dicemus?

93 2219 174 2279 lllud
199 2220 290 2280 etiam
313 2222 413 2294 scitis,
438 2245 522 2295 vos,
536 2244 717 2302 quamquam
735 2222 850 2294 velitis,
875 2242 915 2281 ne
940 2222 1006 2301 quis
1031 2219 1209 2303 peregrinus
1234 2216 1267 2277 in

91 2316 257 2377 certamm
268 2308 450 2382 descendat,-
468 2309 597 2369 omnino
622 2321 725 2367 tamen
750 2307 895 2367 aedilium
919 2307 996 2366 nulli
1016 2305 1206 2388 permisisse,
1232 2313 1268 2362 ut

89 2388 213 2451 actores
232 2391 271 2450 ad
289 2392 482 2474 magistratus
500 2394 605 2474 rapiat,
625 2413 740 2472 eosque
758 2391 916 2473 dispiciat:
932 2390 987 2465 sed
1005 2391 1038 2451 si·
1049 2391 1159 2464 citarit,
1177 2388 1267 2468 quin-.

90 2476 261 2561 quaginta,
293 2476 342 2536 sin
359 2478 625 2552 sedere.iusserit,
658 2477 742 2537 mille
761 2477 1132 2538 drachmarummulctam
1149 2474 1268 2535 solvere
1291 2479 1346 2535 331

59 2590 75 2599 -·
90 2561 230 2622 iussisse.
254 2558 320 2622 Cur
336 2565 494 2625 verni-Ne
512 2575 693 2624 coronatum
710 2562 843 2642 aliquem
852 2566 893 2623 ,et
910 2562 1001 2622 sacris
1020 2575 1196 2644 operantem
1213 2558 1268 2619 illo

41 2696 45 2700 .
63 2664 72 2671 ·
92 2646 152 2706 die·
165 2659 265 2721 vocet,
275 2647 460 2727 molestiave
479 2664 532 2710 aut
549 2647 733 2710 contumelia
751 2649 862 2711 afficiat
878 2648 1040 2728 quisquam
1057 2649 1094 2708 de
1113 2643 1270 2726 industria.

94 2733 128 2790 is
146 2732 250 2815 igitur,
268 2734 322 2812 qui
340 2734 388 2793 uel
406 2747 542 2796 actorem
560 2734 671 2806 citarit,
688 2734 756 2815 lege
775 2732 926 2792 indemnis
946 2733 1103 2792 nouerit:
1124 2730 1268 2810 qni'rern

95 2814 229 2877 aedilem
245 2817 345 2898 ipsum
364 2812 469 2880 contra
488 2821 696 2902 leges-omnes
714 2818 883 2878 conciderit
900 2818 977 2877 adeo
994 2816 1169 2888 manifeste,
1194 2835 1270 2896 poe-

93 2922 152 2981 nas
170 2924 235 2963 uon
253 2903 358 2965 dabit?
394 2905 491 2984 Atqui
514 2906 597 2965 nulla
616 2904 674 2964 erit
691 2903 795 2984 legum
813 2904 1012 2963 humanarum
1031 2914 1062 2961 et
1077 2899 1271 2983 popularium

93 2987 231 3062 utilitas,
246 2989 280 3048 si
299 2991 541 3051 contemtoribus
562 3003 592 3049 et
617 2989 817 3050 violatoribus
836 3009 938 3048 earum
953 3000 1073 3060 uestra,
1094 2986 1148 3068 qui
1165 2984 1270 3069 siugu-

94 3073 135 3132 lis
152 3073 344 3154 temporibus
364 3074 433 3135 crim
456 3078 637 3137 auctoritate
656 3074 744 3148 estis,
770 3072 924 3134 iracundia
942 3073 1085 3134 nouerit
1100 3069 1272 3159 metuenda.

98 3157 192 3241 Agite
209 3180 301 3233 vero,
324 3181 380 3241 per
397 3159 693 3233 densimmortalcs,
714 3160 795 3220 illud·
810 3160 901 3221 etiam
918 3158 1117 3241 considerate
1160 3155 1271 3217 Oratos
1341 3222 1346 3233 ι

93 3257 201 3304 autem
216 3245 294 3305 colo
309 3266 384 3319 vos,
408 3269 448 3308 ne
467 3246 791 3328 mibi-succenseatis,
810 3246 837 3305 si
856 3245 1070 3325 quorundam,
1094 3242 1205 3323 quibus
1218 3262 1272 3301 res

96 3329 242 3390 adversae
259 3331 452 3407 acciderunt,
471 3331 651 3393 nominatim
669 3330 846 3391 meminero.
868 3330 1039 3391 Necrenim·
1053 3328 1143 3413 (deos
1160 3323 1274 3407 testor)

98 3412 135 3472 id
157 3422 243 3477 ‘ame
264 3417 341 3490 liet,
361 3427 402 3477 'ut
426 3419 566 3499 cuiquam
591 3418 753 3497 quicquam
778 3415 938 3475 obiiciam:
957 3416 1020 3476 -sed
1045 3428 1082 3475 nt
1105 3413 1273 3484 ostendam,
1324 3444 1341 3463 κ

101 3504 291 3582 quantopere
310 3524 365 3563 vos
384 3503 494 3564 caeteri
514 3523 620 3563 omnes
643 3525 660 3563 a
682 3503 712 3563 vi
730 3514 785 3562 aut
801 3500 986 3563 contumelia
1003 3501 1140 3561 facienda
1159 3511 1191 3558 et
1208 3496 1273 3557 aliis
1313 3547 1316 3553 ,

96 3583 238 3646 eiusdem
254 3589 378 3669 generis
396 3590 489 3650 rebus
507 3588 703 3649 abhorreatis,
737 3587 793 3648 Est
810 3586 925 3648 Sannio
945 3586 1084 3666 quidam,
1110 3584 1163 3666 qui
1180 3580 1273 3664 tragie

95 3689 154 3729 cos
169 3671 283 3732 choros
303 3675 401 3755 docet
437 3678 466 3735 Ie
483 3676 620 3736 desertae
641 3672 767 3733 militiae
791 3693 864 3733 reus
888 3685 935 3732 est
948 3682 1097 3755 peractus
1110 3692 1150 3732 :ac
1168 3669 1274 3728 adver-

95 3755 179 3815 siore
196 3758 322 3818 fortuna
341 3782 423 3820 usus,
465 3763 556 3820 Hunc
579 3771 650 3841 post
674 3781 739 3820 eam
762 3758 961 3823 calamitatem
976 3752 1277 3838 quidampraetitor'

94 3845 319 3924 tragoedorum
338 3845 513 3906 aemulandi
527 3845 631 3906 studio
649 3844 818 3929 conduxit,
831 3843 1068 3915 Theosdotides,
1081 3840 1205 3921 opinor.
1222 3838 1274 3899 ,Ae

93 3925 234 4006 primum·
250 3928 316 3989 eius
333 3931 367 3990 in
385 3932 538 3992 aedilitate
557 3929 669 3991 aemuli
687 3929 934 4013 indignabantur,
950 3949 1047 4010 seque
1063 3924 1274 4008 prohibituros

94 4012 309 4079 minabanturz
331 4025 368 4076 ut
390 4037 463 4076 vero
488 4016 608 4078 theatro
632 4016 724 4097 pleno
749 4016 898 4096 populum
917 4017 955 4076 ad
978 4011 1159 4094 spectandos
1185 4009 1275 4071 ludos

98 4100 284 4187 cenrenisse
302 4101 469 4174 viderunt,
488 4101 582 4162 veriti-
600 4114 687 4175 sunt,
712 4101 934 4182 permiserunt,
960 4118 1052 4159 namo
1078 4095 1186 4178 attigit
1200 4120 1214 4139 ·-
1229 4096 1275 4157 Δι’

96 4192 214 4245 antam
238 4184 273 4245 in
294 4196 486 4267 unoquoque
502 4200 637 4248 vestrum
655 4186 813 4269 relig-ionis
836 4187 931 4247 fuisse
953 4182 1154 4255 reverentiam
1171 4181 1274 4242 uidere

98 4281 183 4344 est,.·
195 4282 234 4330 ut
252 4291 343 4332 omne
363 4272 505 4354 deinceps
522 4272 674 4354 reliquum
692 4287 812 4356 tempus
831 4273 941 4333 choros
961 4271 1091 4342 doceat,
1119 4288 1225 4347 neque·
1239 4287 1275 4325 ea

97 4354 312 4439 priuatisciua
326 4358 459 4420 'inimicis
474 4359 637 4453 quisquam
655 4359 835 4441 prohibeat,
864 4358 978 4421 nedum
995 4354 1212 4419 aedilimanus
1231 4349 1274 4410 af-
