<?xml version="1.0" encoding="UTF-8"?>
<!DOCTYPE html PUBLIC "-//W3C//DTD XHTML 1.0 Transitional//EN"
    "http://www.w3.org/TR/xhtml1/DTD/xhtml1-transitional.dtd">
<html xmlns="http://www.w3.org/1999/xhtml" xml:lang="en" lang="en">
 <head>
  <title>
</title>
<meta http-equiv="Content-Type" content="text/html;charset=utf-8" />
  <meta name='ocr-system' content='tesseract 3.04.00' />
  <meta name='ocr-capabilities' content='ocr_page ocr_carea ocr_par ocr_line ocrx_word'/>
</head>
<body>
  <div class='ocr_page' id='page_1' title='image "./demosthenisquae04schgoog_0591.png"; bbox 0 0 2722 4754; ppageno 0'>
   <div class='ocr_carea' id='block_1_1' title="bbox 521 88 562 141">
    <p class='ocr_par' dir='ltr' id='par_1_1' title="bbox 521 88 562 141">
     <span class='ocr_line' id='line_1_1' title="bbox 521 88 540 114; baseline -0.105 0"><span class='ocrx_word' id='word_1_1' title='bbox 521 88 540 114; x_wconf 66' lang='lat' dir='ltr'>l,</span> 
     </span>
     <span class='ocr_line' id='line_1_2' title="bbox 530 124 562 141; baseline 0 -10"><span class='ocrx_word' id='word_1_2' title='bbox 530 124 562 141; x_wconf 77' lang='lat'>„.</span> 
     </span>
    </p>
   </div>
   <div class='ocr_carea' id='block_1_2' title="bbox 13 135 1007 273">
    <p class='ocr_par' dir='ltr' id='par_1_2' title="bbox 13 135 1068 278">
     <span class='ocr_line' id='line_1_3' title="bbox 13 135 1007 273; baseline -0.007 -21"><span class='ocrx_word' id='word_1_3' title='bbox 13 141 19 259; x_wconf 34' lang='grc' dir='ltr'>ζ</span> <span class='ocrx_word' id='word_1_4' title='bbox 117 137 192 252; x_wconf 76' lang='grc' dir='ltr'><strong>,ιιι</strong></span> <span class='ocrx_word' id='word_1_5' title='bbox 306 216 321 273; x_wconf 65' lang='lat'>³.</span> <span class='ocrx_word' id='word_1_6' title='bbox 416 139 775 258; x_wconf 72' lang='grc' dir='ltr'><strong>ιιιιιοιίιιιιιιε</strong></span> <span class='ocrx_word' id='word_1_7' title='bbox 817 135 1068 257; x_wconf 79' lang='grc' dir='ltr'><strong>ο-ιιιΤιο</strong></span> 
     </span>
    </p>
   </div>
   <div class='ocr_carea' id='block_1_3' title="bbox 52 337 1303 594">
    <p class='ocr_par' dir='ltr' id='par_1_3' title="bbox 52 337 1303 594">
     <span class='ocr_line' id='line_1_4' title="bbox 52 337 1303 437; baseline -0.006 -32"><span class='ocrx_word' id='word_1_8' title='bbox 52 337 56 341; x_wconf 51' lang='grc'>’</span> <span class='ocrx_word' id='word_1_9' title='bbox 128 358 208 405; x_wconf 82' lang='lat' dir='ltr'>tasse</span> <span class='ocrx_word' id='word_1_10' title='bbox 233 362 295 401; x_wconf 90' lang='grc' dir='ltr'><strong>ιιοιι</strong></span> <span class='ocrx_word' id='word_1_11' title='bbox 321 339 501 400; x_wconf 81' lang='lat' dir='ltr'>offendisset</span> <span class='ocrx_word' id='word_1_12' title='bbox 518 340 624 422; x_wconf 83' lang='lat' dir='ltr'>sdapte</span> <span class='ocrx_word' id='word_1_13' title='bbox 643 361 737 409; x_wconf 80' lang='lat' dir='ltr'>eausa.</span> <span class='ocrx_word' id='word_1_14' title='bbox 774 338 1001 437; x_wconf 80' lang='lat' dir='ltr'><strong>Quapropter</strong></span> <span class='ocrx_word' id='word_1_15' title='bbox 990 339 1140 399; x_wconf 77' lang='lat' dir='ltr'>iniuratus</span> <span class='ocrx_word' id='word_1_16' title='bbox 1164 360 1303 419; x_wconf 86' lang='lat' dir='ltr'>pronun</span> 
     </span>
     <span class='ocr_line' id='line_1_5' title="bbox 129 423 1302 504; baseline -0.004 -15"><span class='ocrx_word' id='word_1_17' title='bbox 129 427 222 493; x_wconf 86' lang='lat' dir='ltr'>tiavit</span> <span class='ocrx_word' id='word_1_18' title='bbox 258 427 341 485; x_wconf 91' lang='lat' dir='ltr'>Haec</span> <span class='ocrx_word' id='word_1_19' title='bbox 366 424 456 486; x_wconf 90' lang='lat' dir='ltr'>etiam</span> <span class='ocrx_word' id='word_1_20' title='bbox 479 441 555 484; x_wconf 88' lang='lat' dir='ltr'>vere</span> <span class='ocrx_word' id='word_1_21' title='bbox 575 447 590 485; x_wconf 90' lang='lat' dir='ltr'>a</span> <span class='ocrx_word' id='word_1_22' title='bbox 614 446 662 486; x_wconf 90' lang='lat' dir='ltr'>me</span> <span class='ocrx_word' id='word_1_23' title='bbox 687 423 806 498; x_wconf 89' lang='lat' dir='ltr'>dici,e</span> <span class='ocrx_word' id='word_1_24' title='bbox 808 424 979 498; x_wconf 88' lang='lat' dir='ltr'>testibus,</span> <span class='ocrx_word' id='word_1_25' title='bbox 1005 424 1058 504; x_wconf 84' lang='lat' dir='ltr'>qni</span> <span class='ocrx_word' id='word_1_26' title='bbox 1084 425 1302 495; x_wconf 73' lang='lat' dir='ltr'>interfuerunt,</span> 
     </span>
     <span class='ocr_line' id='line_1_6' title="bbox 117 510 329 594; baseline -0.005 -19"><span class='ocrx_word' id='word_1_27' title='bbox 117 510 329 594; x_wconf 82' lang='lat' dir='ltr'>cognoscetis</span> 
     </span>
    </p>
   </div>
   <div class='ocr_carea' id='block_1_4' title="bbox 606 663 820 707">
    <p class='ocr_par' dir='ltr' id='par_1_4' title="bbox 606 663 820 707">
     <span class='ocr_line' id='line_1_7' title="bbox 606 663 820 707; baseline 0.005 -2"><span class='ocrx_word' id='word_1_28' title='bbox 606 663 820 707; x_wconf 81' lang='lat' dir='ltr'>TESTES.</span> 
     </span>
    </p>
   </div>
   <div class='ocr_carea' id='block_1_5' title="bbox 29 724 1326 1821">
    <p class='ocr_par' dir='ltr' id='par_1_5' title="bbox 29 724 1326 1779">
     <span class='ocr_line' id='line_1_8' title="bbox 104 724 1302 865; baseline 0.001 -43"><span class='ocrx_word' id='word_1_29' title='bbox 104 801 143 831; x_wconf 68' lang='lat' dir='ltr'><em>s</em></span> <span class='ocrx_word' id='word_1_30' title='bbox 216 760 333 837; x_wconf 85' lang='lat' dir='ltr'><strong>Quid</strong></span> <span class='ocrx_word' id='word_1_31' title='bbox 324 763 418 845; x_wconf 77' lang='lat' dir='ltr'>igitur</span> <span class='ocrx_word' id='word_1_32' title='bbox 441 776 547 824; x_wconf 90' lang='lat' dir='ltr'>contra</span> <span class='ocrx_word' id='word_1_33' title='bbox 567 778 603 825; x_wconf 93' lang='lat' dir='ltr'>et</span> <span class='ocrx_word' id='word_1_34' title='bbox 626 731 710 847; x_wconf 81' lang='lat' dir='ltr'>leges</span> <span class='ocrx_word' id='word_1_35' title='bbox 726 777 761 825; x_wconf 92' lang='lat' dir='ltr'>et</span> <span class='ocrx_word' id='word_1_36' title='bbox 777 765 960 846; x_wconf 83' lang='lat' dir='ltr'>aequitatem</span> <span class='ocrx_word' id='word_1_37' title='bbox 978 724 1126 865; x_wconf 70' lang='lat' dir='ltr'>perficere</span> <span class='ocrx_word' id='word_1_38' title='bbox 1145 752 1302 845; x_wconf 88' lang='lat' dir='ltr'>Callippus</span> 
     </span>
     <span class='ocr_line' id='line_1_9' title="bbox 51 816 1303 946; baseline -0.001 -38"><span class='ocrx_word' id='word_1_39' title='bbox 51 911 53 916; x_wconf 71' lang='grc'>,</span> <span class='ocrx_word' id='word_1_40' title='bbox 129 816 237 929; x_wconf 85' lang='lat' dir='ltr'>possit,</span> <span class='ocrx_word' id='word_1_41' title='bbox 254 848 383 946; x_wconf 83' lang='lat' dir='ltr'>ludices,</span> <span class='ocrx_word' id='word_1_42' title='bbox 401 848 607 909; x_wconf 88' lang='lat' dir='ltr'>etestimonio</span> <span class='ocrx_word' id='word_1_43' title='bbox 626 850 759 911; x_wconf 78' lang='lat' dir='ltr'>audistis,</span> <span class='ocrx_word' id='word_1_44' title='bbox 777 852 841 910; x_wconf 91' lang='lat' dir='ltr'>Oro</span> <span class='ocrx_word' id='word_1_45' title='bbox 860 862 961 910; x_wconf 88' lang='lat' dir='ltr'>autem</span> <span class='ocrx_word' id='word_1_46' title='bbox 973 870 1027 910; x_wconf 85' lang='lat' dir='ltr'>vos</span> <span class='ocrx_word' id='word_1_47' title='bbox 1040 862 1072 909; x_wconf 89' lang='lat' dir='ltr'>et</span> <span class='ocrx_word' id='word_1_48' title='bbox 1084 865 1151 908; x_wconf 87' lang='lat' dir='ltr'>mea</span> <span class='ocrx_word' id='word_1_49' title='bbox 1165 861 1197 909; x_wconf 91' lang='lat' dir='ltr'>et</span> <span class='ocrx_word' id='word_1_50' title='bbox 1208 849 1303 929; x_wconf 87' lang='lat' dir='ltr'>patris</span> 
     </span>
     <span class='ocr_line' id='line_1_10' title="bbox 29 932 1304 1014; baseline -0.002 -20"><span class='ocrx_word' id='word_1_51' title='bbox 29 940 33 945; x_wconf 54' lang='lat'><em>⁴</em></span> <span class='ocrx_word' id='word_1_52' title='bbox 81 975 85 986; x_wconf 49' lang='grc' dir='ltr'>ι</span> <span class='ocrx_word' id='word_1_53' title='bbox 117 954 236 1006; x_wconf 74' lang='lat' dir='ltr'>cansa,</span> <span class='ocrx_word' id='word_1_54' title='bbox 258 932 305 996; x_wconf 87' lang='lat' dir='ltr'>uti</span> <span class='ocrx_word' id='word_1_55' title='bbox 328 933 543 1007; x_wconf 85' lang='lat' dir='ltr'>memineritis,</span> <span class='ocrx_word' id='word_1_56' title='bbox 567 955 615 994; x_wconf 87' lang='lat' dir='ltr'>me</span> <span class='ocrx_word' id='word_1_57' title='bbox 639 935 725 996; x_wconf 82' lang='lat' dir='ltr'>vobis</span> <span class='ocrx_word' id='word_1_58' title='bbox 750 935 888 996; x_wconf 83' lang='lat' dir='ltr'>omniurn</span> <span class='ocrx_word' id='word_1_59' title='bbox 913 954 1036 1008; x_wconf 89' lang='lat' dir='ltr'>eorum,</span> <span class='ocrx_word' id='word_1_60' title='bbox 1060 955 1144 1014; x_wconf 81' lang='lat' dir='ltr'>qnae</span> <span class='ocrx_word' id='word_1_61' title='bbox 1162 933 1243 1005; x_wconf 84' lang='lat' dir='ltr'>dixi,</span> <span class='ocrx_word' id='word_1_62' title='bbox 1273 945 1304 992; x_wconf 88' lang='lat' dir='ltr'>et</span> 
     </span>
     <span class='ocr_line' id='line_1_11' title="bbox 131 1014 1303 1120; baseline -0.004 -40"><span class='ocrx_word' id='word_1_63' title='bbox 131 1030 243 1091; x_wconf 89' lang='lat' dir='ltr'>testes,</span> <span class='ocrx_word' id='word_1_64' title='bbox 261 1031 292 1077; x_wconf 89' lang='lat' dir='ltr'>et</span> <span class='ocrx_word' id='word_1_65' title='bbox 309 1031 496 1101; x_wconf 84' lang='lat' dir='ltr'>argumenta,</span> <span class='ocrx_word' id='word_1_66' title='bbox 514 1032 544 1078; x_wconf 90' lang='lat' dir='ltr'>et</span> <span class='ocrx_word' id='word_1_67' title='bbox 562 1020 655 1100; x_wconf 82' lang='lat' dir='ltr'>leges,</span> <span class='ocrx_word' id='word_1_68' title='bbox 674 1033 705 1080; x_wconf 90' lang='lat' dir='ltr'>et</span> <span class='ocrx_word' id='word_1_69' title='bbox 722 1021 926 1120; x_wconf 71' lang='lat' dir='ltr'>probationes</span> <span class='ocrx_word' id='word_1_70' title='bbox 930 1018 1128 1092; x_wconf 77' lang='lat' dir='ltr'>exhibuisse,</span> <span class='ocrx_word' id='word_1_71' title='bbox 1147 1032 1179 1078; x_wconf 90' lang='lat' dir='ltr'>et</span> <span class='ocrx_word' id='word_1_72' title='bbox 1198 1014 1303 1077; x_wconf 75' lang='lat' dir='ltr'>osteis-</span> 
     </span>
     <span class='ocr_line' id='line_1_12' title="bbox 123 1102 1304 1193; baseline -0.002 -30"><span class='ocrx_word' id='word_1_73' title='bbox 123 1102 229 1175; x_wconf 85' lang='lat' dir='ltr'>disse,</span> <span class='ocrx_word' id='word_1_74' title='bbox 254 1102 361 1178; x_wconf 89' lang='lat' dir='ltr'>istum,</span> <span class='ocrx_word' id='word_1_75' title='bbox 385 1125 454 1163; x_wconf 90' lang='lat' dir='ltr'>cum</span> <span class='ocrx_word' id='word_1_76' title='bbox 473 1124 502 1162; x_wconf 82' lang='lat' dir='ltr'>er</span> <span class='ocrx_word' id='word_1_77' title='bbox 493 1103 689 1179; x_wconf 88' lang='lat' dir='ltr'>&#39;liceret,</span> <span class='ocrx_word' id='word_1_78' title='bbox 665 1128 690 1164; x_wconf 79' lang='grc' dir='ltr'>ιι</span> <span class='ocrx_word' id='word_1_79' title='bbox 709 1106 809 1184; x_wconf 89' lang='lat' dir='ltr'>qnid&#39;</span> <span class='ocrx_word' id='word_1_80' title='bbox 800 1105 875 1165; x_wconf 89' lang='lat' dir='ltr'>ruris</span> <span class='ocrx_word' id='word_1_81' title='bbox 894 1103 926 1163; x_wconf 90' lang='lat' dir='ltr'>in</span> <span class='ocrx_word' id='word_1_82' title='bbox 936 1124 1016 1162; x_wconf 88' lang='lat' dir='ltr'>eam</span> <span class='ocrx_word' id='word_1_83' title='bbox 1023 1103 1190 1193; x_wconf 84' lang='lat' dir='ltr'>pecuniam</span> <span class='ocrx_word' id='word_1_84' title='bbox 1209 1102 1304 1161; x_wconf 87' lang='lat' dir='ltr'>habe-</span> 
     </span>
     <span class='ocr_line' id='line_1_13' title="bbox 117 1183 1304 1270; baseline -0.001 -23"><span class='ocrx_word' id='word_1_85' title='bbox 117 1198 196 1259; x_wconf 72' lang='lat' dir='ltr'>-ret,</span> <span class='ocrx_word' id='word_1_86' title='bbox 222 1207 238 1245; x_wconf 87' lang='lat' dir='ltr'>a</span> <span class='ocrx_word' id='word_1_87' title='bbox 257 1183 447 1266; x_wconf 85' lang='lat' dir='ltr'>Cephisiade</span> <span class='ocrx_word' id='word_1_88' title='bbox 456 1201 580 1268; x_wconf 88' lang='lat' dir='ltr'>petere,</span> <span class='ocrx_word' id='word_1_89' title='bbox 606 1191 659 1268; x_wconf 89' lang='lat' dir='ltr'>qni</span> <span class='ocrx_word' id='word_1_90' title='bbox 677 1211 710 1250; x_wconf 89' lang='lat' dir='ltr'>se</span> <span class='ocrx_word' id='word_1_91' title='bbox 728 1202 769 1250; x_wconf 84' lang='lat' dir='ltr'>et</span> <span class='ocrx_word' id='word_1_92' title='bbox 774 1189 925 1270; x_wconf 76' lang='lat' dir='ltr'>recepisse</span> <span class='ocrx_word' id='word_1_93' title='bbox 941 1188 1024 1248; x_wconf 86' lang='lat' dir='ltr'>illem</span> <span class='ocrx_word' id='word_1_94' title='bbox 1043 1201 1080 1248; x_wconf 85' lang='lat' dir='ltr'>et</span> <span class='ocrx_word' id='word_1_95' title='bbox 1092 1184 1209 1248; x_wconf 85' lang='lat' dir='ltr'>habere</span> <span class='ocrx_word' id='word_1_96' title='bbox 1227 1186 1304 1248; x_wconf 82' lang='lat' dir='ltr'>tate-</span> 
     </span>
     <span class='ocr_line' id='line_1_14' title="bbox 119 1267 1305 1369; baseline -0.001 -38.054"><span class='ocrx_word' id='word_1_97' title='bbox 119 1283 184 1333; x_wconf 78' lang='grc' dir='ltr'><strong>,ιιιι</strong></span> <span class='ocrx_word' id='word_1_98' title='bbox 200 1267 392 1353; x_wconf 88' lang='lat' dir='ltr'>(praesertim</span> <span class='ocrx_word' id='word_1_99' title='bbox 409 1273 614 1335; x_wconf 66' lang='lat' dir='ltr'>satisfactione</span> <span class='ocrx_word' id='word_1_100' title='bbox 633 1296 648 1333; x_wconf 87' lang='lat' dir='ltr'>a</span> <span class='ocrx_word' id='word_1_101' title='bbox 668 1275 757 1335; x_wconf 88' lang='lat' dir='ltr'>nobis</span> <span class='ocrx_word' id='word_1_102' title='bbox 774 1274 974 1334; x_wconf 83' lang='lat' dir='ltr'>nihilominus</span> <span class='ocrx_word' id='word_1_103' title='bbox 994 1270 1147 1369; x_wconf 87' lang='lat' dir='ltr'>accepta),</span> <span class='ocrx_word' id='word_1_104' title='bbox 1175 1293 1241 1331; x_wconf 92' lang='lat' dir='ltr'>non</span> <span class='ocrx_word' id='word_1_105' title='bbox 1258 1284 1305 1330; x_wconf 88' lang='lat' dir='ltr'>ta-</span> 
     </span>
     <span class='ocr_line' id='line_1_15' title="bbox 132 1359 1304 1441; baseline 0.001 -27"><span class='ocrx_word' id='word_1_106' title='bbox 132 1375 202 1414; x_wconf 85' lang='lat' dir='ltr'>men</span> <span class='ocrx_word' id='word_1_107' title='bbox 220 1369 343 1435; x_wconf 88' lang='lat' dir='ltr'>petere,</span> <span class='ocrx_word' id='word_1_108' title='bbox 374 1359 509 1437; x_wconf 88' lang='lat' dir='ltr'>quamvis</span> <span class='ocrx_word' id='word_1_109' title='bbox 527 1360 622 1432; x_wconf 88' lang='lat' dir='ltr'>sciat,</span> <span class='ocrx_word' id='word_1_110' title='bbox 645 1381 708 1429; x_wconf 83' lang='lat' dir='ltr'>non</span> <span class='ocrx_word' id='word_1_111' title='bbox 726 1381 819 1441; x_wconf 90' lang='lat' dir='ltr'>penes</span> <span class='ocrx_word' id='word_1_112' title='bbox 838 1380 906 1426; x_wconf 87' lang='lat' dir='ltr'>nos</span> <span class='ocrx_word' id='word_1_113' title='bbox 909 1379 985 1417; x_wconf 80' lang='lat' dir='ltr'>⁴esse</span> <span class='ocrx_word' id='word_1_114' title='bbox 998 1362 1156 1422; x_wconf 71' lang='lat' dir='ltr'>nummos:</span> <span class='ocrx_word' id='word_1_115' title='bbox 1174 1362 1304 1437; x_wconf 88' lang='lat' dir='ltr'>meq&#39;ue</span> 
     </span>
     <span class='ocr_line' id='line_1_16' title="bbox 78 1436 1304 1525; baseline 0.002 -26"><span class='ocrx_word' id='word_1_116' title='bbox 78 1506 81 1514; x_wconf 46' lang='grc'><strong>,</strong></span> <span class='ocrx_word' id='word_1_117' title='bbox 107 1474 110 1479; x_wconf 89' lang='lat'><em>·</em></span> <span class='ocrx_word' id='word_1_118' title='bbox 132 1438 300 1500; x_wconf 85' lang='lat' dir='ltr'>absolvatis.</span> <span class='ocrx_word' id='word_1_119' title='bbox 328 1443 472 1516; x_wconf 89' lang='lat' dir='ltr'>Quod</span> <span class='ocrx_word' id='word_1_120' title='bbox 447 1465 488 1502; x_wconf 81' lang='grc' dir='ltr'>ει</span> <span class='ocrx_word' id='word_1_121' title='bbox 496 1444 644 1517; x_wconf 78' lang='lat' dir='ltr'>feceritis,</span> <span class='ocrx_word' id='word_1_122' title='bbox 670 1445 800 1525; x_wconf 90' lang='lat' dir='ltr'>primum</span> <span class='ocrx_word' id='word_1_123' title='bbox 825 1445 904 1504; x_wconf 88' lang='lat' dir='ltr'>inste</span> <span class='ocrx_word' id='word_1_124' title='bbox 928 1463 967 1502; x_wconf 84' lang='lat' dir='ltr'>ex</span> <span class='ocrx_word' id='word_1_125' title='bbox 987 1436 1106 1524; x_wconf 80' lang='lat' dir='ltr'>legum.</span> <span class='ocrx_word' id='word_1_126' title='bbox 1119 1441 1304 1501; x_wconf 85' lang='lat' dir='ltr'>auctoritate</span> 
     </span>
     <span class='ocr_line' id='line_1_17' title="bbox 30 1524 1326 1666; baseline 0.003 -84"><span class='ocrx_word' id='word_1_127' title='bbox 30 1556 37 1577; x_wconf 55' lang='grc' dir='ltr'>ι</span> <span class='ocrx_word' id='word_1_128' title='bbox 118 1524 389 1666; x_wconf 15' lang='grc' dir='ltr'>,ιέιοιιιιιιιίιΙιΙιίι9</span> <span class='ocrx_word' id='word_1_129' title='bbox 376 1527 531 1602; x_wconf 83' lang='lat' dir='ltr'>,deinde,</span> <span class='ocrx_word' id='word_1_130' title='bbox 555 1542 590 1588; x_wconf 89' lang='lat' dir='ltr'>ut</span> <span class='ocrx_word' id='word_1_131' title='bbox 608 1541 638 1589; x_wconf 90' lang='lat' dir='ltr'>et</span> <span class='ocrx_word' id='word_1_132' title='bbox 655 1541 753 1593; x_wconf 88' lang='lat' dir='ltr'>vestra</span> <span class='ocrx_word' id='word_1_133' title='bbox 773 1543 804 1590; x_wconf 88' lang='lat' dir='ltr'>ct</span> <span class='ocrx_word' id='word_1_134' title='bbox 820 1525 993 1610; x_wconf 73' lang='lat' dir='ltr'>patrismei</span> <span class='ocrx_word' id='word_1_135' title='bbox 1011 1528 1142 1610; x_wconf 78' lang='lat' dir='ltr'>dignitas</span> <span class='ocrx_word' id='word_1_136' title='bbox 1161 1525 1305 1606; x_wconf 84' lang='lat' dir='ltr'>postulat</span> <span class='ocrx_word' id='word_1_137' title='bbox 1323 1537 1326 1542; x_wconf 88' lang='lat'>&#39;</span> 
     </span>
     <span class='ocr_line' id='line_1_18' title="bbox 90 1610 1305 1691; baseline 0.001 -25"><span class='ocrx_word' id='word_1_138' title='bbox 90 1625 93 1632; x_wconf 90' lang='grc'><strong>’</strong></span> <span class='ocrx_word' id='word_1_139' title='bbox 162 1629 209 1666; x_wconf 85' lang='lat' dir='ltr'>am</span> <span class='ocrx_word' id='word_1_140' title='bbox 236 1629 293 1691; x_wconf 81' lang='lat' dir='ltr'>ego</span> <span class='ocrx_word' id='word_1_141' title='bbox 317 1610 405 1669; x_wconf 90' lang='lat' dir='ltr'>vobis</span> <span class='ocrx_word' id='word_1_142' title='bbox 432 1631 538 1671; x_wconf 85' lang='lat' dir='ltr'>omnes</span> <span class='ocrx_word' id='word_1_143' title='bbox 564 1633 645 1673; x_wconf 87' lang='lat' dir='ltr'>meas</span> <span class='ocrx_word' id='word_1_144' title='bbox 672 1614 810 1674; x_wconf 82' lang='lat' dir='ltr'>fortunas</span> <span class='ocrx_word' id='word_1_145' title='bbox 836 1614 952 1674; x_wconf 83' lang='lat' dir='ltr'>cedere</span> <span class='ocrx_word' id='word_1_146' title='bbox 968 1611 1109 1685; x_wconf 86' lang='lat' dir='ltr'>mallem,</span> <span class='ocrx_word' id='word_1_147' title='bbox 1133 1633 1226 1691; x_wconf 90' lang='lat' dir='ltr'>quam</span> <span class='ocrx_word' id='word_1_148' title='bbox 1251 1631 1305 1690; x_wconf 87' lang='lat' dir='ltr'>per</span> 
     </span>
     <span class='ocr_line' id='line_1_19' title="bbox 113 1694 910 1821; baseline 0.004 -66"><span class='ocrx_word' id='word_1_149' title='bbox 113 1713 274 1755; x_wconf 73' lang='lat' dir='ltr'>¹·rn1ur1am</span> <span class='ocrx_word' id='word_1_150' title='bbox 293 1707 324 1753; x_wconf 90' lang='lat' dir='ltr'>et</span> <span class='ocrx_word' id='word_1_151' title='bbox 341 1694 520 1755; x_wconf 88' lang='lat' dir='ltr'>calumniam</span> <span class='ocrx_word' id='word_1_152' title='bbox 538 1697 698 1819; x_wconf 81' lang='lat' dir='ltr'>qnicqnam</span> <span class='ocrx_word' id='word_1_153' title='bbox 718 1699 910 1821; x_wconf 87' lang='lat' dir='ltr'>dependere.-</span> 
     </span>
    </p>
   </div>
   <div class='ocr_carea' id='block_1_6' title="bbox 48 2002 1304 2299">
    <p class='ocr_par' dir='ltr' id='par_1_6' title="bbox 48 2002 1304 2215">
     <span class='ocr_line' id='line_1_20' title="bbox 48 2002 1304 2104; baseline 0.002 -20"><span class='ocrx_word' id='word_1_154' title='bbox 48 2013 371 2096; x_wconf 76' lang='lat' dir='ltr'>2910RAT10</span> <span class='ocrx_word' id='word_1_155' title='bbox 427 2002 794 2096; x_wconf 80' lang='lat' dir='ltr'><strong>ADVERSUS</strong></span> <span class='ocrx_word' id='word_1_156' title='bbox 831 2003 1304 2104; x_wconf 76' lang='lat' dir='ltr'>NICOSTRATUNL</span> 
     </span>
     <span class='ocr_line' id='line_1_21' title="bbox 139 2132 1175 2299; baseline 0.003 -91"><span class='ocrx_word' id='word_1_157' title='bbox 139 2132 141 2137; x_wconf 67' lang='grc'>’</span> <span class='ocrx_word' id='word_1_158' title='bbox 319 2137 389 2209; x_wconf 86' lang='lat' dir='ltr'>DE</span> <span class='ocrx_word' id='word_1_159' title='bbox 427 2133 759 2299; x_wconf 76' lang='lat' dir='ltr'>ARETnUstt</span> <span class='ocrx_word' id='word_1_160' title='bbox 790 2139 1175 2247; x_wconf 83' lang='lat' dir='ltr'><strong>MANCIPHS</strong></span> 
     </span>
    </p>
   </div>
   <div class='ocr_carea' id='block_1_7' title="bbox 385 2391 946 2525">
    <p class='ocr_par' dir='ltr' id='par_1_7' title="bbox 385 2391 946 2525">
     <span class='ocr_line' id='line_1_22' title="bbox 385 2391 946 2525; baseline 0 -29"><span class='ocrx_word' id='word_1_161' title='bbox 385 2415 396 2525; x_wconf 71' lang='lat' dir='ltr'>J</span> <span class='ocrx_word' id='word_1_162' title='bbox 489 2391 946 2508; x_wconf 65' lang='lat' dir='ltr'>anennoeton</span> 
     </span>
    </p>
   </div>
   <div class='ocr_carea' id='block_1_8' title="bbox 23 2539 1359 3249">
    <p class='ocr_par' dir='ltr' id='par_1_8' title="bbox 23 2539 1303 2737">
     <span class='ocr_line' id='line_1_23' title="bbox 23 2539 1303 2660; baseline 0.002 -34.177"><span class='ocrx_word' id='word_1_163' title='bbox 23 2539 350 2647; x_wconf 59' lang='lat' dir='ltr'>Apollodorus</span> <span class='ocrx_word' id='word_1_164' title='bbox 369 2567 566 2631; x_wconf 75' lang='lat' dir='ltr'>Arethusium</span> <span class='ocrx_word' id='word_1_165' title='bbox 591 2571 682 2640; x_wconf 85' lang='lat' dir='ltr'>salsae</span> <span class='ocrx_word' id='word_1_166' title='bbox 705 2568 939 2630; x_wconf 86' lang='lat' dir='ltr'>renuntiationis</span> <span class='ocrx_word' id='word_1_167' title='bbox 957 2589 1050 2629; x_wconf 89' lang='lat' dir='ltr'>reum</span> <span class='ocrx_word' id='word_1_168' title='bbox 1075 2570 1150 2629; x_wconf 81' lang='lat' dir='ltr'>fecit</span> <span class='ocrx_word' id='word_1_169' title='bbox 1168 2579 1200 2628; x_wconf 88' lang='lat' dir='ltr'>et</span> <span class='ocrx_word' id='word_1_170' title='bbox 1216 2589 1303 2660; x_wconf 83' lang='lat' dir='ltr'>pere-</span> 
     </span>
     <span class='ocr_line' id='line_1_24' title="bbox 134 2643 1303 2737; baseline 0 -25"><span class='ocrx_word' id='word_1_171' title='bbox 134 2655 188 2737; x_wconf 78' lang='lat' dir='ltr'>git</span> <span class='ocrx_word' id='word_1_172' title='bbox 223 2650 372 2729; x_wconf 73' lang='lat' dir='ltr'>Quicum</span> <span class='ocrx_word' id='word_1_173' title='bbox 395 2643 543 2716; x_wconf 85' lang='lat' dir='ltr'>talentum</span> <span class='ocrx_word' id='word_1_174' title='bbox 568 2655 683 2715; x_wconf 85' lang='lat' dir='ltr'>aerario</span> <span class='ocrx_word' id='word_1_175' title='bbox 703 2655 828 2716; x_wconf 86' lang='lat' dir='ltr'>deberet</span> <span class='ocrx_word' id='word_1_176' title='bbox 851 2655 943 2735; x_wconf 88' lang='lat' dir='ltr'>idque</span> <span class='ocrx_word' id='word_1_177' title='bbox 969 2655 1102 2714; x_wconf 82' lang='lat' dir='ltr'>solvere</span> <span class='ocrx_word' id='word_1_178' title='bbox 1108 2674 1172 2713; x_wconf 91' lang='lat' dir='ltr'>non</span> <span class='ocrx_word' id='word_1_179' title='bbox 1178 2655 1303 2734; x_wconf 85' lang='lat' dir='ltr'>posset,</span> 
     </span>
    </p>

    <p class='ocr_par' dir='ltr' id='par_1_9' title="bbox 63 2724 1302 2984">
     <span class='ocr_line' id='line_1_25' title="bbox 63 2724 1302 2822; baseline 0.001 -25"><span class='ocrx_word' id='word_1_180' title='bbox 63 2746 66 2753; x_wconf 83' lang='grc'><em>’</em></span> <span class='ocrx_word' id='word_1_181' title='bbox 113 2785 118 2799; x_wconf 71' lang='grc'><strong>,</strong></span> <span class='ocrx_word' id='word_1_182' title='bbox 133 2751 356 2820; x_wconf 87' lang='lat' dir='ltr'>proptereaque</span> <span class='ocrx_word' id='word_1_183' title='bbox 371 2740 493 2801; x_wconf 90' lang='lat' dir='ltr'>bona</span> <span class='ocrx_word' id='word_1_184' title='bbox 467 2761 531 2800; x_wconf 86' lang='lat' dir='ltr'>erus</span> <span class='ocrx_word' id='word_1_185' title='bbox 548 2724 699 2822; x_wconf 83' lang='lat' dir='ltr'>publicata</span> <span class='ocrx_word' id='word_1_186' title='bbox 715 2752 831 2799; x_wconf 88' lang='lat' dir='ltr'>essent:</span> <span class='ocrx_word' id='word_1_187' title='bbox 852 2739 996 2814; x_wconf 88' lang='lat' dir='ltr'>describit</span> <span class='ocrx_word' id='word_1_188' title='bbox 1013 2739 1225 2820; x_wconf 83' lang='lat' dir='ltr'>Apollodorus</span> <span class='ocrx_word' id='word_1_189' title='bbox 1242 2759 1302 2798; x_wconf 88' lang='lat' dir='ltr'>ser-</span> 
     </span>
     <span class='ocr_line' id='line_1_26' title="bbox 135 2809 1301 2902; baseline -0.003 -18"><span class='ocrx_word' id='word_1_190' title='bbox 135 2844 208 2894; x_wconf 86' lang='lat' dir='ltr'>vos,</span> <span class='ocrx_word' id='word_1_191' title='bbox 232 2835 268 2883; x_wconf 90' lang='lat' dir='ltr'>ut</span> <span class='ocrx_word' id='word_1_192' title='bbox 287 2846 340 2902; x_wconf 86' lang='lat' dir='ltr'>an</span> <span class='ocrx_word' id='word_1_193' title='bbox 330 2823 515 2885; x_wconf 78' lang='lat' dir='ltr'>Arethusii</span> <span class='ocrx_word' id='word_1_194' title='bbox 534 2837 641 2885; x_wconf 89' lang='lat' dir='ltr'>essent.</span> <span class='ocrx_word' id='word_1_195' title='bbox 676 2825 741 2884; x_wconf 91' lang='lat' dir='ltr'>Hos</span> <span class='ocrx_word' id='word_1_196' title='bbox 760 2809 948 2886; x_wconf 81' lang='lat' dir='ltr'>Nicostratus</span> <span class='ocrx_word' id='word_1_197' title='bbox 967 2836 1001 2882; x_wconf 92' lang='grc' dir='ltr'>ιιι</span> <span class='ocrx_word' id='word_1_198' title='bbox 1020 2845 1092 2883; x_wconf 91' lang='lat' dir='ltr'>suos</span> <span class='ocrx_word' id='word_1_199' title='bbox 1113 2824 1199 2885; x_wconf 88' lang='lat' dir='ltr'>etad</span> <span class='ocrx_word' id='word_1_200' title='bbox 1218 2822 1301 2882; x_wconf 86' lang='lat' dir='ltr'>illurn</span> 
     </span>
     <span class='ocr_line' id='line_1_27' title="bbox 135 2900 1301 2984; baseline -0.002 -17"><span class='ocrx_word' id='word_1_201' title='bbox 135 2907 212 2967; x_wconf 90' lang='lat' dir='ltr'>nihil</span> <span class='ocrx_word' id='word_1_202' title='bbox 230 2908 393 2969; x_wconf 86' lang='lat' dir='ltr'>attinentes</span> <span class='ocrx_word' id='word_1_203' title='bbox 411 2910 469 2969; x_wconf 91' lang='lat' dir='ltr'>sibi</span> <span class='ocrx_word' id='word_1_204' title='bbox 487 2909 625 2970; x_wconf 75' lang='lat' dir='ltr'>vindicat</span> <span class='ocrx_word' id='word_1_205' title='bbox 661 2900 741 2984; x_wconf 83' lang='lat' dir='ltr'>Quia</span> <span class='ocrx_word' id='word_1_206' title='bbox 758 2930 839 2970; x_wconf 86' lang='lat' dir='ltr'>vero</span> <span class='ocrx_word' id='word_1_207' title='bbox 851 2931 938 2969; x_wconf 87' lang='lat' dir='ltr'>causa</span> <span class='ocrx_word' id='word_1_208' title='bbox 957 2907 1061 2968; x_wconf 85' lang='lat' dir='ltr'>odiosa</span> <span class='ocrx_word' id='word_1_209' title='bbox 1082 2920 1145 2976; x_wconf 81' lang='lat' dir='ltr'>est:</span> <span class='ocrx_word' id='word_1_210' title='bbox 1170 2917 1301 2966; x_wconf 80' lang='lat' dir='ltr'>coname-</span> 
     </span>
    </p>

    <p class='ocr_par' dir='ltr' id='par_1_10' title="bbox 23 2984 1359 3244">
     <span class='ocr_line' id='line_1_28' title="bbox 88 2984 1359 3075; baseline -0.002 -23"><span class='ocrx_word' id='word_1_211' title='bbox 88 2984 234 3070; x_wconf 45' lang='lat' dir='ltr'>Jmorat</span> <span class='ocrx_word' id='word_1_212' title='bbox 252 3006 372 3067; x_wconf 89' lang='lat' dir='ltr'>orator,</span> <span class='ocrx_word' id='word_1_213' title='bbox 403 3008 514 3074; x_wconf 85' lang='lat' dir='ltr'>quanta</span> <span class='ocrx_word' id='word_1_214' title='bbox 531 3015 692 3075; x_wconf 83' lang='lat' dir='ltr'>perpessus</span> <span class='ocrx_word' id='word_1_215' title='bbox 711 2996 747 3055; x_wconf 90' lang='lat' dir='ltr'>ab</span> <span class='ocrx_word' id='word_1_216' title='bbox 769 2984 932 3054; x_wconf 75' lang='lat' dir='ltr'>Arethusio</span> <span class='ocrx_word' id='word_1_217' title='bbox 951 2993 991 3052; x_wconf 83' lang='lat' dir='ltr'>srt</span> <span class='ocrx_word' id='word_1_218' title='bbox 1008 2991 1247 3072; x_wconf 86' lang='lat' dir='ltr'>Apollodorus,</span> <span class='ocrx_word' id='word_1_219' title='bbox 1267 3003 1300 3049; x_wconf 90' lang='lat' dir='ltr'>nt</span> <span class='ocrx_word' id='word_1_220' title='bbox 1355 3024 1359 3029; x_wconf 92' lang='lat'>·</span> 
     </span>
     <span class='ocr_line' id='line_1_29' title="bbox 102 3077 1300 3200; baseline 0.001 -65.938"><span class='ocrx_word' id='word_1_221' title='bbox 102 3077 109 3139; x_wconf 66' lang='lat' dir='ltr'><em>J</em></span> <span class='ocrx_word' id='word_1_222' title='bbox 136 3098 200 3137; x_wconf 91' lang='lat' dir='ltr'>non</span> <span class='ocrx_word' id='word_1_223' title='bbox 226 3077 412 3160; x_wconf 83' lang='lat' dir='ltr'>malignitate</span> <span class='ocrx_word' id='word_1_224' title='bbox 439 3093 581 3153; x_wconf 86' lang='lat' dir='ltr'>naturae,</span> <span class='ocrx_word' id='word_1_225' title='bbox 617 3081 669 3139; x_wconf 88' lang='lat' dir='ltr'>sed</span> <span class='ocrx_word' id='word_1_226' title='bbox 696 3089 822 3200; x_wconf 86' lang='lat' dir='ltr'>propter</span> <span class='ocrx_word' id='word_1_227' title='bbox 845 3078 1029 3139; x_wconf 89' lang='lat' dir='ltr'>ultionem</span> <span class='ocrx_word' id='word_1_228' title='bbox 1021 3077 1203 3183; x_wconf 84' lang='lat' dir='ltr'>miuriarnm</span> <span class='ocrx_word' id='word_1_229' title='bbox 1228 3077 1300 3135; x_wconf 89' lang='lat' dir='ltr'>haec</span> 
     </span>
     <span class='ocr_line' id='line_1_30' title="bbox 136 3163 835 3249; baseline 0.003 -26"><span class='ocrx_word' id='word_1_230' title='bbox 136 3183 253 3249; x_wconf 85' lang='lat' dir='ltr'>agere</span> <span class='ocrx_word' id='word_1_231' title='bbox 246 3163 408 3222; x_wconf 88' lang='lat' dir='ltr'>videatur</span> <span class='ocrx_word' id='word_1_232' title='bbox 833 3192 835 3197; x_wconf 99' lang='lat'><strong>⁴</strong></span> 
     </span>
    </p>
   </div>
   <div class='ocr_carea' id='block_1_9' title="bbox 517 3335 897 3351">
    <p class='ocr_par' dir='ltr' id='par_1_11' title="bbox 517 3335 897 3351">
     <span class='ocr_line' id='line_1_31' title="bbox 517 3335 897 3351; baseline -0.011 -6"><span class='ocrx_word' id='word_1_233' title='bbox 517 3335 897 3351; x_wconf 29' lang='lat' dir='ltr'>,mm</span> 
     </span>
    </p>
   </div>
   <div class='ocr_carea' id='block_1_10' title="bbox 16 3427 1349 4399">
    <p class='ocr_par' dir='ltr' id='par_1_12' title="bbox 55 3427 1303 3806">
     <span class='ocr_line' id='line_1_32' title="bbox 55 3427 1301 3567; baseline -0.003 -40.751"><span class='ocrx_word' id='word_1_234' title='bbox 55 3432 198 3526; x_wconf 80' lang='lat' dir='ltr'>Me</span> <span class='ocrx_word' id='word_1_235' title='bbox 217 3468 303 3529; x_wconf 87' lang='lat' dir='ltr'>nullo</span> <span class='ocrx_word' id='word_1_236' title='bbox 322 3427 524 3528; x_wconf 82' lang='lat' dir='ltr'>calumniandi</span> <span class='ocrx_word' id='word_1_237' title='bbox 540 3466 660 3538; x_wconf 90' lang='lat' dir='ltr'>studio,</span> <span class='ocrx_word' id='word_1_238' title='bbox 684 3466 738 3527; x_wconf 85' lang='lat' dir='ltr'>sed</span> <span class='ocrx_word' id='word_1_239' title='bbox 756 3486 810 3567; x_wconf 90' lang='lat' dir='ltr'>per</span> <span class='ocrx_word' id='word_1_240' title='bbox 828 3467 902 3527; x_wconf 88' lang='lat' dir='ltr'>istos</span> <span class='ocrx_word' id='word_1_241' title='bbox 920 3467 1039 3528; x_wconf 90' lang='lat' dir='ltr'>iniuriis</span> <span class='ocrx_word' id='word_1_242' title='bbox 1059 3479 1089 3526; x_wconf 88' lang='lat' dir='ltr'>et</span> <span class='ocrx_word' id='word_1_243' title='bbox 1108 3440 1301 3528; x_wconf 85' lang='lat' dir='ltr'>contumeliis</span> 
     </span>
     <span class='ocr_line' id='line_1_33' title="bbox 135 3543 1302 3633; baseline -0.006 -18"><span class='ocrx_word' id='word_1_244' title='bbox 135 3555 289 3626; x_wconf 76' lang='lat' dir='ltr'>affectum,</span> <span class='ocrx_word' id='word_1_245' title='bbox 309 3565 339 3612; x_wconf 91' lang='lat' dir='ltr'>et</span> <span class='ocrx_word' id='word_1_246' title='bbox 354 3543 546 3613; x_wconf 87' lang='lat' dir='ltr'>ulciscendos</span> <span class='ocrx_word' id='word_1_247' title='bbox 565 3571 616 3610; x_wconf 93' lang='lat' dir='ltr'>eos</span> <span class='ocrx_word' id='word_1_248' title='bbox 637 3570 702 3611; x_wconf 92' lang='lat' dir='ltr'>esse</span> <span class='ocrx_word' id='word_1_249' title='bbox 721 3551 951 3626; x_wconf 84' lang='lat' dir='ltr'>existimantem,</span> <span class='ocrx_word' id='word_1_250' title='bbox 970 3552 1208 3633; x_wconf 85' lang='lat' dir='ltr'>descriptionem</span> <span class='ocrx_word' id='word_1_251' title='bbox 1227 3548 1302 3609; x_wconf 88' lang='lat' dir='ltr'>haue</span> 
     </span>
     <span class='ocr_line' id='line_1_34' title="bbox 103 3635 1303 3735; baseline -0.007 -33.788"><span class='ocrx_word' id='word_1_252' title='bbox 103 3638 320 3711; x_wconf 80' lang='lat' dir='ltr'>instituisse,</span> <span class='ocrx_word' id='word_1_253' title='bbox 346 3637 437 3735; x_wconf 83' lang='lat' dir='ltr'>illpd</span> <span class='ocrx_word' id='word_1_254' title='bbox 447 3636 577 3696; x_wconf 85' lang='lat' dir='ltr'>maximo</span> <span class='ocrx_word' id='word_1_255' title='bbox 601 3635 704 3695; x_wconf 86' lang='lat' dir='ltr'>vobis</span> <span class='ocrx_word' id='word_1_256' title='bbox 714 3649 893 3717; x_wconf 83' lang='lat' dir='ltr'>argumento</span> <span class='ocrx_word' id='word_1_257' title='bbox 919 3638 976 3711; x_wconf 92' lang='lat' dir='ltr'>sit,</span> <span class='ocrx_word' id='word_1_258' title='bbox 1002 3638 1144 3708; x_wconf 83' lang='lat' dir='ltr'>ludices,</span> <span class='ocrx_word' id='word_1_259' title='bbox 1164 3636 1249 3733; x_wconf 74' lang='lat' dir='ltr'>quod</span> <span class='ocrx_word' id='word_1_260' title='bbox 1273 3646 1303 3693; x_wconf 90' lang='lat' dir='ltr'>et</span> 
     </span>
     <span class='ocr_line' id='line_1_35' title="bbox 132 3710 1301 3820; baseline -0.004 -38"><span class='ocrx_word' id='word_1_261' title='bbox 132 3745 223 3806; x_wconf 84' lang='lat' dir='ltr'>parva</span> <span class='ocrx_word' id='word_1_262' title='bbox 244 3734 290 3782; x_wconf 85' lang='lat' dir='ltr'>est</span> <span class='ocrx_word' id='word_1_263' title='bbox 308 3733 351 3781; x_wconf 86' lang='lat' dir='ltr'>et</span> <span class='ocrx_word' id='word_1_264' title='bbox 349 3710 410 3801; x_wconf 77' lang='lat' dir='ltr'>per</span> <span class='ocrx_word' id='word_1_265' title='bbox 425 3717 477 3780; x_wconf 87' lang='lat' dir='ltr'>ine</span> <span class='ocrx_word' id='word_1_266' title='bbox 494 3721 594 3820; x_wconf 84' lang='lat' dir='ltr'>ipsum</span> <span class='ocrx_word' id='word_1_267' title='bbox 618 3720 695 3780; x_wconf 85' lang='lat' dir='ltr'>sacta</span> <span class='ocrx_word' id='word_1_268' title='bbox 721 3720 894 3802; x_wconf 88' lang='lat' dir='ltr'>descriptio.</span> <span class='ocrx_word' id='word_1_269' title='bbox 927 3721 1034 3800; x_wconf 85' lang='lat' dir='ltr'>Neque</span> <span class='ocrx_word' id='word_1_270' title='bbox 1053 3721 1162 3792; x_wconf 89' lang='lat' dir='ltr'>enim,</span> <span class='ocrx_word' id='word_1_271' title='bbox 1176 3742 1204 3778; x_wconf 80' lang='lat' dir='ltr'>st</span> <span class='ocrx_word' id='word_1_272' title='bbox 1194 3719 1301 3778; x_wconf 85' lang='lat' dir='ltr'>caln-</span> 
     </span>
    </p>

    <p class='ocr_par' dir='ltr' id='par_1_13' title="bbox 16 3804 1308 4399">
     <span class='ocr_line' id='line_1_36' title="bbox 35 3804 1304 3885; baseline -0.007 -14"><span class='ocrx_word' id='word_1_273' title='bbox 35 3859 38 3862; x_wconf 45' lang='lat'>&lt;</span> <span class='ocrx_word' id='word_1_274' title='bbox 63 3844 70 3851; x_wconf 94' lang='lat'>·</span> <span class='ocrx_word' id='word_1_275' title='bbox 84 3844 87 3849; x_wconf 93' lang='lat'><strong>·</strong></span> <span class='ocrx_word' id='word_1_276' title='bbox 134 3808 243 3871; x_wconf 85' lang='lat' dir='ltr'>mniarr</span> <span class='ocrx_word' id='word_1_277' title='bbox 235 3807 432 3880; x_wconf 84' lang='lat' dir='ltr'>voluissem,</span> <span class='ocrx_word' id='word_1_278' title='bbox 444 3805 591 3885; x_wconf 81' lang='lat' dir='ltr'>mancipia</span> <span class='ocrx_word' id='word_1_279' title='bbox 606 3817 737 3885; x_wconf 88' lang='lat' dir='ltr'>quatuor</span> <span class='ocrx_word' id='word_1_280' title='bbox 748 3808 896 3866; x_wconf 88' lang='lat' dir='ltr'>minarum</span> <span class='ocrx_word' id='word_1_281' title='bbox 913 3828 980 3866; x_wconf 89' lang='lat' dir='ltr'>cum</span> <span class='ocrx_word' id='word_1_282' title='bbox 992 3805 1116 3865; x_wconf 86' lang='lat' dir='ltr'>dimidia</span> <span class='ocrx_word' id='word_1_283' title='bbox 1126 3804 1304 3884; x_wconf 89' lang='lat' dir='ltr'>descripsis-</span> 
     </span>
     <span class='ocr_line' id='line_1_37' title="bbox 76 3885 1303 3989; baseline -0.005 -36"><span class='ocrx_word' id='word_1_284' title='bbox 76 3885 80 3891; x_wconf 17' lang='grc' dir='ltr'>Ι</span> <span class='ocrx_word' id='word_1_285' title='bbox 136 3914 217 3966; x_wconf 92' lang='lat' dir='ltr'>sem,</span> <span class='ocrx_word' id='word_1_286' title='bbox 253 3890 358 3971; x_wconf 85' lang='lat' dir='ltr'>quanti</span> <span class='ocrx_word' id='word_1_287' title='bbox 383 3912 417 3950; x_wconf 89' lang='lat' dir='ltr'>ea</span> <span class='ocrx_word' id='word_1_288' title='bbox 435 3888 603 3950; x_wconf 87' lang='lat' dir='ltr'>aestimavit</span> <span class='ocrx_word' id='word_1_289' title='bbox 618 3891 684 3989; x_wconf 85' lang='lat' dir='ltr'>ipse</span> <span class='ocrx_word' id='word_1_290' title='bbox 703 3891 925 3962; x_wconf 83' lang='lat' dir='ltr'>adversarius,</span> <span class='ocrx_word' id='word_1_291' title='bbox 943 3889 1094 3970; x_wconf 90' lang='lat' dir='ltr'>cumipse</span> <span class='ocrx_word' id='word_1_292' title='bbox 1113 3890 1202 3949; x_wconf 86' lang='lat' dir='ltr'>etde</span> <span class='ocrx_word' id='word_1_293' title='bbox 1221 3889 1303 3948; x_wconf 87' lang='lat' dir='ltr'>mille</span> 
     </span>
     <span class='ocr_line' id='line_1_38' title="bbox 52 3970 1325 4055; baseline -0.004 -18"><span class='ocrx_word' id='word_1_294' title='bbox 52 3976 124 4038; x_wconf 82' lang='lat'><strong>2&#39;92</strong></span> <span class='ocrx_word' id='word_1_295' title='bbox 138 3978 287 4047; x_wconf 84' lang='lat' dir='ltr'>drachmis</span> <span class='ocrx_word' id='word_1_296' title='bbox 313 3988 343 4034; x_wconf 90' lang='lat' dir='ltr'>ct</span> <span class='ocrx_word' id='word_1_297' title='bbox 368 3976 405 4035; x_wconf 89' lang='lat' dir='ltr'>de</span> <span class='ocrx_word' id='word_1_298' title='bbox 431 3996 484 4049; x_wconf 90' lang='lat' dir='ltr'>eo,</span> <span class='ocrx_word' id='word_1_299' title='bbox 510 3996 549 4034; x_wconf 91' lang='lat' dir='ltr'>nc</span> <span class='ocrx_word' id='word_1_300' title='bbox 574 3976 642 4053; x_wconf 83' lang='lat' dir='ltr'>quis</span> <span class='ocrx_word' id='word_1_301' title='bbox 665 3982 798 4055; x_wconf 85' lang='lat' dir='ltr'>unquam</span> <span class='ocrx_word' id='word_1_302' title='bbox 822 3970 905 4035; x_wconf 82' lang='lat' dir='ltr'>mihi</span> <span class='ocrx_word' id='word_1_303' title='bbox 920 3974 1106 4045; x_wconf 85' lang='lat' dir='ltr'>subscribat,</span> <span class='ocrx_word' id='word_1_304' title='bbox 1132 3974 1325 4054; x_wconf 88' lang='lat' dir='ltr'>pericliter:</span> 
     </span>
     <span class='ocr_line' id='line_1_39' title="bbox 16 4059 1305 4154; baseline -0.004 -31"><span class='ocrx_word' id='word_1_305' title='bbox 16 4090 40 4145; x_wconf 21' lang='lat'>*¹</span> <span class='ocrx_word' id='word_1_306' title='bbox 113 4083 238 4140; x_wconf 85' lang='lat' dir='ltr'>neque</span> <span class='ocrx_word' id='word_1_307' title='bbox 258 4061 347 4120; x_wconf 87' lang='lat' dir='ltr'>etiam</span> <span class='ocrx_word' id='word_1_308' title='bbox 364 4082 463 4154; x_wconf 85' lang='lat' dir='ltr'>usque</span> <span class='ocrx_word' id='word_1_309' title='bbox 481 4059 557 4120; x_wconf 90' lang='lat' dir='ltr'>adeo</span> <span class='ocrx_word' id='word_1_310' title='bbox 574 4059 650 4118; x_wconf 86' lang='lat' dir='ltr'>vel</span> <span class='ocrx_word' id='word_1_311' title='bbox 640 4069 747 4140; x_wconf 78' lang='lat' dir='ltr'>rnops,</span> <span class='ocrx_word' id='word_1_312' title='bbox 782 4061 846 4121; x_wconf 85' lang='lat' dir='ltr'>vel</span> <span class='ocrx_word' id='word_1_313' title='bbox 848 4059 1012 4120; x_wconf 88' lang='lat' dir='ltr'>amicorum</span> <span class='ocrx_word' id='word_1_314' title='bbox 1030 4059 1190 4138; x_wconf 84' lang='lat' dir='ltr'>praesidiis</span> <span class='ocrx_word' id='word_1_315' title='bbox 1211 4060 1305 4119; x_wconf 88' lang='lat' dir='ltr'>desti·</span> 
     </span>
     <span class='ocr_line' id='line_1_40' title="bbox 47 4143 1349 4243; baseline -0.002 -39"><span class='ocrx_word' id='word_1_316' title='bbox 47 4158 51 4165; x_wconf 83' lang='grc'><em>’</em></span> <span class='ocrx_word' id='word_1_317' title='bbox 137 4157 220 4212; x_wconf 83' lang='lat' dir='ltr'>tutus</span> <span class='ocrx_word' id='word_1_318' title='bbox 246 4169 330 4219; x_wconf 88' lang='lat' dir='ltr'>sum,</span> <span class='ocrx_word' id='word_1_319' title='bbox 356 4160 405 4219; x_wconf 85' lang='lat' dir='ltr'>nt,</span> <span class='ocrx_word' id='word_1_320' title='bbox 432 4145 493 4226; x_wconf 87' lang='lat' dir='ltr'>qui</span> <span class='ocrx_word' id='word_1_321' title='bbox 508 4166 542 4205; x_wconf 89' lang='lat' dir='ltr'>ea</span> <span class='ocrx_word' id='word_1_322' title='bbox 561 4144 762 4217; x_wconf 88' lang='lat' dir='ltr'>describeret,</span> <span class='ocrx_word' id='word_1_323' title='bbox 788 4145 940 4215; x_wconf 87' lang='lat' dir='ltr'>neminem</span> <span class='ocrx_word' id='word_1_324' title='bbox 965 4143 1102 4204; x_wconf 85' lang='lat' dir='ltr'>iuvenire</span> <span class='ocrx_word' id='word_1_325' title='bbox 1127 4145 1349 4243; x_wconf 71' lang='lat' dir='ltr'>potuissem.</span> 
     </span>
     <span class='ocr_line' id='line_1_41' title="bbox 127 4189 1307 4310; baseline 0.001 -23.007"><span class='ocrx_word' id='word_1_326' title='bbox 127 4229 197 4288; x_wconf 90' lang='lat' dir='ltr'>Sed</span> <span class='ocrx_word' id='word_1_327' title='bbox 217 4232 287 4310; x_wconf 75' lang='lat' dir='ltr'>quia</span> <span class='ocrx_word' id='word_1_328' title='bbox 304 4189 407 4296; x_wconf 87' lang='lat' dir='ltr'>nibil</span> <span class='ocrx_word' id='word_1_329' title='bbox 399 4255 430 4292; x_wconf 91' lang='grc' dir='ltr'>ιιι</span> <span class='ocrx_word' id='word_1_330' title='bbox 448 4230 538 4301; x_wconf 85' lang='lat' dir='ltr'>robus</span> <span class='ocrx_word' id='word_1_331' title='bbox 556 4228 695 4289; x_wconf 88' lang='lat' dir='ltr'>humanis</span> <span class='ocrx_word' id='word_1_332' title='bbox 715 4231 857 4292; x_wconf 89' lang='lat' dir='ltr'>omnibus</span> <span class='ocrx_word' id='word_1_333' title='bbox 875 4228 1096 4289; x_wconf 90' lang='lat' dir='ltr'>intolerabilius</span> <span class='ocrx_word' id='word_1_334' title='bbox 1116 4250 1183 4288; x_wconf 90' lang='lat' dir='ltr'>esse</span> <span class='ocrx_word' id='word_1_335' title='bbox 1203 4228 1307 4288; x_wconf 84' lang='lat' dir='ltr'>existi-</span> 
     </span>
     <span class='ocr_line' id='line_1_42' title="bbox 89 4312 1308 4399; baseline -0.004 -21.826"><span class='ocrx_word' id='word_1_336' title='bbox 89 4312 395 4396; x_wconf 68' lang='grc' dir='ltr'><strong>ἰιιιΙιιιιι,..ι]ιιιιιι,</strong></span> <span class='ocrx_word' id='word_1_337' title='bbox 419 4339 487 4378; x_wconf 89' lang='lat' dir='ltr'>cum</span> <span class='ocrx_word' id='word_1_338' title='bbox 505 4314 581 4374; x_wconf 89' lang='lat' dir='ltr'>mibi</span> <span class='ocrx_word' id='word_1_339' title='bbox 598 4314 714 4383; x_wconf 85' lang='lat' dir='ltr'>fieret</span> <span class='ocrx_word' id='word_1_340' title='bbox 705 4315 833 4388; x_wconf 85' lang='lat' dir='ltr'>rniuria,</span> <span class='ocrx_word' id='word_1_341' title='bbox 850 4313 970 4399; x_wconf 64' lang='lat' dir='ltr'>allum</span> <span class='ocrx_word' id='word_1_342' title='bbox 960 4312 1213 4385; x_wconf 57' lang='lat' dir='ltr'>iniuriissasfeeto</span> <span class='ocrx_word' id='word_1_343' title='bbox 1232 4313 1308 4383; x_wconf 80' lang='lat' dir='ltr'>mihi</span> 
     </span>
    </p>
   </div>
   <div class='ocr_carea' id='block_1_11' title="bbox 0 0 1379 4754">
    <p class='ocr_par' dir='ltr' id='par_1_14' title="bbox 0 0 1379 4754">
     <span class='ocr_line' id='line_1_43' title="bbox 0 0 1379 4754; baseline 0 0"><span class='ocrx_word' id='word_1_344' title='bbox 0 0 1379 4754; x_wconf 95' lang='lat' dir='ltr'> </span> 
     </span>
    </p>
   </div>
  </div>
 </body>
</html>
