2722 4754
55 136 77 248 f
139 184 200 244 310
249 170 278 204 ³
387 130 782 271 'nunosvnnnrs
819 171 1035 267 onn'rto‘
1088 173 1095 180 ’

139 323 223 398 cere:
249 355 320 396 non
331 334 425 416 igitur
442 351 497 393 vos
513 331 621 405 decet,
639 329 783 398 auxilium
801 349 818 389 a
835 328 925 388 nohis
944 327 1049 408 petere
1068 323 1108 389 ad
1126 345 1160 383 ea
1180 321 1214 380 in
1231 321 1314 400 inte7

139 418 539 502 grum‘restituenda,quae
557 416 590 476 et
606 416 638 476 in
657 434 710 477 vos
731 428 762 475 et
775 434 831 475 nos
849 414 925 475 male
942 411 1138 494 consulentes
1154 406 1311 470 amisistis:

51 496 58 581 ζ
139 505 237 578 haec,
257 505 397 584 iuquam,
423 502 450 562 si
466 501 698 582 responderint,
716 520 828 580 quaeso
847 520 917 575 vos,
936 519 1039 559 annon
1058 518 1166 557 eorum
1186 493 1312 572 aequior

21 581 24 599 ⁶
65 578 72 630 3
139 590 246 651 futura
264 602 315 650 -est
340 601 559 668 qnam-nostra
584 585 702 648 oratio?
727 586 794 668 Ego
811 585 944 665 quidem
968 584 1087 665 opinor.
1119 580 1210 658 Quin
1237 579 1309 651 illud

127 675 230 736 'etiam
249 673 309 735 diei
327 696 390 737 non
414 673 545 754 poterit,
570 694 629 751 vos
649 671 849 754 probabiliter
872 671 1102 731 circumventos·
1119 687 1186 730 esse
1211 665 1309 753 etde

141 773 272 841 ceptus·
296 759 374 839 Nam
398 760 424 820 si
448 757 525 824 nihil
548 757 629 818 aliud
653 757 787 841 cogitare
811 755 960 838 possetis,
986 776 1048 826 nee
1052 808 1055 812 ,
1067 754 1126 837 ipsi
1149 751 1309 835 prudentia

56 847 118 910 417
140 845 280 906 valeretis
306 846 352 905 ad·
367 843 543 909 huiusmodi
566 863 615 903 res
639 843 866 924 intelligendas:
893 842 1063 921 exemplum
1090 837 1310 924 Olynthiorum

91 925 105 970 ’Χ
140 924 413 1002 ιὶὀεπεῐῑεηὶεεεῑ,
431 930 484 1009 qui
503 927 613 1007 quibus
630 928 745 1009 accepti
762 928 859 987 modis
877 949 894 986 a
910 927 1053 1009 Philippo
1071 948 1162 1006 quam
1181 923 1231 984 illi
1247 945 1310 1006 gra-

55 1043 58 1050 ·
97 1012 99 1016 ¹
139 1015 212 1084 tiam
237 1014 484 1077 retulerunt??ls
509 1013 684 1073 Potidaeam
710 1012 753 1073 eis
778 1034 842 1073 uon
867 1021 933 1081 tum
959 1012 1109 1085 restituit,
1136 1032 1207 1071 eum
1222 1011 1310 1094 tueri

109 1113 125 1139 ³
139 1090 254 1162 diutius
270 1121 334 1160 non
349 1111 463 1181 posset,
477 1098 733 1180 quemadmodum
747 1098 834 1163 vobis
845 1094 1059 1178 Cersobleptes
1066 1094 1312 1157 Chersonesum:

14 1214 42 1251 Λ
140 1187 327 1248 sedhellum
345 1184 501 1265 vobiscum
520 1204 647 1267 gerens,
674 1185 790 1266 magnis
809 1182 959 1245 sumtibus
977 1185 1081 1257 lactis,
1110 1184 1140 1244 vi
1160 1183 1312 1266 expugna-

103 1298 106 1307 ‘
140 1285 200 1333 tam
210 1293 313 1346 „eum
332 1271 414 1353 ipse,
427 1271 467 1344 ,si
480 1269 589 1344 vellet,
606 1269 739 1330 retinere
754 1270 929 1351 potuisset,
949 1269 1088 1343 tradidit,
1111 1290 1146 1329 ae
1164 1289 1205 1329 ne
1224 1289 1312 1340 cona·
1346 1324 1349 1329 .

140 1370 190 1418 tus
210 1357 399 1437 quidemess
415 1354 695 1437 facerequicqnam'
713 1356 803 1438 aliud.
834 1356 880 1416 llli
898 1369 1018 1428 tamen,
1037 1354 1138 1435 quoad
1158 1375 1230 1422 eum
1249 1366 1314 1414 tau-

49 1467 55 1471 ’
119 1447 206 1504 ⁴tum
226 1463 292 1512 esse
310 1441 468 1515 videbant,
492 1455 528 1502 ut
545 1441 749 1524 magnitudini
767 1442 832 1502 eius
851 1442 926 1501 fides
945 1441 1050 1500 haberi
1068 1438 1189 1521 posset,
1214 1450 1248 1499 et
1265 1459 1316 1499 so·¹
1338 1482 1347 1497 .

56 1580 60 1585 .
142 1529 182 1591 eii
201 1529 266 1588 eius
285 1539 371 1587 eraut
389 1538 420 1586 et
436 1528 563 1609 propter
580 1549 650 1587 eum
668 1549 726 1588 nos
746 1522 970 1608 oppugnabant.
1015 1526 1074 1603 Ssed
1094 1548 1164 1587 cum
1182 1522 1316 1600 videant,

49 1672 52 1676 .
143 1625 213 1675 eum
239 1614 284 1673 ita‘
306 1613 455 1684 crevisset
476 1625 512 1675 ut
538 1612 603 1672 eius
620 1613 758 1694 potentia
775 1613 834 1672 sihi
852 1613 1014 1673 metuenda
1038 1611 1092 1672 sit:
1116 1622 1240 1671 tantum
1265 1609 1315 1671 aha

50 1701 58 1760 ᾖ
79 1720 82 1721 ’
143 1705 248 1780 sunta
265 1698 469 1783 decernendo,
487 1697 513 1758 si
533 1698 600 1777 quis
619 1719 726 1782 eornm
743 1697 885 1778 aliquem,
903 1719 959 1779 per
974 1718 1051 1777 quos
1070 1696 1135 1756 eius
1152 1695 1314 1777 imperium

76 1792 80 1799 “
135 1772 266 1844 hortum
285 1797 316 1843 et
332 1785 489 1843 firmatum
503 1796 572 1856 est,
590 1783 752 1857 occiderit,
771 1805 840 1848 eum
860 1805 876 1843 e
895 1776 1050 1844 socioru'm
1069 1782 1187 1844 ditione
1200 1780 1323 1843 abduci·

84 1947 87 1950 Ι
144 1869 252 1942 licere,
276 1880 312 1929 ut
338 1881 489 1942 nostram,
516 1888 593 1948 quos
618 1869 720 1928 sciunt
745 1890 816 1949 prae
845 1864 987 1929 omnibus
1014 1868 1078 1927 aliis
1107 1888 1177 1933 cum
1203 1867 1318 1939 amicos

120 1996 121 1999 η
144 1955 228 2027 eius,
252 1965 318 2035 tum
336 1950 443 2034 ipsum
455 1952 629 2034 Philippum
648 1963 765 2014 summa
782 1976 849 2015 eum
867 1955 1023 2035 voluptate
1042 1953 1198 2016 occisuros
1209 1951 1317 2026 ‚sami-

143 2040 245 2106 ‘eitiam
265 2039 481 2120 expetiverint,
499 2038 676 2099 societatem
695 2040 768 2102 item
786 2053 937 2113 nostram,
954 2053 995 2099 ut
1006 2039 1127 2109 ferunt,
1147 2038 1319 2118 expetituri.

44 2180 46 2186 ,
145 2124 266 2200 Quodsi
291 2123 431 2207 Olynthii
454 2125 556 2185 futura
580 2125 755 2205 prospicere
770 2120 907 2191 norunt:
933 2146 1004 2199 vos,
1030 2124 1084 2204 qui
1109 2122 1338 2202 Athenienses*

99 2215 108 2221 “
126 2285 128 2289 .
146 2209 234 2283 estis,
253 2230 316 2268 non
334 2210 415 2281 idern
432 2207 571 2272 facietis?
595 2208 709 2270 Annon
727 2210 935 2291 turpissimum
953 2210 1061 2283 fuerit,
1079 2230 1151 2282 vos,
1170 2209 1225 2288 qui
1243 2231 1320 2269 eon·

145 2293 207 2377 tilii
230 2293 369 2374 capiendi
387 2296 424 2353 de
448 2294 540 2354 rehus
561 2295 702 2376 gerendis
720 2295 847 2356 seientia
865 2308 1016 2376 praestare
1035 2295 1217 2368 videamini,
1244 2295 1319 2374 quid

96 2432 99 2451 „
144 2379 299 2460 expediat,
318 2379 419 2438 minus
436 2381 604 2462 prudenter
623 2402 712 2459 quam
731 2379 897 2464 Olynthios
916 2376 1186 2457 animadvertisse?
1214 2379 1319 2441 ¹Audio

143 2484 247 2550 porro,
265 2464 456 2526 istnm'idem
474 2463 643 2526 allaturum¹
654 2484 737 2539 esse,
756 2468 840 2546 quod
858 2467 895 2526 ab
909 2466 1127 2539 ,Aristomacho
1147 2465 1245 2532 semel
1263 2486 1319 2546 pro

91 2556 98 2564 ”
144 2549 293 2620 concione
312 2549 427 2610 dictum
446 2547 502 2623 est,
520 2572 675 2630 nunquam
692 2548 923 2633 Cersobleptem
939 2549 1132 2617 Chersoneso
1148 2552 1240 2611 volsis
1259 2544 1330 2611 eri-⁴

131 2623 254 2716 ‚pienda
271 2647 388 2695 vestras
402 2634 576 2696 inimicitias
588 2646 813 2718 suscepturum.
848 2637 912 2698 Nec
932 2638 1031 2712 enim,
1048 2639 1073 2697 si
1093 2637 1209 2716 ceperit
1226 2643 1318 2717 atque

60 2750 63 2754 »
86 2720 100 2739 '⁴
143 2719 298 2792 obtineat,
320 2720 381 2779 illi·
397 2722 673 2794 commodaturam,
702 2723 787 2783 cuius
813 2736 934 2802 pacatae
960 2724 1076 2782 reditus
1105 2735 1142 2783 et>
1160 2721 1320 2804 vectigalia

90 2832 94 2845 «
142 2804 398 2888 triginta'talenta
417 2827 480 2866 non
500 2807 652 2866 excedant.
696 2808 750 2866 Sin
768 2807 851 2877 bello
869 2809 1043 2880 infestetur:
1059 2809 1172 2881 '‘nullus
1189 2800 1318 2868 'omnino

76 2934 77 2939 κ
145 2891 185 2951 s'it
209 2891 343 2964 fruetus,
370 2914 463 2970 quum
489 2912 526 2952 ex
551 2892 694 2972 emporiis
719 2892 817 2976 (quae
837 2893 910 2953 helli
927 2907 1064 2975 tempore
1084 2890 1322 2974 clauderentur),

144 2975 273 3054 amplius
298 2973 670 3062 ducentorumtalenthm
695 2979 811 3038 reditus
836 2980 990 3061 percipiat.
1035 2981 1137 3054 Quare
1162 2978 1208 3052 si,
1235 2975 1336 3059 parvi

145 3059 249 3120 lucelli
266 3081 320 3140 spe
337 3062 503 3134 adductus,
529 3061 625 3122 hostis
640 3085 711 3123 ,esse
730 3063 924 3137 malit„cum
942 3060 1162 3146 pluraspossit,
1179 3063 1318 3124 >amicitia

25 3194 31 3201 .
56 3150 64 3162 ‘
144 3156 248 3205 nostra
267 3147 417 3220 munitus,
444 3147 600 3208 obtinere:
629 3149 730 3209 mirari
748 3162 815 3210 sese
835 3151 1024 3211 dictitabunt.
1068 3151 1145 3210 Mihi
1162 3171 1236 3211 vero
1254 3169 1320 3208 nou

145 3231 287 3291 deessent
305 3232 459 3312 complura
478 3233 621 3305 dicenda,
645 3233 677 3292 in
697 3257 774 3314 quae
793 3235 819 3295 si
838 3235 905 3315 quis
921 3225 1097 3310 intueatur,
1112 3236 1213 3318 ,magis
1231 3234 1317 3294 illum

98 3336 100 3349 ¹
143 3313 368 3378 formidandum
393 3331 498 3398 putet,
525 3340 614 3399 quam
640 3318 695 3379 hac
713 3320 1167 3403 cogitatione-concedendum,
1191 3333 1226 3400 ut
1250 3320 1316 3381 eius

144 3402 219 3480 opes
237 3399 468 3484 augeanturaid
484 3403 584 3464 solum
602 3413 714 3478 tamen,
733 3408 816 3485 quod
835 3407 867 3465 in
885 3416 1008 3488 promtu
1026 3409 1154 3467 unanime
1164 3405 1245 3483 jmihi
1262 3417 1320 3478 est,

145 3485 249 3546 dicam.
293 3488 397 3548 Nostis
415 3489 522 3569 utique
541 3481 732 3571 Philippum,
750 3490 971 3567 Athenienses,
997 3494 1197 3553 Macedonem
1214 3491 1318 3572 istum,

63 3645 70 3653 ..
143 3570 194 3631 cui
205 3571 348 3632 nimirum
367 3575 578 3658 multomagis
599 3570 899 3655 expediebantotius
918 3571 1114 3639 Macedoniae
1133 3577 1251 3638 reditus
1270 3580 1329 3637 se?

15 3664 21 3670 '
119 3710 128 3736 ,A
143 3677 215 3716 cure
233 3658 407 3738 percipere,
433 3682 523 3740 quam
543 3683 611 3721 eum
628 3661 772 3741 periculis
790 3660 1067 3743 Amphipolitanos.
1109 3663 1207 3746 Magis
1225 3666 1316 3742 porro

27 3745 32 3752 '
143 3761 211 3801 ere
231 3743 295 3803 eius
312 3743 434 3818 fuisset,
460 3745 622 3807 arnicitiam
640 3760 785 3821 vestram,
811 3771 901 3827 quam
920 3771 936 3808 a
954 3762 1038 3828 patre
1056 3757 1238 3829 parmenus
1257 3743 1316 3809 tra,

71 3864 76 3876 s
143 3825 235 3907 ditant
261 3843 432 3912 acceperat,
458 3831 556 3903 tueri,
584 3833 931 3910 quamlThessalorum,
959 3855 974 3892 a
1000 3834 1111 3915 quihus
1137 3845 1228 3914 pater
1253 3831 1317 3892 eius
1350 3878 1356 3890 .

84 3936 102 3969 κ
141 3931 238 3993 regno
264 3913 368 3995 pulsus
394 3917 509 3989 suerat,
539 3917 653 3978 arrrhire
679 3919 864 4000 societatem.
908 3917 984 3977 Nam
1010 3933 1131 3999 praeter
1157 3917 1315 3984 hocillud

65 4031 79 4076 f
143 3997 232 4056 etiarn
250 4000 353 4060 videre
373 4013 425 4061 est.
469 4005 533 4060 Vos
550 4025 724 4082 nunquam,
749 3997 971 4076 Athenienses,
997 4004 1094 4064 ullum
1113 4001 1347 4063 amicum‘de-·

132 4083 293 4166 seruistis:
311 4087 449 4159 Thessali
467 4084 620 4147 ricminem
637 4078 772 4168 unquam
791 4102 967 4150 constanter
984 4089 1197 4168 defenderunt
1229 4085 1314 4164 Quae

59 4164 119 4224 418
146 4188 214 4225 cum
233 4168 272 4226 ita
290 4170 366 4237 sint:
385 4194 474 4252 parva
494 4174 709 4247 emolumenta,
728 4187 759 4233 et
775 4173 908 4235 incertos
928 4174 1050 4248 amicos,
1069 4188 1100 4234 et
1117 4166 1315 4257 pericuta‘vi-

140 4251 222 4310 *detis
242 4274 311 4312 enm
328 4255 406 4316 vitae
426 4257 580 4318 securitati
598 4258 784 4339 praetulisse.
812 4260 899 4335 Quae
918 4283 1006 4325 causa
1024 4263 1148 4321 tandem
1168 4261 1236 4322 est?
1254 4261 1315 4319 Ne·
1335 4295 1344 4308 ν

97 4361 101 4375 ’
120 4417 122 4420 y
145 4359 205 4416 que
224 4338 303 4399 enirn
323 4339 414 4402 huius
433 4343 503 4403 sacti
521 4344 599 4407 ratio
618 4343 661 4407 ita
679 4357 725 4404 est
742 4343 925 4430 inpronrtu,
958 4341 1329 4421 Dicam,‘dthenienses.'
