2722 4754
340 268 344 277 .
428 211 491 272 nu
517 184 868 295 cuunsouuso
1173 162 1223 278 'ea

75 366 202 435 aeeuwi:
232 365 329 425 tantis
354 384 427 426 vero
453 362 619 437 sumtibus,
650 375 699 423 tot
723 364 905 441 triremibus,
921 365 1068 434 custodiri
1092 389 1109 428 a
1133 367 1223 429 nohis

77 446 265 537 nequaquam!
287 449 368 510 Nam
387 471 422 510 ea
439 448 561 531 quidem
579 461 661 508 esset
678 461 810 509 extrema
827 449 948 510 insania.
978 447 1090 512 Contra
1108 453 1222 528 hostes,

80 542 122 626 qui
141 535 250 618 legibus
274 535 413 597 coerceri
436 545 611 613 nequeunt,
639 532 749 594 milites
768 535 979 596 conscribendi
996 550 1068 598 sunt
1094 551 1124 599 et
1149 539 1219 599 mit·
1238 547 1277 606 63

81 626 167 691 rendae
182 620 321 680 triremes
341 633 373 679 et
386 619 512 700 pecunia
533 618 732 679 conferenda:
750 619 843 698 idque
857 623 1026 682 necessario
1041 624 1083 682 fit
1109 623 1153 685 At
1167 626 1222 685 ubi

86 733 140 776 mn
152 704 258 766 civibus
275 726 325 765 res
344 717 407 764 est:
432 703 713 775 senatusconsulto,
730 703 850 783 publica
867 707 1075 780 accusatione,
1099 709 1221 771 tributis

66 782 73 787 ’
89 793 185 863 iudicis,
200 801 264 849 tota
282 810 333 855 res
352 788 525 848 conficitur:
543 809 600 848 nec
611 788 748 868 pluribus
764 801 810 847 est
826 809 909 868 opus.
927 790 1009 850 Haec
1025 783 1221 871 prudentium

91 878 212 944 boninum
231 873 331 933 officia
353 885 438 944 sunt;
464 894 541 952 quae
560 885 660 932 sutem
685 872 736 931 isti
753 885 862 954 agunt,
889 874 1099 936 insultantium
1118 892 1149 939 et
1165 900 1221 940 ne-

86 964 146 1052 gotia
166 958 429 1037 corrumpentium.
463 958 509 1017 Ac
534 958 661 1017 istorum
696 957 818 1036 quidem
850 960 1016 1019 nonnullos
1043 983 1107 1021 esse
1134 963 1220 1040 tales,

24 1104 28 1111 ,
84 1065 235 1132 quanquam
260 1042 420 1102 serendum
446 1042 595 1125 graviter,
621 1063 685 1101 non
701 1055 803 1102 tamen
828 1043 959 1125 graviter
977 1059 1022 1105 est
1046 1047 1235 1111 ferendumr-
1276 1057 1278 1061 ’

83 1134 124 1197 sed
136 1130 187 1188 hoc
202 1127 323 1208 potius,
339 1148 394 1187 vos
413 1127 445 1185 in
465 1127 523 1185 hoc
547 1127 827 1188 consessuitaiam
853 1149 918 1187 esse
942 1130 1105 1205 animatos,
1123 1146 1174 1207 ut,
1193 1134 1221 1199 si
1307 1198 1309 1202 Α

82 1217 134 1300 quis
147 1233 196 1294 pro
213 1211 362 1272 concione
382 1211 507 1283 dixerit,
524 1211 702 1292 Diopithem
721 1233 803 1284 csse,
822 1226 874 1273 aut
892 1210 1062 1289 Charetem,
1079 1229 1132 1276 aut
1147 1217 1219 1276 Ari-

81 1299 260 1382 stophontem,
278 1309 330 1355 aut
350 1296 485 1375 quemvis
504 1296 625 1369 civium,
643 1295 692 1355 cui
709 1295 785 1354 mala
804 1298 904 1356 omnia
923 1300 1042 1381 accepta
1060 1302 1220 1363 referenda

81 1389 144 1458 sint,
166 1381 258 1442 statim
285 1380 491 1440 assentiamini
518 1381 631 1440 eteius
652 1380 783 1439 orationi
806 1380 1008 1461 applaudatis·
1034 1387 1077 1446 At
1100 1387 1125 1445 si
1149 1388 1218 1466 quis
1261 1392 1266 1413 l

169 1488 230 1526 ssus
247 1465 280 1524 in
298 1466 443 1539 medium,
467 1485 537 1524 vera
555 1466 649 1525 dieat:
674 1466 777 1546 Nugas
795 1466 893 1546 agitis,
910 1465 1128 1531 Athenienses:
1154 1494 1218 1532 ma·
1240 1516 1245 1527 ,

80 1487 307 1615 monrium
325 1563 357 1609 et
373 1571 475 1619 rerum
493 1549 599 1608 harum
612 1550 768 1629 Philippus
785 1561 831 1608 est
848 1565 961 1630 caput,
972 1554 1023 1632 qui
1042 1556 1068 1614 si
1085 1557 1218 1635 quievis-

78 1652 126 1710 set,
148 1634 219 1694 nihil
243 1634 361 1715 negotii
386 1647 469 1693 esset·
488 1635 685 1714 reipublicae:
710 1655 772 1693 non
792 1633 914 1713 quidem
932 1658 1001 1697 vera
1030 1659 1098 1697 euru
1118 1641 1219 1700 dicere

77 1716 166 1805 regaie
185 1719 330 1799 possetis,-
344 1720 408 1778 ‘sed
426 1719 557 1800 graviter
573 1720 663 1779 laturi
678 1733 780 1779 tamen
797 1719 943 1779 videmini
961 1734 1051 1801 atque
1067 1724 1227 1785 existima-1
1256 1733 1259 1739 ’

75 1808 130 1880 turi,
145 1825 211 1864 eum
227 1802 322 1862 veluti
340 1804 454 1863 cladem
473 1805 589 1863 afferre.
607 1807 641 1863 Iu
660 1826 746 1864 causa
764 1805 823 1863 hoe
842 1817 888 1864 est
905 1804 973 1887 (sed
992 1826 1046 1865 oro
1061 1829 1117 1888 per
1133 1810 1217 1882 deos,

75 1905 107 1964 nt,
120 1910 189 1970 quae
201 1888 238 1948 ad
250 1900 381 1947 vestram
396 1888 522 1948 salutem
535 1890 699 1968 pertinent,
712 1888 807 1947 libere
823 1888 923 1948 dicere
938 1890 1013 1949 mihi
1026 1891 1144 1973 liceat):
1155 1894 1216 1952 iem

75 1977 130 2037 olim
148 1973 265 2052 quidam
279 1972 466 2052 reipublicae
484 1973 701 2054 gubernatores
714 1973 754 2030 ita
771 1993 825 2031 vos
842 1989 1032 2052 paraverunt,
1050 1976 1128 2035 utin
1141 1998 1215 2037 con-

74 2058 190 2121 cionibus
216 2057 374 2116 metuendi
398 2057 462 2118 sitis
489 2069 519 2116 et
542 2078 642 2130 acres,
668 2050 700 2115 in
718 2057 834 2116 bellicis
858 2080 931 2118 vero
957 2060 1148 2140 apparatibus
1164 2082 1215 2121 re-

73 2143 139 2205 nissi
155 2155 191 2202 et.
199 2141 387 2222 aspernandi
409 2141 442 2199 Si
461 2142 527 2221 quis
545 2141 639 2224 igitur
655 2154 810 2201 auctorem
828 2142 978 2203 malorum
996 2166 1064 2204 eum
1083 2166 1149 2205 esse
1168 2146 1214 2207 di-

73 2241 146 2302 reret,
161 2247 250 2306 quem
268 2225 385 2286 sciretis
396 2225 477 2286 inter
491 2247 544 2286 vos
560 2247 649 2307 posse
669 2226 899 2306 comprehendi:
917 2230 1137 2289 assentiremini
1153 2232 1215 2290 uti-

71 2334 120 2394 que
140 2325 168 2373 et
183 2310 308 2371 velletis.
340 2311 365 2371 si
384 2311 542 2389 quievero
562 2333 631 2370 eum
650 2311 806 2399 designet,
831 2311 898 2391 qui,
925 2313 983 2372 nisi
999 2313 1096 2374 victus
1115 2315 1215 2389 armis,

69 2398 134 2459 allici
148 2395 294 2476 supplicio
312 2416 376 2455 nou
393 2408 511 2475 potest:
535 2394 668 2465 nescitis,
687 2395 805 2474 opinor,
824 2396 896 2474 quid
914 2397 954 2469 sit
970 2399 1137 2480 agendum,
1160 2400 1215 2460 sed

68 2505 112 2542 vos
128 2474 245 2563 coargui
262 2481 391 2540 moleste
408 2481 501 2539 sertis.
535 2468 633 2558 Atqui
650 2479 792 2553 decebat,
817 2479 1036 2556 Athenienses,
1062 2484 1214 2545 diversum

23 2630 26 2647 Ι
67 2567 137 2627 heri:
160 2579 193 2626 ut
209 2565 399 2647 magistratus
425 2565 559 2624 universi
584 2560 637 2625 vos
654 2564 885 2624 assuefacerent
909 2567 941 2625 in
960 2567 1158 2629 concionibus
1176 2569 1214 2628 ad
1291 2562 1296 2574 ¹

35 2668 48 2693 ⁰
64 2651 241 2723 clementiam
258 2663 289 2710 et
306 2649 523 2709 humanitatem
541 2648 624 2731 (nam
642 2649 674 2707 in
692 2648 739 2707 his
755 2650 792 2707 de
806 2649 872 2708 iure
891 2651 1000 2722 civium
1015 2665 1047 2711 et
1060 2653 1213 2713 sociorum

64 2734 180 2818 agitur),
194 2737 228 2794 iu
243 2734 417 2816 apparandis
435 2755 508 2796 vero
527 2733 614 2793 bellis
631 2733 814 2792 metuendos
830 2754 883 2792 vos
903 2747 934 2793 et
949 2756 1031 2793 aeres
1050 2737 1214 2796 efficerent

62 2821 106 2880 lbi
118 2820 196 2879 euim
210 2840 274 2881 cum
287 2820 426 2880 hostibus
442 2832 473 2879 et
486 2817 660 2878 adversariis
675 2838 724 2875 res
740 2828 792 2875 est.
812 2816 911 2890 Nune,
924 2819 996 2877 dum
1011 2819 1099 2878 vobis
1110 2829 1213 2880 assen-

61 2910 157 2966 tantur
180 2917 209 2964 et
230 2904 414 2965 mirabilibus
433 2903 566 2963 artificiis
585 2915 675 2982 atque
694 2900 847 2980 obsequiis
864 2914 993 2991 vestram
1011 2904 1136 2984 gratiane
1159 2926 1212 2964 au-

61 3002 208 3070 cupantur,
225 2988 257 3049 id
272 2989 360 3050 vobis
377 2989 581 3062 contulerunt,
598 2987 682 3047 utin
699 2986 897 3046 concionibus
914 2988 1023 3048 fastum
1040 3010 1112 3068 prae
1125 2990 1212 3050 vobis

61 3074 153 3135 ieratis
172 3087 203 3134 et
219 3075 255 3134 ab
272 3073 480 3135 adulatoribus
499 3074 575 3133 nihil
593 3072 738 3144 audiatis,
758 3071 817 3130 nisi
836 3073 920 3150 quod
937 3072 1059 3133 auribus
1078 3073 1213 3134 blandia—
1235 3088 1242 3103 ‘

62 3173 120 3234 tur:
136 3179 181 3218 res
199 3179 271 3219 vero
291 3180 329 3219 eo
346 3159 493 3219 redierint
511 3157 591 3218 ethi
609 3157 803 3238 negotiorum
821 3157 882 3217 sint
900 3170 1043 3230 eventus,
1061 3170 1096 3217 ut
1110 3159 1146 3218 de
1165 3180 1212 3218 sa-

63 3245 165 3304 luteet
179 3243 387 3303 incolumitate
405 3242 626 3322 periclitemini.
642 3241 733 3322 Agite
750 3261 835 3314 vero,
853 3263 908 3321 per
921 3244 1003 3303 Deos
1018 3242 1213 3317 immortales,

62 3328 85 3388 si
101 3328 203 3388 Graeci
219 3351 238 3389 a
254 3328 341 3388 vobis
359 3349 461 3387 eurum
481 3324 682 3399 occasionum,
701 3347 773 3404 quas
791 3346 846 3405 per
862 3326 1010 3409 ignaviam
1027 3329 1120 3388 modo
1139 3327 1213 3388 emi·
1250 3374 1253 3391 1

64 3411 149 3486 sistis,
164 3413 296 3473 rationes
315 3408 528 3492 reposcerent,
545 3432 661 3491 vosque
680 3410 917 3492 interrogarent:
935 3412 1081 3486 Subinde,
1114 3412 1212 3473 Athe-

64 3494 187 3572 nienses‘,
211 3497 329 3580 legatos
356 3498 394 3557 ad
412 3519 468 3557 nos
495 3497 631 3568 mittitis,
658 3494 845 3569 dictitantes,
869 3496 1043 3578 Philippum
1067 3498 1166 3558 nobis'
1182 3510 1213 3556 et
1292 3556 1296 3567 ,
1332 3512 1334 3527 ·

63 3581 176 3641 Graecis
192 3582 336 3643 omnihus
359 3581 513 3654 insidiari,
541 3593 571 3640 et
595 3579 750 3639 hominem
769 3600 834 3640 esse
861 3583 1094 3655 cavendum,.et
1110 3583 1136 3641 si
1154 3604 1218 3662 qua
1282 3604 1285 3609 ’

61 3678 126 3725 sunt
141 3665 201 3726 eius
217 3667 339 3748 generis
358 3667 430 3726 alia:
455 3686 578 3726 necesse
597 3664 670 3737 erit,
688 3685 744 3723 nos
762 3665 901 3725 assentiri
919 3679 950 3725 ct
967 3666 1061 3726 lateri.
1087 3668 1212 3728 facimus
1251 3672 1254 3677 ’

61 3748 133 3810 euim
144 3750 227 3811 haee:
241 3751 295 3825 At,
306 3772 325 3811 o
336 3751 508 3812 mortalium
520 3751 656 3811 omnium
666 3749 851 3832 ignavissimi
860 3747 1000 3832 (dicent),
1013 3773 1105 3830 quum
1118 3752 1211 3810 homo

60 3834 111 3894 iste
133 3848 297 3918 perpetuos
321 3837 426 3896 decem
452 3856 571 3896 menses
598 3834 732 3907 abesset,
757 3834 847 3894 itaet
870 3836 979 3894 morbo
1003 3849 1034 3896 et
1057 3836 1155 3901 hieme
1180 3847 1211 3894 et
1229 3837 1270 3896 64

60 3918 138 3978 hellis
154 3920 363 3994 interclusus,
380 3933 416 3980 ut
433 3921 558 3981 domum
580 3920 700 4001 regredi
722 3918 808 3978 nullo
826 3919 919 3978 modo
939 3933 1057 4000 posset:
1081 3941 1136 3979 vos
1155 3941 1213 3980 nec

58 4003 204 4065 Euboeam
221 4007 255 4066 in
273 4005 443 4065 libertatem
469 4004 653 4078 asseruistis,
676 4011 732 4063 nec
750 4016 914 4063 vestrarum
933 4026 1025 4084 opum
1052 4005 1213 4085 quicquam

57 4089 266 4170 recuperastis!
301 4091 367 4170 lpse
385 4111 476 4163 vero,
494 4091 567 4153 dutu
584 4111 638 4150 vos
657 4086 740 4149 domi
757 4088 885 4162 sedetis,
910 4089 982 4148 dum
1000 4089 1096 4149 otium
1114 4089 1213 4172 agitis,
1257 4146 1259 4151 .

57 4173 122 4233 dum
139 4175 204 4235 sani
223 4175 298 4236 estis
317 4173 357 4257 (si
376 4175 429 4254 qui
445 4189 546 4236 tamen
565 4174 611 4234 his
628 4173 714 4234 sactis
732 4172 797 4234 sani
815 4172 934 4232 dicendi
952 4171 1059 4258 sunt),
1084 4175 1161 4234 duos
1180 4174 1213 4233 iu

57 4257 171 4319 Euboea
196 4260 347 4344 tyrannos
374 4261 548 4320 constituit:
584 4280 715 4340 quorum
740 4259 868 4319 alterum
897 4277 913 4315 e
939 4257 1066 4339 regione
1092 4258 1212 4319 Atticae

56 4352 188 4425 tanquam
204 4344 473 4426 ⁴propugnaculum
491 4344 649 4427 opposuit,
661 4401 662 4404 ,
673 4342 802 4404 alterum
818 4342 863 4401 ad>
874 4339 1027 4402 Sciathum
1046 4342 1212 4403 collocavit
