2722 4754
730 64 738 90 l

334 170 612 280 rovenses:
636 213 937 283 sonorum-e
1151 192 1256 281 las·v
1298 294 1301 299 ,

50 367 200 433 avunculo
218 368 314 430 istius.
347 363 548 448 Posteaquam
566 366 660 452 igitur
675 381 763 449 pater
778 368 973 431 introducere
991 368 1065 431 istos
1078 370 1214 454 cogeba-

51 470 115 516 tur:
135 476 203 515 cum
218 476 275 536 ego
288 453 449 514 Mantitbei
462 453 587 513 nomine
601 453 793 514 introductus
807 472 915 530 essem,
933 455 976 515 sie
988 448 1081 535 istuin
1093 457 1216 539 Boeoti,
1257 465 1260 479 ¹

48 541 177 600 fratrem·
192 539 256 599 eius
274 537 422 619 Pamphili
446 539 571 598 nomine
589 537 763 599 introducit
797 540 845 598 Tu
862 559 936 600 vero
951 542 1089 602 :ostende
1107 563 1216 622 quem·
1281 588 1305 623 .-

49 646 139 706 quam
157 623 401 696 Atheniensium,
419 623 473 703 qui
491 622 611 682 duobus
628 623 691 683 suis
708 622 779 681 filiis
797 622 878 681 idem
896 645 1009 685 nomen
1028 624 1218 708 imposuerit

49 709 171 785 Quodsi
189 708 376 768 ostenderis:
403 728 460 790 ego
484 707 664 781 concedam,
691 720 807 786 patrem
832 706 914 767 istud
939 703 996 769 tibi
1023 720 1218 794 nomenxper

50 805 238 855 contemtum
256 793 409 852 indidisse.
433 793 627 871 Quamquam
645 793 671 852 si
688 791 756 852 talis
772 812 850 865 eras,
867 804 903 852 ut
919 794 1057 875 adoptari
1073 809 1220 880 te-coge-v
1318 813 1319 820 ’

44 888 207 958 res,·quo‘
227 891 325 937 autem
345 889 434 958 pacto
454 877 481 936 ei
499 878 649 957 placeres,
675 898 739 937 uon
757 877 926 960 cogitares:
950 878 1076 960 ignoro,
1095 883 1215 960 qualem
1309 915 1319 938 t

51 970 269 1044 oporteat-esse
283 984 458 1044 germanum
470 963 566 1022 filium
581 983 649 1045 erga
667 973 817 1044 parentes.
835 963 955 1037 Quodsi
972 985 1133 1046 germanus
1151 987 1215 1026 non

51 1070 126 1122 eras,
135 1070 197 1111 non
206 1048 299 1107 modo
308 1047 373 1106 iure
386 1059 561 1121 contemtus,
571 1068 661 1122 esses,
672 1048 725 1108 sed
737 1048 824 1108 etiam
835 1047 984 1126 periisses.
1000 1048 1126 1128 Alioqui
1136 1063 1217 1109 esset
1296 1060 1299 1065 ’

50 1133 228 1214 indignum,
253 1146 322 1192 cum
340 1131 422 1214 leges
449 1133 487 1192 de
505 1133 679 1212 parentibus
703 1133 781 1192 latae
799 1131 832 1192 in
856 1126 936 1191 filios
955 1155 971 1192 a
991 1146 1077 1214 patre
1095 1130 1229 1216 agnitos
1272 1194 1275 1202 Δ

51 1217 185 1292 valeant,
205 1218 325 1277 easdem
342 1217 375 1276 in
394 1237 462 1290 eos,
488 1217 540 1296 qui
559 1217 671 1277 invitos
688 1219 726 1277 ad
744 1238 777 1276 se
793 1216 1132 1301 adoptandoseogunt,
1146 1222 1215 1277 'non

51 1301 157 1362 valere.
193 1302 264 1374 Sed,
283 1323 301 1360 o
320 1297 678 1378 molestissime-Boeoto
695 1301 832 1381 inprimis
850 1301 887 1358 ab
906 1303 1058 1380 omnibus,
1077 1324 1153 1382 quae
1171 1302 1216 1363 fa-

52 1387 148 1460 ctitas,
167 1385 313 1446 desistito.
342 1386 462 1459 Quodsi
480 1386 605 1446 omnino
624 1385 766 1445 nonnis:
784 1385 816 1443 in
836 1405 873 1443 eo
890 1386 1008 1459 saltem,
1026 1387 1155 1459 obsecro
1174 1399 1217 1459 te,
1264 1389 1269 1437 ἶ

51 1471 269 1552 obtemperato.
282 1498 284 1502 ⁴
298 1470 411 1530 Desine
429 1469 485 1530 tibi
502 1470 725 1551 ipsilacessere
743 1468 917 1553 negotium:
943 1471 1048 1531 desine
1065 1493 1114 1531 me
1133 1470 1216 1533 calu-
1262 1488 1265 1493 ·

52 1556 173 1616 mniari:
198 1567 359 1616 contentus
386 1567 451 1615 esto
476 1554 613 1629 civitate,
639 1553 760 1636 opibus,
784 1568 869 1636 patre
894 1555 1034 1616 inventis.
1067 1556 1237 1616 Nemo'te·

50 1637 133 1701 lris'ce
152 1641 251 1721 pellit:
271 1660 329 1722 ego
348 1652 430 1699 certe
447 1660 519 1700 non.
536 1640 597 1700 Sed
616 1641 651 1715 si,
667 1654 704 1701 ut
721 1639 884 1721 profiteris,
900 1638 995 1699 frater
1007 1661 1053 1715 es,
1068 1642 1093 1700 si
1109 1653 1139 1700 et
1156 1642 1218 1701 lra-
1240 1710 1243 1715 ¹
1273 1686 1278 1692 -

49 1726 105 1786 tris
123 1726 252 1809 iungere
271 1725 399 1798 officiis,
421 1738 567 1807 cognatus
587 1716 652 1785 esie
670 1724 828 1784 videberis.
863 1723 918 1783 Sin
935 1737 1036 1785 autem
1055 1725 1218 1798 insidiaris,
1232 1721 1246 1730 ’

51 1810 169 1892 litigas,
185 1810 319 1885 invides,
338 1810 512 1870 maledicis:
537 1810 688 1871 videberis
707 1810 738 1869 in
757 1810 853 1869 aliena
872 1809 1031 1884 incidisse,
1050 1811 1155 1891 eisque
1173 1810 1217 1869 sic
1236 1847 1239 1853 ·

51 1896 109 1968 uti,
127 1909 162 1955 ut
180 1917 257 1975 quae
273 1895 311 1954 ad
328 1894 455 1954 texuihil
473 1895 626 1954 attineant
660 1895 737 1954 Nam
756 1915 813 1976 ego
827 1894 971 1972 squidem,
988 1909 1025 1956 ut
1041 1896 1168 1963 maxime
1179 1909 1226 1956 te·
1243 1925 1248 1933 ·

50 1991 147 2060 pater,
165 2003 235 2053 cum
252 2002 324 2038 suus
344 1999 442 2059 osses,
460 2000 523 2039 non
542 1981 715 2060 adoptaret,
733 1978 873 2050 iniuriam
892 1977 949 2039 tibi
967 2001 1030 2039 non
1047 1981 1142 2041 lucio:
1160 2001 1220 2040 nec

52 2064 134 2125 enirn
154 2085 201 2122 me
220 2065 378 2143 exquirere
396 2066 500 2137 decet,
525 2065 577 2143 qui
589 2065 656 2123 sint
673 2064 755 2122 illius
773 2063 845 2136 filii,
870 2065 924 2122 sed
943 2064 1027 2124 illum
1045 2067 1216 2126 'ostendere
1240 2071 1303 2127 130

52 2149 165 2221 decuit,
186 2149 239 2227 qui
258 2149 341 2229 mihi,
349 2168 406 2228 pro
423 2148 565 2209 fratribus
584 2148 715 2207 habendi
733 2159 841 2206 essent
864 2149 949 2222 »Quo
967 2149 1062 2230 igitur
1079 2162 1218 2230 tempore
1261 2155 1265 2166 “

51 2246 83 2293 te
102 2255 166 2292 non
184 2235 350 2313 adoptarat,
369 2253 469 2311 neque
489 2252 546 2314 ego
563 2245 594 2292 te
613 2234 650 2292 ad
668 2230 716 2292 me
735 2231 863 2291 attinere
881 2231 1038 2312 putabam:
1056 2248 1218 2315 postquam
1236 2244 1239 2249 ’

51 2330 154 2379 autem
172 2318 336 2398 adoptavit,
355 2328 461 2398 etego
478 2329 510 2376 te
526 2329 668 2399 agnosco.
685 2319 758 2393 Quo
777 2316 886 2398 signo?
903 2317 1082 2378 Patrimonii
1100 2319 1220 2401 portio-
1312 2335 1316 2346 ’

42 2424 121 2482 nem
140 2402 233 2461 babes
250 2415 320 2482 post
344 2401 460 2461 obitum
479 2401 589 2482 patris,
620 2403 699 2461 etin
717 2418 869 2477 sacrorum
896 2415 928 2462 et
952 2403 1150 2481 profanorum
1168 2411 1226 2465 so-'
1245 2447 1252 2453 -

50 2488 191 2548 cietatem
210 2487 336 2546 venisti:
354 2486 418 2545 istis
437 2506 528 2545 nemo
545 2499 577 2546 te
597 2487 726 2568 expellit
745 2486 828 2560 Quid
846 2486 999 2566 requiris?
1018 2487 1050 2547 Si
1068 2511 1140 2550 vero
1159 2489 1219 2548 ini-
1294 2539 1302 2545 .

51 2593 112 2653 que
128 2593 230 2631 secum
241 2571 297 2653 ,agi
315 2571 441 2656 dixerit,
459 2572 485 2630 si
501 2570 621 2631 fleverit
640 2585 671 2631 et
688 2571 826 2644 eiularit,
839 2592 955 2653 ‚meque
973 2573 1134 2634 accusarit:
1152 2595 1219 2634 ver-

51 2657 184 2721 biseius
202 2655 297 2715 nolite
316 2656 447 2726 credere.
481 2656 590 2735 Neque
609 2657 690 2716 enim
708 2677 838 2736 aequum
858 2669 913 2730 est,
931 2679 998 2716 cum
1018 2679 1100 2739 nunc
1119 2680 1154 2719 ea
1170 2679 1232 2724 res,
1293 2666 1300 2677 '

52 2756 118 2801 non
134 2754 254 2823 agatur:
272 2740 326 2800 sed
344 2740 424 2802 illud
438 2741 623 2815 existimate,
641 2762 731 2822 posse
749 2741 949 2801 nibilominus
969 2762 1055 2817 eum,
1074 2744 1100 2803 si
1115 2745 1221 2807 Boeo-

52 2840 103 2887 tus
121 2839 256 2897 vocetur,
275 2845 387 2905 poenas
406 2847 421 2883 a
440 2847 488 2884 me
506 2847 634 2886 sumere.
658 2826 741 2901 Quid
759 2826 853 2908 igitur
871 2827 1049 2887 contendis?
1074 2829 1120 2888 Ne
1138 2829 1219 2889 fece-

52 2912 111 2983 ris,
129 2907 174 2969 ne¹
187 2910 227 2968 ita
245 2910 382 2970 studiose
400 2922 518 2969 nostras
543 2908 714 2971 inimicitias
742 2908 915 2992 expetieris:
941 2909 1042 2992 neque
1061 2913 1141 2972 enim
1161 2913 1220 2995 ego
1289 2930 1306 2964 s

55 3009 120 3056 tuas
141 3006 257 3075 expeto.
275 2993 350 3052 Nam
370 2994 460 3053 etiam
477 3007 569 3068 nunc,
586 3017 627 3055 ne
644 3009 675 3055 te
690 2996 749 3055 boe
765 3008 944 3076 praetereat,
962 3018 1010 3056 me
1029 3011 1111 3057 tuam
1129 3020 1220 3082 agere

56 3101 174 3141 causam
191 3078 294 3159 potius
312 3079 474 3158 profiteor,
501 3100 589 3158 quam
603 3101 724 3153 meam,
748 3081 819 3139 dum
838 3081 869 3140 id
884 3101 963 3164 ago,
980 3103 1019 3141 ne
1037 3080 1118 3142 idem
1136 3097 1220 3161 uter·
1273 3101 1282 3112 ·

58 3184 117 3244 que
136 3185 248 3223 nomen
267 3163 443 3222 babeamus.»
455 3165 498 3222 Ut
516 3164 595 3223 enim
613 3164 799 3238 nibilaliud,
816 3165 893 3226 illud
912 3179 993 3226 certe
1011 3167 1078 3227 fieri
1096 3190 1222 3230 necesse

58 3263 113 3322 est,
130 3261 175 3321 ut,
194 3248 246 3328 qui
264 3248 401 3322 audierit,
420 3261 553 3326 quaerat,
571 3249 692 3309 utrum?
711 3250 736 3308 si
754 3250 1223 3330 duo³snerintMa1ititbeiMan-
1265 3310 1271 3325 Ι

56 3334 117 3394 tiae
134 3333 197 3392 filii.
233 3332 381 3406 Proinde,
399 3351 467 3392 cum
485 3345 516 3393 te
537 3332 627 3407 dicet,
646 3355 715 3394 eum
733 3334 861 3414 inquiet,
878 3356 970 3415 quem
988 3337 1133 3418 adoptare
1150 3334 1221 3407 coa-
1302 3392 1305 3398 .

58 3431 122 3498 ctus
141 3430 195 3477 est
222 3417 306 3491 Quid
325 3418 419 3500 igitur
434 3417 510 3478 baec
528 3416 662 3500 expetis?
680 3416 761 3500 Cape
778 3419 840 3479 duo
858 3419 916 3479 ista
933 3421 1107 3483 testimonia
1125 3435 1156 3482 et
1173 3444 1223 3482 re-

39 3504 131 3575 cita,
148 3502 232 3561 unde
250 3503 416 3577 constabit,
433 3506 549 3584 patrem
566 3502 642 3563 mibi
659 3503 839 3578 Mantitbei,
863 3517 894 3565 et
911 3503 962 3565 isti
980 3502 1091 3584 Boeoti
1109 3527 1222 3568 nomen

58 3607 244 3670 imposuisse.
948 3604 973 3617 ·’

442 3732 871 3808 Jvesr1non1A„
940 3716 1000 3799 ἶ,

64 3840 70 3845 ’
142 3843 212 3903 Hoc
229 3846 343 3915 restare
361 3836 482 3918 censeo,
498 3845 586 3906 vobis
598 3859 634 3905 ut
651 3846 839 3920 ostendatur,
856 3844 985 3920 ludices,
1001 3864 1056 3906 vos
1074 3865 1138 3905 non
1156 3865 1237 3904 mo-·
1261 3848 1266 3859 ‘

60 3927 98 3987 do
116 3929 260 4010 religioni
277 3942 393 3988 vestrae
410 3930 615 4004 consulturos,
632 3930 658 3990 si
677 3950 721 4005 ea,
739 3951 816 4010 quae
833 3950 893 4015 ego
913 3933 992 4004 dico,
1012 3930 1222 3991 decreveritis:
1243 3952 1247 3962 ·
1290 3988 1293 3995 ,

60 4012 112 4071 sed
130 4012 339 4093 istum-ipsum
368 4012 460 4073 etiam
481 4028 591 4096 suopte
615 4013 730 4075 iudicio
747 4016 1004 4090 Boeoti-nomen,
1028 4037 1093 4076 uon
1111 4015 1223 4076 Manti-
1266 4045 1271 4057 =
1303 4030 1312 4066 ’.

60 4097 123 4158 thei
141 4097 252 4164 habere
272 4111 420 4179 oportere.
433 4100 521 4159 ·Nam
539 4119 606 4160 cnm
625 4120 683 4183 ego
701 4099 847 4162 iudicium
866 4094 1103 4163 boc³dictassem
1122 4101 1224 4160 Boeo-

59 4195 109 4256 to,
128 4172 258 4242 Mantiee
276 4182 553 4258 F.,·Tlrorieio,⁴et
568 4186 667 4246 statim
685 4187 844 4268 respondit
861 4199 892 4247 et
908 4185 1086 4260 calumniam
1105 4180 1236 4261 iuravit,

51 4284 92 4327 ¹se
111 4288 177 4327 esse
193 4270 344 4348 Boeotum
362 4269 530 4350 profitens:
555 4271 780 4352 deniquelcnm
806 4271 996 4356 tergiuersari
1020 4268 1140 4357 diutius
1160 4290 1224 4330 non
1260 4266 1272 4273 ”

60 4351 181 4427 liceret,
189 4369 226 4414 se
239 4353 395 4416 absentem
405 4354 544 4416 damnari
560 4356 598 4416 ab
612 4354 855 4438 arbitropassus,
864 4357 960 4438 -qu'id,
975 4356 1118 4432 obsecro,
1132 4352 1224 4418 faciti

1242 4431 1250 4447 s·
