2722 4754
481 134 815 260 ιιιίιιιιιιιιι
862 137 917 207 Ϋ“
1070 152 1074 157 ’
1138 191 1252 253 ,ιιι
1317 172 1340 241 .‘

65 341 137 404 satis
163 340 294 415 sciebat,
318 360 353 401 se
370 340 518 404 mendacii
536 340 715 402 convictum
717 339 790 416 iri,
813 328 841 402 sa
832 342 890 402 iu
917 310 1062 406 iodicium
1090 341 1230 409 venisset

66 427 224 528 Aphareus
243 426 325 485 enim
350 426 546 500 ostendebat,
571 447 640 496 eum
666 426 838 488 aestimasse
863 442 1062 502 armamenta,
1088 441 1135 502 et,
1161 449 1229 489 cum

65 511 196 573 triremis
213 511 429 591 praefecturam
447 509 578 589 subiret,
589 509 720 592 pretium
737 511 896 592 recepisse.
920 514 1009 574 Nunc
1026 527 1126 574 antem
1145 533 1178 573 ca
1196 535 1229 573 se

65 595 247 658 Demochari
264 596 423 656 tradidisse
442 594 531 669 dicit,
556 607 588 656 et
602 615 716 694 pueros
732 595 957 657 Democharis
942 620 979 659 ιιι
997 599 1111 659 iudicio
1130 597 1285 681 'exegi-l
1275 657 1279 663 ,
1343 595 1345 603 ’

66 695 119 755 ιιι,
138 681 191 741 illo
210 693 347 741 mortuo:
366 700 467 760 quem,
484 680 575 739 dum
580 679 710 753 viveret,
737 679 769 739 iu
786 681 838 741 ius
852 701 914 740 nou
934 683 1050 742 vocavit
1067 683 1229 765 Theopb'e
1306 734 1311 742 ,

66 787 148 839 mus,
173 786 222 827 me
245 778 427 824 armamenta
449 763 503 828 ab
510 784 547 823 eo
571 765 765 863 postulante,
782 766 854 839 sed,
871 786 973 825 morae
990 766 1229 846 interponendae
1309 797 1313 806 ¹

66 872 184 912 causam
203 850 389 939 quaeritans,
404 847 595 910 armamentis
617 848 754 925 fraudare
775 849 992 950 rempublicam
1015 850 1154 913 instituit
1187 855 1231 914 Ut
1331 874 1336 883 ’

66 947 167 1040 autem
190 952 259 995 vera
283 955 330 994 me
354 935 454 995 dicere
472 944 610 1012 constet,
626 931 801 995 testimonia
818 935 905 997 vobis
922 936 1069 1019 legentur.
1109 975 1121 993 „

468 1083 857 1137 TESTIMONIA.

152 1188 236 1249 Haec
258 1206 327 1248 cum
352 1207 410 1269 ego
433 1186 535 1248 omnia
557 1187 764 1288 cogitarem,
766 1199 797 1249 et
819 1181 953 1272 audirem
979 1208 1014 1250 ex
1040 1188 1092 1262 iis,
1117 1187 1228 1288 quibus

69 1295 135 1333 cum
153 1273 352 1353 Theophemo
370 1292 419 1331 res
435 1270 551 1345 suerat,
577 1292 641 1352 quo
659 1285 738 1332 esset
753 1271 786 1331 iu
805 1264 1045 1334 controversiis
1036 1273 1179 1355 tagenio,
1198 1283 1230 1331 et

68 1371 248 1418 armamenta
262 1357 299 1417 ab
316 1376 429 1417 eonon
444 1357 625 1438 reciperem:
618 1376 758 1415 accessr
745 1352 804 1415 ad
816 1357 916 1422 classis
934 1358 1113 1438 praefectos,
1130 1358 1167 1416 ad
1180 1377 1228 1415 se-

54 1446 181 1514 natum,
194 1443 230 1502 ad
244 1441 400 1522 populum,
413 1462 613 1541 conquerens,
628 1460 694 1498 non
703 1440 832 1499 reddere
845 1441 918 1502 milri
933 1453 1114 1514 armamenta
1125 1440 1227 1499 Tbeo-
1239 1491 1249 1499 .
1297 1484 1299 1488 .

68 1526 221 1607 pbemutn,
240 1546 316 1605 quae
333 1524 446 1586 iudicio
464 1526 561 1587 victos
579 1524 712 1586 deberet.
730 1523 925 1585 Accedebant
943 1539 973 1586 et
990 1526 1041 1585 alii
1058 1524 1235 1585 triremium.

67 1611 211 1690 praefecti
229 1611 266 1669 ad
284 1623 432 1684 senatum,
450 1610 503 1689 qui
520 1632 537 1670 ι
555 1608 738 1669 debentibus
755 1622 937 1690 armamenta
953 1630 1017 1668 non
1035 1609 1228 1690 accipiebant.

66 1696 199 1755 Multis
189 1708 292 1773 utaque
309 1693 408 1753 verbis
425 1694 528 1767 factis,
552 1705 673 1753 senatus
692 1692 782 1752 nobis
799 1694 922 1754 decreto
939 1694 1120 1794 respondet,
1144 1694 1227 1773 quod
1256 1752 1259 1759 ,

64 1780 155 1840 vobis
171 1769 364 1853 recitabitur,
381 1791 432 1855 ut,
449 1797 633 1860 quocunque
652 1779 745 1837 modo
762 1799 936 1869 possemus,
955 1778 1149 1862 exigeremus.

1314 1257 1334 1288 p

496 1898 802 1977 occsurum.
1131 1925 1134 1932 '
1249 1923 1319 2002 227.

152 2033 244 2092 Facto
263 2032 322 2091 boc
339 2031 489 2091 decreto
479 2053 513 2103 ιιι
529 2045 646 2132 senatu,
664 2029 746 2113 quod
761 2053 777 2093 a
790 2034 912 2095 nemine
929 2033 1107 2096 violatarum
1125 2033 1228 2117 legum

67 2129 238 2175 accusatum
257 2128 320 2189 ιιι,
338 2116 391 2175 sed
409 2129 506 2175 ratum
524 2117 648 2177 mansit:
672 2138 832 2198 aggressus
849 2119 1228 2217 EuergumsTbeophemi
1260 2160 1262 2168 .
1322 2182 1325 2195 ,

67 2200 208 2274 fratrem,
226 2221 293 2261 cum
311 2199 540 2279 Theopbemum
557 2201 660 2260 vadere
672 2220 741 2259 non
758 2222 897 2281 possem,
915 2203 1005 2261 allato
1025 2204 1147 2262 decreto
1164 2203 1228 2283 pri·
1268 2264 1277 2269 ,

68 2306 149 2344 mum
180 2284 290 2365 repetii
321 2296 520 2355 armamenta,
555 2284 691 2364 iussique
724 2285 783 2344 hoc
809 2286 1006 2385 Theophemo
1036 2285 1226 2346 renuntiare:

70 2368 206 2429 deinde
197 2366 363 2427 ruteriectis
382 2367 489 2427 diebus
507 2367 639 2448 aliquot,
656 2381 693 2428 ιιι
709 2366 893 2431 armamenta
911 2391 976 2430 non
993 2372 1156 2444 reddebat,
1174 2365 1227 2430 sed

69 2472 116 2514 ιιι
135 2452 309 2524 deridebat,
335 2452 463 2513 testibus
482 2452 623 2512 adhibitis
643 2473 679 2513 er
696 2474 734 2512 eo
753 2454 953 2533 quaerebamt
973 2466 1081 2516 utrum
1091 2454 1229 2537 partitus

34 2557 40 2571 ¹
70 2551 151 2598 esset
167 2560 234 2598 cum
250 2537 360 2610 fratre,
388 2559 426 2596 an
442 2557 515 2597 vero
534 2555 709 2597 communes
725 2538 882 2598 facultates
900 2534 1054 2602 baberent.
1088 2542 1227 2636 ιιειροι-

70 2624 170 2682 dente
177 2624 310 2704 Euergo,
328 2621 471 2701 partitum
490 2641 565 2696 esse,
587 2643 621 2681 ac
639 2624 765 2683 seorsim
784 2622 918 2683 babitare
935 2619 1177 2705 Theopheulum,
1194 2643 1228 2684 se

68 2728 140 2767 vero
167 2728 288 2766 manere
313 2707 393 2786 apud
418 2721 553 2788 patrem,
580 2705 766 2780 sciscitatus,
788 2707 844 2767 ubi
868 2707 1032 2783 babitaret,
1060 2722 1227 2789 acceptos

69 2791 242 2873 magistratu
260 2791 416 2865 ministro,
441 2793 478 2851 ad
502 2791 601 2851 aedes
608 2788 801 2872 Theophemi
819 2792 937 2852 accessi.
972 2794 1044 2867 Quo
1062 2793 1145 2853 domi
1163 2813 1227 2851 non
1251 2823 1274 2872 κ·

46 2884 50 2889 “
69 2876 204 2948 invento,
222 2877 296 2936 iussr
288 2874 491 2949 mulierem,
507 2895 583 2955 quac
600 2874 681 2936 fores
699 2876 831 2957 pulsanti
846 2878 1059 2967 responderat,
1076 2896 1227 2937 arcessere

70 2981 174 3033 curn,
173 2960 358 3040 ubicunque
383 2972 483 3033 esset,
508 2981 590 3033 eam,
617 2982 706 3039 quam
731 2959 783 3021 isti
807 2961 959 3021 testificati
983 2962 1055 3022 suut
1080 2961 1228 3021 obtulisse

68 3046 298 3126 Theophemum
319 3043 397 3104 etin
412 3044 621 3145 quaestionem
637 3046 708 3103 dare
725 3045 872 3105 voluisse·
890 3066 948 3128 ego
965 3066 1036 3106 vero
1054 3046 1136 3105 ab'
1110 3067 1152 3104 ers
1171 3046 1228 3104 ob·
1264 3085 1280 3109 ‚·

68 3130 167 3190 tinere
186 3151 249 3189 non
266 3126 407 3210 possum,
425 3142 460 3204 ut
476 3150 531 3204 vos
549 3129 706 3189 veritatem
723 3129 866 3203 audiatis,
888 3142 960 3197 uter
974 3131 1060 3212 prior
1075 3150 1133 3210 per
1147 3129 1227 3188 iniu-
1306 3178 1310 3185 ,

67 3214 155 3273 riam
163 3214 248 3273 alteri
265 3235 369 3272 manus
388 3199 531 3273 attulerit„
548 3215 591 3273 Ut
608 3226 708 3273 autem
725 3213 808 3274 venit
825 3214 1050 3295 Theopbcmus,
1067 3214 1227 3273 arcessitus

67 3319 84 3358 a
99 3294 248 3371 muliere,
265 3297 388 3379 postulo
406 3298 442 3357 ab
461 3318 498 3357 eo
517 3290 753 3384 descriptionem
768 3312 1033 3359 armamentorum:
1051 3320 1100 3358 me
1118 3299 1228 3358 iamin

68 3403 106 3442 eo
126 3403 203 3459 esse,
219 3395 255 3441 ut
271 3383 429 3456 solverem,
447 3395 571 3442 ostenso
590 3381 618 3442 ei
635 3357 906 3443 senatusconsulto.
926 3375 1013 3457 Quae
1031 3383 1150 3442 dicente
1169 3402 1228 3454 me,
1301 3385 1307 3400 '

68 3489 139 3531 cnm
158 3467 234 3525 nibil
251 3467 403 3538 redderet,
419 3468 471 3527 sed
489 3466 680 3526 minitaretur
697 3479 728 3527 et
744 3446 877 3527 conuicia
896 3467 1024 3527 diceret:
1042 3466 1135 3526 iubeo
1152 3487 1229 3546 pue-

69 3573 137 3611 rum
154 3572 278 3624 vocare,
302 3551 328 3610 si
344 3561 423 3631 quos
442 3551 551 3611 civium
569 3551 686 3610 videret
702 3564 944 3632 praetereuntes,
964 3551 1046 3612 de
1017 3573 1083 3624 ιιι,
1100 3562 1139 3616 ιιι
1153 3549 1228 3610 ιιίιιὶ

68 3648 163 3697 testes
183 3657 289 3695 eorum
309 3648 427 3708 esseut,
456 3646 533 3715 quae
552 3634 742 3708 dicerentur,
771 3637 933 3715 denuoque
950 3636 1073 3717 postulo
1092 3657 1108 3694 a
1126 3635 1228 3694 Theo-

68 3720 201 3801 pbemo,
218 3733 253 3779 ut
270 3720 345 3779 vel
336 3741 400 3800 rpse
418 3739 466 3779 me
484 3720 521 3779 ad
539 3719 640 3778 classis
658 3719 825 3799 praefectos
843 3733 1036 3800 sequeretur
1040 3733 1070 3779 et
1087 3720 1124 3778 ad
1142 3739 1229 3778 sena-

68 3816 135 3864 tum
153 3802 279 3887 (quodsi
297 3824 328 3863 se
347 3803 457 3864 debere
476 3800 636 3884 quicquam
654 3817 793 3886 negaret.
820 3803 880 3864 illis
897 3805 928 3864 id
946 3805 1158 3885 persuaderet,
1177 3803 1229 3895 qui
1269 3840 1276 3849 ι
1315 3822 1332 3847 -·

69 3889 225 3949 debitores
243 3883 422 3962 traderent,
424 3900 454 3947 et
469 3908 532 3947 uos
544 3888 581 3946 ad
599 3887 779 3970 exigendum
797 3887 967 3972 cogerent),
982 3890 1041 3949 vel
1048 3888 1241 3947 armamenta—

41 3974 227 4033 ··redderet:
248 3972 363 4051 alioqui
379 3993 427 4031 me
445 3994 476 4053 pr
498 3991 572 4031 uora
595 3985 751 4071 capturum
773 3973 857 4036 iussu
877 3987 908 4033 et
923 3973 1024 4056 legum
1044 3985 1074 4032 et
1092 3973 1230 4032 decreto-

70 4080 148 4118 rum.
184 4054 260 4117 Cum
279 4076 351 4115 vcro
371 4056 435 4137 ipsc
452 3994 529 4114 nillil
547 4055 635 4136 aequi
652 4070 803 4137 praestare
820 4058 929 4121 ιιιιιι·
958 4055 1103 4118 ducebam
1122 4056 1231 4116 mulie·
1290 4112 1297 4119 .

70 4163 136 4202 rem
151 4141 256 4200 illam'
247 4163 280 4200 ιι
292 4142 383 4200 ianua
397 4153 537 4213 stantem,
555 4161 631 4220 quae
649 4162 717 4201 eum
732 4141 912 4203 arcessierat
931 4142 1030 4215 Quam
1047 4163 1115 4200 cum
1128 4141 1232 4200 Theo-

71 4225 201 4307 pbentus
225 4223 300 4284 mihi
324 4224 471 4305 eriperet,
495 4236 561 4284 tum
580 4245 654 4308 ego,
679 4222 806 4287 muliere
824 4224 949 4299 omissa,
971 4226 1004 4286 in
1022 4225 1112 4285 aedes
1129 4222 1231 4307 ingress

72 4311 157 4372 diors
188 4321 291 4391 aperta
308 4308 389 4371 euim
407 4319 472 4371 erat
488 4309 595 4383 ianua,
619 4309 817 4371 camerinen
833 4311 1048 4393 Theopbemus
1066 4322 1098 4369 et
1113 4328 1232 4393 regres-
