2722 4754
93 154 95 159 ’
153 188 216 250 ιιι
259 144 266 184 ³
407 142 802 255 '‘nnnosunnnrs
838 146 1073 258 οιιιιιο

69 379 73 386 -
152 341 284 404 ctionem
301 338 414 404 habere
432 334 588 395 studebat:
606 336 671 408 sed,
685 335 730 395 illi
746 335 858 401 dictato
874 335 1000 411 iudicio,
1017 357 1067 396 me
1079 336 1239 407 dominum
1251 359 1313 418 per-

151 428 239 508 sequi
258 421 483 486 conveniebat.
499 420 588 479 Nune
606 433 637 480 et
654 419 729 478 mihi
748 421 832 480 litem
850 421 1000 495 intendit,
1030 436 1060 482 et
1078 422 1168 481 illum
1187 438 1315 484 accusat:

146 533 230 594 quae
254 509 373 590 legibus
397 506 557 581 interdicta
579 518 658 569 sunt
694 505 771 580 Quis
790 504 871 565 enim
872 528 1042 607 unquam,
1069 507 1193 566 actione
1216 522 1315 570 contra

49 647 53 655 .
85 618 94 632 ²
143 596 310 657 ,dominum
328 592 483 665 instituta,
504 590 629 657 servum
644 603 786 669 tanquam
804 591 852 650 sui
870 588 944 650 iuris
962 591 1133 653 hominem
1144 594 1233 652 reuin
1251 613 1314 675 ege·
1345 588 1346 595 Ρ

150 680 211 741 ιίι.Ρ
238 679 359 754 Quodsi
377 677 444 757 quis
464 678 532 736 eum
547 671 762 756 interrogarit.
790 676 877 749 Quae
895 675 952 734 tibi
971 698 1058 736 causa
1077 689 1124 737 est
1142 690 1250 736 contra
1263 679 1315 737 Ni·
1323 723 1325 726 -

150 764 327 832 eubulum?
334 764 484 835 Oderunt,
501 760 616 840 inquit,
634 759 850 834 Athenienses,
867 761 1058 823 foeneratos:
1076 762 1260 822 Nicobulus
1263 784 1314 823 au-

130 863 212 919 ,tem
230 849 398 910 invidiosus
418 860 480 920 est,
505 858 535 904 et
553 844 693 904 celeriter
710 844 859 921 ambulat,
878 859 909 906 et
925 863 1068 928 magnum
1086 859 1195 918 sonat,
1220 860 1251 913 et
1268 847 1315 908 ba·

151 935 254 994 culum
271 934 367 1016 gerit:
391 951 425 992 ea
443 951 534 1002 vero,
559 920 690 1008 inquit,
700 951 716 988 a
734 949 783 989 me
801 943 873 990 sunt
891 931 999 991 omnia.
1033 927 1118 991 Haec
1135 932 1239 991 dicere
1257 953 1316 996 non

64 1058 66 1066 ,
147 1020 321 1093 erubescit,
340 1038 439 1097 neque
459 1037 528 1087 eos,
547 1013 615 1093 qui
618 1010 761 1087 audiunt,
779 1013 952 1098 intelligere
966 1007 1073 1116 putat,
1075 1006 1315 1079 calumniatoris

148 1125 217 1168 esse
235 1103 333 1162 istam
323 1101 574 1184 cogitationem,
597 1119 662 1158 non
680 1099 762 1172 eius,
787 1119 836 1158 cur
828 1099 931 1160 'facta
948 1101 989 1160 sit
1005 1101 1123 1160 iniuria.
1160 1102 1228 1184 Ego
1246 1123 1315 1163 vero

70 1248 72 1252 ι
139 1189 312 1268 iniurium,
346 1187 399 1266 qui
423 1198 559 1260 mutuet,
584 1193 672 1265 puto,
694 1203 758 1264 esse
782 1185 950 1244 neminem:
983 1198 1139 1245 ettamen
1172 1188 1315 1266 quosdam

149 1275 260 1344 merito
278 1270 368 1332 vobis
382 1271 496 1332 invisos
517 1276 599 1343 esse,
617 1269 685 1348 qui
688 1280 783 1328 artem
803 1288 839 1328 ex
857 1288 941 1331 care
960 1270 1120 1345 fecerunt,
1134 1272 1224 1351 apud
1242 1293 1315 1351 quos

89 1384 91 1389 ·
149 1379 208 1420 nec
224 1356 346 1431 veniae,
371 1377 429 1418 nec
445 1356 501 1416 ulli
518 1376 564 1414 rer
555 1354 667 1415 locus
686 1366 749 1427 est,
767 1353 820 1432 qui
838 1354 955 1414 animos
974 1356 1006 1414 in
1024 1355 1083 1414 hoc
1101 1377 1198 1415 unum
1217 1356 1314 1416 inten-

76 1510 81 1517 ,
148 1456 198 1505 tos
212 1442 335 1514 habent,
352 1441 466 1542 utplus
485 1439 644 1539 accipiant,
662 1459 751 1519 quam
769 1439 926 1499 dederunt
946 1435 1023 1500 Cum
1042 1440 1123 1499 enim
1142 1462 1232 1521 saepe
1251 1464 1316 1501 ιιιιι-

57 1582 63 1592 ,
148 1541 236 1589 tuum
260 1527 444 1607 acceperim,
469 1545 533 1584 non
557 1524 623 1604 ipse
645 1523 778 1583 solum
763 1510 832 1586 isti
843 1538 982 1585 mutuum
1008 1525 1162 1597 dederim:
1188 1547 1228 1586 ne
1253 1518 1315 1607 ipse

148 1610 300 1692 quidem
291 1624 366 1671 rstos
384 1611 493 1692 ignoro
512 1622 566 1669 aut
582 1629 666 1682 amo,
698 1623 756 1666 nec
771 1621 890 1682 tamen,
925 1610 965 1670 ita
983 1631 1032 1669 me
1050 1610 1093 1669 dii
1112 1624 1232 1685 ament,
1264 1613 1315 1671 de-

31 1711 33 1723 '
82 1768 83 1773 ¹
129 1697 257 1757 *fraudo
276 1709 328 1756 aut
345 1695 521 1754 calumnior.
546 1693 609 1767 Qui
625 1711 698 1754 vero
719 1705 878 1771 quaestum
896 1694 1034 1766 facit,.ut
1052 1714 1127 1776 ego,
1146 1696 1313 1777 navigando

57 1777 73 1837 ‘t
149 1795 181 1842 et
197 1774 332 1860 pericula
350 1779 526 1852 subeundo,
555 1797 705 1857 paruaque
723 1777 851 1877 pecunia
869 1791 999 1858 parta,
999 1800 1062 1838 eam
1081 1793 1219 1855 mutuat,
1247 1802 1314 1841 eum

45 1922 49 1928 .
103 1867 122 1891 '‘
147 1878 184 1928 ut
202 1866 266 1925 aliis
284 1864 487 1946 gratificetur,
512 1876 577 1923 tum
595 1882 635 1921 ne
652 1883 708 1942 per
724 1861 872 1922 incuriam
890 1885 1030 1925 nummos
1049 1864 1224 1942 dilapidet:
1246 1886 1313 1925 eum

52 2013 56 2024 „
149 1970 204 2011 cur
226 1950 257 2009 in
281 1949 404 2009 illorum
427 1967 555 2007 numero
581 1947 741 2026 quisquam
764 1948 912 2028 reponat?
937 1948 996 2008 nisi
1019 1948 1096 2008 illud
1120 1949 1199 2009 sorte
1224 1950 1314 2024 dicas,

148 2057 224 2119 qur
193 2033 278 2095 tihi
295 2033 458 2106 mutuarit,
474 2052 545 2092 eum
566 2031 638 2090 odio
656 2030 780 2111 publico
799 2053 864 2093 esse
883 2021 1033 2113 dignum.-
1052 2033 1159 2093 Recita
1175 2032 1251 2094 mihi
1268 2047 1315 2094 te·
1342 2054 1348 2066 ‘

59 2178 61 2185 ,
137 2112 302 2192 alimonia,
322 2117 442 2197 qualis
433 2139 466 2177 ιιι
482 2137 535 2178 eos
551 2116 624 2190 sim,
643 2116 697 2198 qui
712 2136 831 2177 mecum
847 2117 1031 2179 contrahunt
1049 2137 1314 2198 opemquormcam

143 2204 319 2285 implorant.

516 2342 959 2402 'rnsrrmon-tn⁸

213 2471 215 2475 ’
233 2458 557 2536 Talis,'Pantaenete,
583 2478 649 2518 sum
670 2478 750 2540 ego,
773 2458 825 2518 ille
843 2456 984 2519 celeriter
1000 2460 1175 2521 ambulans:
1200 2473 1232 2520 et
1247 2452 1315 2520 talis

92 2540 95 2555 '
146 2558 197 2618 ιιι,
215 2546 269 2624 qui
286 2541 474 2625 pedetentim
492 2541 614 2602 incedis
649 2543 710 2602 Sed
729 2543 767 2602 de
785 2562 854 2603 meo
878 2544 980 2603 t‘amen
1005 2545 1127 2606 incessu
1151 2544 1313 2624 loquendi-

98 2644 207 2728 qpe
226 2627 449 2694 consuetudine
476 2646 597 2685 omnem
605 2630 695 2708 apud
714 2647 780 2687 vos
785 2627 881 2687 libere
899 2630 1055 2690 veritatem
1074 2630 1189 2703 dicam,
1215 2628 1311 2688 athe-

37 2754 66 2785 „
145 2713 293 2773 aienses
317 2713 407 2772 Haud
425 2731 475 2771 me
492 2732 564 2770 sane
576 2708 740 2791 praeterit,
765 2733 866 2792 neque
884 2714 1011 2795 ignoro,
1035 2720 1085 2774 ine
1096 2728 1242 2774 naturam
1260 2713 1312 2772 ha-

98 2795 254 2858 lauisse
273 2819 379 2879 parum
402 2795 569 2877 propitiam
590 2797 623 2854 in
649 2797 700 2856 lris
719 2795 843 2871 rebus,
863 2804 976 2879 neqne'
990 2820 1039 2858 eas
1064 2800 1207 2880 expedire
1231 2797 1318 2860 milri.

103 2905 112 2936 ι
143 2882 263 2942 Nam
239 2903 316 2942 arma
335 2880 409 2940 milri
428 2880 532 2939 odium
550 2881 682 2962 pariunt,
701 2881 811 2961 quibus
830 2885 954 2964 agendis
973 2884 1092 2944 nullum
1104 2885 1244 2944 fructum
1262 2903 1310 2941 ca-

93 3046 95 3051 ·
137 2966 210 3046 pio:
228 2964 482 3027 nonne-infelix
473 2986 513 3024 ιιι·
524 2985 559 3025 ea
577 2966 700 3045 quidem
719 2980 803 3046 parte
822 2968 910 3028 sum?
928 2968 988 3028 Sed
1004 2968 1077 3048 quid
1094 2968 1199 3051 agam?
1216 2967 1247 3026 Si
1264 2965 1309 3025 illi

141 3064 293 3126 mutuaro,
311 3051 743 3132 pmpoereanomulcta'et'iam
757 3051 902 3112 solvenda
918 3053 996 3114 erit?
1013 3053 1211 3133 Nequaquam
1228 3071 1308 3112 vero·

141 3136 287 3196 Malitiam
305 3137 393 3199 :einim
414 3135 576 3195 ina-meos
599 3135 824 3216 improbitatem
850 3151 926 3213 esse,
951 3159 992 3198 ne
1015 3138 1073 3197 i‘ste
1098 3137 1222 3216 quidem
1244 3136 1309 3215 ipse

140 3222 311 3298 ostendet:
308 3241 428 3300 neque
447 3240 463 3278 e
480 3233 577 3285 tanto
583 3221 723 3280 vestrnm‘
735 3223 863 3281 numero
884 3223 1043 3302 quisquam
1062 3235 1109 3282 est
1125 3221 1220 3291 ullius
1238 3219 1310 3279 laci-

140 3305 226 3366 noris
242 3294 330 3368 milri
335 3305 495 3379 conscius
512 3306 547 3364 ln
565 3304 761 3364 aliisautem
767 3302 859 3364 rebus
876 3306 1096 3386 unusquisque
1107 3319 1245 3366 nostrum
1263 3317 1307 3364 ta-
1341 3325 1344 3333 ¹

137 3389 177 3450 lis
196 3405 276 3473 est,
282 3403 335 3464 ιιι
332 3365 490 3451 fortirnac
496 3402 529 3448 et
546 3402 685 3450 naturae
688 3390 794 3450 visum
804 3390 869 3450 fuit.
912 3391 958 3451 Ac
981 3411 1153 3474 repugnare
1172 3388 1309 3470 ingenio,

53 3478 116 3535 1t5
136 3475 220 3551 lactu
238 3477 378 3556 profecto
391 3475 488 3535 haud
494 3474 582 3534 facile
601 3488 650 3535 est
665 3473 796 3557 (alioqui
814 3476 894 3534 enim
912 3477 993 3535 inter
1009 3498 1067 3535 nos
1086 3475 1189 3534 nihil
1180 3487 1308 3533 interes-

139 3559 217 3645 set).
242 3561 344 3635 alium
352 3581 443 3633 vero,
462 3580 553 3639 quern
570 3559 701 3634 videris,
726 3565 849 3619 densere
868 3574 899 3620 et
915 3561 1158 3642 reprehendere,
1175 3557 1308 3638 proclive

18 3712 22 3720 ¹
138 3658 194 3706 est.
223 3645 293 3706 Sed
299 3647 378 3725 quid
395 3645 462 3707 tibi
470 3657 597 3725 propter
613 3643 761 3704 haecrei
768 3664 887 3706 meeum
906 3658 968 3718 est,
986 3644 1192 3705 Pantaenete?
1217 3641 1306 3701 Nihil.

68 3775 71 3778 .
113 3730 235 3790 'Multa
252 3730 369 3796 acerba
373 3751 409 3792 es
427 3728 625 3829 perpessus-i
646 3729 793 3789 Proinde
803 3730 937 3790 sumsisti
959 3750 1091 3830 poenas,
1122 3749 1187 3789 non
1206 3728 1244 3786 de
1261 3745 1306 3784 me

47 3840 77 3872 w
138 3815 280 3895 quidem:
307 3817 508 3896 nequeenim
526 3813 587 3875 ulla
604 3813 699 3873 tibia
718 3834 765 3873 me
784 3828 850 3875 orta
869 3829 914 3874 est
930 3815 1048 3874 iniuria.
1083 3812 1213 3893 Alioqui
1231 3826 1307 3871 nun·-

62 3926 79 3941 ··
137 3911 229 3981 quam
246 3922 294 3962 me
312 3895 525 4001 praeterissis:
558 3919 659 3978 neque
682 3899 808 3960 missum
826 3920 874 3959 me
892 3900 1031 3973 fecisses,
1066 3921 1136 3959 cum
1154 3899 1308 3979 Energnm

15 4032 17 4035 a
36 4056 39 4060 Δ
82 4033 91 4039 .‚
108 4026 122 4057 .·
137 4005 277 4046 accusare
295 3979 494 4047 instituisses.
512 4003 614 4064 neque
628 3985 769 4085 petisses,
784 3998 819 4045 ιιι
830 4005 895 4067 ego
913 3985 1055 4045 venditor
1073 4003 1139 4045 esse
1158 3983 1308 4082 dignarer,

82 4083 84 4086 ’
136 4071 191 4152 qni
209 4072 322 4132 atrocia
340 4086 371 4133 ct
388 4093 496 4154 magna
520 4070 553 4130 in
576 4082 607 4129 te
632 4069 864 4133 commisissem„
892 4071 1022 4170 Deinde,
1050 4089 1112 4150 quo
1132 4089 1191 4150 ego
1210 4060 1309 4148 pacti),

133 4177 205 4215 cunr
224 4178 281 4218 nec
298 4157 435 4217 adessem
450 4170 484 4217 et
501 4170 629 4238 peregre
647 4155 795 4230 abessem,
809 4155 902 4214 ulla
892 4155 1002 4215 iniuria
1019 4169 1050 4215 te
1070 4153 1181 4219 affeci?
1199 4152 1306 4251 Quod-

47 4283 74 4309 ,ι
131 4239 248 4341 siquis
266 4242 476 4324 eilargiatur,
504 4242 629 4302 summis
647 4261 718 4301 eum
737 4222 907 4301 allectum'
897 4240 1059 4316 iniuriis,
1066 4251 1204 4305 etnrmc'
1217 4235 1292 4297 de'
1272 4256 1307 4293 ns
1340 4290 1345 4303 ,

99 4325 291 4388 verissima
310 4328 463 4388 dicturum
482 4347 549 4389 esse
568 4327 684 4388 omnia:
708 4314 785 4387 illud
803 4340 920 4399 umen,
943 4324 1072 4415 opinor,
1090 4343 1199 4385 omnes
1216 4323 1308 4383 latea-
