2722 4754
18 192 20 199 ι
54 153 117 217 504
181 178 184 182 “
333 144 702 225 ,ΒΕΜοὸΤΗΕΝΙῧ
738 152 945 223 ORATlQ
978 147 982 154 ’
1022 167 1024 170 ’

43 308 232 381 ·“ῐιὶἧςειιῑί3ε
249 308 354 393 patrio-
365 308 549 384 ritu,·heroi.
561 309 711 390 principi,
728 330 744 368 a
763 329 825 389 quo
844 305 1052 390 cognominati
1070 306 1161 381 estis,
1177 328 1225 368 sa·

0 400 35 458 y6
61 418 112 458 cra
133 398 233 461 facere
259 408 293 457 et
315 415 441 457 munera
465 395 577 466 ollerre
602 395 700 475 patrio
723 393 802 467 ritu,
827 404 859 454 et
883 392 1049 474 parentalia
1074 391 1225 454 defunctis

58 484 204 566 praestari
220 480 305 542 statis
324 479 431 541 diebus
448 501 466 549 a
485 481 620 562 cognatis
639 479 806 540 secundum
824 478 969 539 instituta

106 634 110 641 .
144 565 279 639 Auditis,
296 565 424 639 ludices,
442 567 547 631 eadem
565 565 651 645 loqui
669 564 866 626 Solonemin
883 562 1021 646 legibus,
1039 563 1226 643 quaedeum
1331 554 1336 569 ⁸

59 651 93 711 in
110 649 449 725 oraculo,·iubentem,
475 665 511 710 ut
529 650 687 719 ¹defunctis
715 648 837 730 cognati
860 650 945 710 statis
971 648 1080 708 diebus
1105 648 1226 708 inferias

10 726 19 733 ”
61 737 142 801 deut
175 733 219 796 At
235 734 323 797 nihil.¹
331 735 442 797 horum
468 757 557 795 curae
573 735 633 795 luit
650 735 869 815 Theopompo,
895 747 948 794 aut
965 735 1151 806 Macartato,
1173 733 1227 793 sed

60 819 138 883 illud
156 819 315 894 duntaxat,
340 825 428 882 ut'ea
452 832 611 894 tenerent,
636 840 713 900 quae
738 821 775 879 ad
795 840 848 879 eos
874 841 939 880 non
964 819 1172 904 pertinerent:
1198 830 1229 877 et

61 916 249 985 queruntur,
273 905 333 966 sibi
346 927 438 966 >nunc
463 905 579 967 moveri
605 904 841 987 contrnversiam
865 904 902 963 de
917 903 1113 978 hereditate,
1140 924 1230 983 quam

60 990 156 1075 longo
173 1002 310 1072 tempore
326 1002 500 1052 tenuerunt
536 992 602 1072 Ego
621 1011 693 1050 vero
711 990 756 1049 sie
774 988 929 1062 existimo,
947 989 1129 1062 convenire,
1147 988 1230 1048 ludi-

44 1094 126 1150 ces,
137 1088 177 1136 ut
193 1075 229 1149 is,
249 1076 301 1155 qui
319 1077 415 1155 aliena
432 1077 545 1136 iniuste
563 1075 672 1149 tenuit,
690 1096 754 1135 non
773 1087 927 1154 queratur,
944 1094 977 1133 se
996 1095 1030 1134 ea
1049 1074 1165 1133 diutius
1183 1087 1248 1134 te-v

63 1160 182 1222 nuisse:
200 1160 252 1219 sed
271 1162 396 1242 gratiam
411 1160 539 1235 habeat,
557 1181 622 1220 non
638 1159 746 1234 nohis,
764 1161 818 1220 sed
836 1160 994 1233 fortunae,
1013 1159 1230 1238 quod-multae

63 1257 96 1309 et
111 1244 302 1306 necessariae.
316 1247 476 1307 dilationes
494 1245 616 1306 interim
635 1244 818 1319 inciderunt,
835 1258 872 1304 ut
887 1266 969 1304 nunc
988 1245 1110 1313 demum
1129 1246 1167 1304 de
1186 1245 1230 1307 eis

63 1329 224 1407 nobiseum
242 1344 365 1392 certent
400 1333 454 1392 Isti
471 1345 572 1391 autent
588 1330 664 1391 tales
682 1330 822 1391 homines
840 1343 928 1404 aunt,
946 1329 1083 1403 ludices,
1101 1342 1137 1389 ut
1154 1328 1231 1389 nihil

64 1426 189 1497 curent,
206 1437 306 1496 neque
324 1410 466 1477 familiam
483 1416 619 1499 Hagniae
638 1417 821 1488 desolatam,
839 1437 939 1494 neque
959 1428 1094 1487 caetera,
1111 1413 1144 1473 in
1163 1413 1230 1494 qui-

63 1498 120 1565 hus
138 1500 221 1582 leges
239 1501 368 1563 violant:
386 1502 439 1582 qui
457 1501 591 1582 quidem,
608 1501 685 1581 proh
700 1497 802 1561 diutim
820 1499 1149 1579 hominumquefidem
1168 1499 1230 1582 (re-

64 1584 148 1665 liqua
166 1607 286 1645 narrare
312 1608 458 1667 quorsum
484 1585 646 1649 attineret?
672 1587 766 1645 multa
785 1584 867 1645 enim
886 1586 946 1645 dici
963 1582 1110 1669 queant),
1134 1607 1227 1645 unum

64 1670 192 1739 maxime
218 1684 248 1731 et
272 1671 421 1733 nefarium
447 1683 478 1731 et
502 1670 621 1752 legibus
655 1671 840 1731 contrarium
866 1669 982 1731 lacinus
1009 1682 1228 1750 perpetrarunt,

18 1818 24 1827 ,
65 1775 128 1835 quo
146 1754 339 1837 potissimum
366 1756 585 1828 ostenderunt,
611 1755 669 1815 sibi
686 1756 763 1815 nihil
781 1756 864 1815 aliud
883 1776 948 1815 esse
967 1754 1075 1829 curae,
1101 1755 1161 1815 nisi
1177 1775 1230 1835 pe-

66 1839 193 1923 cuniam.
227 1839 305 1901 Nam
331 1864 399 1909 cum
423 1841 554 1922 primurn
571 1839 788 1922 Theopompus
813 1841 974 1900 nobiscum
1000 1841 1037 1900 de
1063 1839 1231 1918 hereditate

65 1924 202 2007 Hagniae
229 1926 425 2009 disceptaret,
450 1947 487 1993 eo
514 1926 626 1999 modo,
649 1946 739 2005 quem
764 1925 906 1986 audistis:
934 1924 1035 1985 statim
1061 1925 1233 1998 declaravit,

15 2056 20 2063 -
66 2009 238 2085 existimare
255 2032 299 2086 se,
316 2011 413 2071 aliena
431 2032 463 2070 se
482 2031 638 2092 occupare
661 2011 753 2091 Quod
773 2011 852 2071 enim
869 2010 992 2071 maximi
1011 2023 1075 2070 erat
1091 2010 1232 2091 pretiiin

14 2118 16 2125 ·
66 2094 197 2176 praediis
210 2096 345 2178 Hagniae
365 2108 401 2177 et
412 2093 556 2167 marimae
575 2095 767 2157 admirationi
794 2109 857 2157 era-t
873 2095 980 2157 vicinis
1000 2107 1031 2154 et
1044 2092 1116 2156 aliis
1133 2095 1232 2163 homi-

67 2178 176 2255 nibus,
194 2181 296 2254 oleae,
322 2203 371 2241 eas
389 2180 566 2241 effoderunt
583 2194 614 2241 et
626 2181 849 2265 exstirparunt,
866 2182 993 2262 amplius
1012 2180 1096 2241 mille
1114 2180 1250 2260 stirpes,
1345 2178 1348 2197 ²

67 2284 145 2345 quae
159 2270 300 2347 magnam
320 2266 381 2326 olei
399 2267 516 2346 copiam
534 2266 708 2342 afferebant
743 2267 801 2347 Eas
819 2266 871 2326 isti
895 2267 1070 2346 exstirpatas
1088 2261 1230 2345 ¹vendide-

66 2361 195 2431 runt3et
210 2350 387 2410 immensam
404 2350 524 2434 argenti
542 2351 660 2432 copiam
677 2364 873 2432 receperunt:
902 2372 997 2432 eaque
1016 2352 1154 2422 lecerunt
1170 2352 1228 2424 isti,
1253 2348 1255 2353 ’
1345 2386 1349 2399 ·

48 2454 137 2507 *cun
153 2434 268 2505 actioni
287 2434 416 2499 obnoxia
435 2445 515 2496 esset
531 2435 691 2496 hereditas.
721 2437 861 2518 Hagniae
879 2458 916 2497 ex
934 2457 967 2512 ea
977 2437 1070 2520 lege,
1088 2456 1165 2516 quae
1182 2435 1232 2494 isti

66 2518 282 2603 &955thle
299 2519 390 2581 huius
416 2527 598 2583 accusarant
632 2523 676 2582 Ut
691 2534 792 2582 autem
811 2543 859 2582 me
877 2543 946 2582 vera
966 2523 1066 2583 dicere
1085 2529 1233 2601 appareat,

44 2637 47 2643 ν
67 2602 192 2679 emistus
211 2605 389 2686 exstirpasse
408 2606 488 2667 oleas
514 2618 634 2667 constet
658 2627 694 2667 ex
711 2606 915 2687 iispraediis,
940 2629 1016 2687 quae
1034 2605 1169 2689 Hagnias
1186 2625 1232 2665 re·
1345 2656 1349 2683 ζ

1 2709 4 2723 ⁴
66 2687 313 2772 liquit:„lt‚nr'pm
340 2703 436 2753 testes
461 2691 547 2755 rohis
580 2693 795 2773 producemus.
816 2692 947 2767 vicinos,
977 2705 1070 2768 etex
1099 2690 1260 2766 caeteris,¹
1344 2702 1350 2759 “,

67 2775 381 2864 quosarcessirirnus,
391 2799 467 2841 cum
484 2776 722 2839 testificaremur.
742 2778 848 2839 Recita
864 2777 1084 2839 testimonium.

363 2933 366 2936 ’
439 2929 469 3001 Ιτ
487 2928 507 2972 n
524 2910 578 2974 cr
595 2929 607 2972 1
625 2929 652 2972 nr
672 2930 692 2973 o
710 2918 762 2974 rc'r
779 2930 802 2972 u
819 2930 854 2973 n.

15 3040 21 3057 “
143 3020 326 3113 deplentur,
342 3052 375 3093 se
392 3044 515 3092 secutos
533 3031 722 3095 arcessitusa
735 3031 878 3092 Sositheo
897 3031 934 3092 ad
946 3028 1108 3111 Araphena
1126 3030 1159 3090 in
1175 3022 1234 3091 lla-

1 3112 47 3168 ¹77
70 3112 271 3199 gelenagros,
285 3139 353 3178 curn
365 3117 584 3198 Theopompus
596 3118 732 3199 Hagniae
745 3116 944 3177 hereditatem
958 3117 1118 3191 crevisset:
1136 3129 1168 3175 et
1179 3115 1235 3176 sibi

69 3198 240 3282 ostendisse
258 3201 434 3263 Sositheum
460 3202 560 3277 oleas,
587 3203 659 3263 dum
686 3202 923 3282 exstirparentur
948 3223 984 3261 ex
1001 3200 1138 3284 llagniae
1156 3222 1236 3283 agro.

133 3356 136 3361 .
155 3285 290 3361 Quodsi,
308 3286 442 3362 ludices,
459 3282 610 3348 solum'in
628 3286 804 3347 defunctum
821 3286 926 3347 iniurii
942 3285 1089 3346 fuissent:
1107 3287 1234 3369 graviter

68 3383 261 3449 peccassent,
285 3373 339 3432 sed
357 3381 429 3437 ,non
447 3374 531 3433 adeo.
566 3373 748 3450 Nuucistae
775 3369 904 3432 iniuriae
924 3384 955 3432 et
978 3371 1179 3432 contumeliae
1198 3371 1236 3430 ad

64 3453 165 3515 'totam
182 3452 410 3536 rempublicam,
416 3459 587 3538 pertinent:
604 3457 697 3538 idque
716 3457 756 3517 ita
775 3477 852 3533 esse,
869 3456 938 3539 lege
949 3457 1052 3529 andita
1070 3476 1236 3539 cognosce-

68 3537 117 3600 tis.
133 3540 240 3619 Recita
257 3542 364 3625 legem.
734 3574 737 3579 ¹
823 3542 826 3547 ’

600 3698 710 3744 LEX.
750 3700 784 3706 ''

152 3791 186 3855 Si
209 3796 277 3876 quis
296 3794 403 3867 ¹oleam
420 3795 551 3865 Athenis
578 3799 737 3877 effoderit,
762 3799 821 3860 nisi
840 3786 877 3861 ad
900 3799 1048 3880 templum
1066 3797 1237 3859 Athenien-

68 3878 147 3955 sium
162 3881 319 3963 publicum
337 3883 584 3966 autmuuicipale
599 3885 782 3966 requiratur,
800 3886 898 3946 autin
911 3907 983 3945 suos
1002 3905 1075 3945 usus
1092 3884 1238 3964 usquead

67 3964 153 4026 binas
172 3967 253 4029 oleas
273 3964 453 4049 quotannis,
478 3983 530 4030 aut
548 3971 587 4031 ad
603 3972 695 4048 funus
720 3971 829 4031 iisdem
846 3971 996 4031 utendum
1014 3970 1070 4042 sit,
1095 3981 1237 4030 centenas

68 4048 107 4108 de
120 4050 252 4133 =singulis
272 4055 347 4116 oleis
366 4054 520 4123 drachmas
538 4057 653 4117 aerario
673 4056 797 4130 deheto,
814 4069 905 4137 atque
923 4055 992 4115 eius‘
1006 4054 1138 4123 mulctae
1157 4053 1236 4115 deci-

68 4154 136 4193 mae
148 4135 302 4200 Minervae
321 4153 428 4202 sunto:
447 4140 557 4201 debeto
573 4154 604 4202 et
617 4141 736 4202 homini
753 4141 882 4224 priuato,
901 4163 917 4201 a
933 4161 994 4222 quo
1011 4153 1087 4201 reus'
1100 4151 1244 4220 peractus

67 4216 331 4297 sueriueentcnas
351 4225 505 4287 drachmas
523 4226 556 4286 in
575 4227 716 4310 singulas,
728 4227 818 4288 oleas.
835 4226 927 4303 Actio
946 4239 1046 4300 autem
1064 4225 1172 4290 harum
1190 4245 1236 4284 re-

68 4324 137 4371 rum
154 4308 306 4387 apudeos
324 4311 517 4394 magistratus
535 4311 723 4389 instituatur,
737 4334 868 4394 'quarum
886 4311 1001 4393 quique
1015 4310 1135 4373 iudices
1154 4320 1236 4372 sunt:
