2722 4754
268 190 271 195 “
342 202 346 235 ³
399 134 962 255 reno-Pnonnlonn's'
1099 205 1105 216 “
1164 172 1227 259 443

43 341 208 419 struibus,
228 367 305 425 quae
319 347 377 408 iste
389 349 428 407 dc
440 345 653 408 communibus
666 347 804 426 pecuniis
822 340 1023 423 insumsisset,
1040 348 1160 424 demtis,
1175 356 1226 412 re-

43 430 132 508 iquu
151 450 310 513 exaequo
329 432 494 494 dividunda
513 445 631 506 esseut,
655 431 731 490 nihil
747 433 859 513 reliqui
876 435 1033 495 futurum·
1022 434 1145 511 ,bona·,
1163 457 1226 518 quo

43 534 149 599 suerp
169 519 399 591 consuleretur,
424 517 560 578 dividere
577 528 762 578 statuerunt·
788 540 822 577 ac
841 533 972 582 caeteras
991 522 1114 602 quidem
1126 521 1227 583 satul-

45 604 179 678 ates,'
168 604 207 664 ais
226 604 374 686 exceptis,
393 614 470 705 qua'e
488 604 538 663 hic
555 604 758 675 conduxerat,
784 604 973 683 partiuntur,
984 628 1160 688 eorumque
1177 614 1227 669 r‘e-

43 684 175 749 lituum
201 690 356 751 semissem
374 689 426 749 isti
450 689 657 750 reddiderunt.
700 691 760 747 lam
779 690 817 748 ad
834 688 894 749 hoc
920 713 1026 772 usque·
1032 700 1154 775 tempus
1170 693 1229 797 ‘qui

43 792 143 857 agere
164 789 269 857 potest
285 774 469 835 locationis?
504 774 574 833 Non
593 773 674 832 enim
677 786 792 848 nunc,
815 775 953 834 sedtum
972 778 1073 838 statim
1092 780 1179 859 queri
1198 793 1229 840 et

43 861 189 942 gnaviter
205 861 285 922 serre
303 860 417 921 debuit
462 860 570 939 Neque
589 859 664 945 illud
690 860 780 919 etiam
800 860 899 920 dicere
917 874 1034 961 potest,
1057 866 1228 944 posteriora

43 947 218 1009 ¹rotationis
235 946 331 1028 pretia
350 967 382 1005 se
401 966 463 1005 uon
482 936 642 1027 accepisse.
675 944 874 1026 Nequaquam
893 946 991 1022 enim,
1009 960 1170 1028 postquam
1189 953 1227 1012 ad

42 1050 124 1091 enm
143 1035 287 1107 modum,
312 1052 380 1091 cum
398 1043 501 1113 togam
518 1031 635 1091 virilem
656 1031 815 1091 sumsisset
833 1032 981 1108 Pasicles,
1007 1033 1056 1093 hic
1072 1035 1228 1098 locatione
1277 1110 1282 1119 .

42 1118 198 1193 cederet,
230 1138 285 1179 vos
313 1138 382 1176 eum
409 1117 492 1176 omni
519 1117 644 1177 erimine
671 1116 871 1177 liberassetis:
902 1120 956 1180 sed
973 1131 1038 1180 tum
1058 1141 1074 1179 e
1097 1123 1227 1204 vestigio
1287 1116 1289 1123 ’

42 1205 254 1287 exegissetia,
271 1226 298 1262 ss
288 1202 389 1282 quid
408 1216 562 1281 praeterea
579 1202 666 1263 uobis
686 1201 848 1262 debuisset
891 1204 996 1284 Atque
1012 1216 1048 1264 ut
1063 1205 1140 1267 haec
1156 1227 1227 1268 vere
1244 1224 1247 1228 ’

42 1308 74 1347 ι
66 1310 138 1351 mc
159 1290 232 1351 dici
235 1301 371 1360 constet,
396 1300 427 1346 et
444 1289 536 1348 istum
553 1310 623 1348 cum
640 1287 750 1361 fratre,
774 1309 871 1367 puero
891 1289 1073 1365 etiamnum,
1092 1292 1229 1354 divisisse

42 1373 275 1449 hereditatem,
303 1393 432 1452 eosque
426 1373 517 1433 hunc
537 1387 567 1432 et
585 1372 737 1434 locatione
756 1387 788 1433 et
806 1374 947 1436 omnibus
966 1375 1031 1436 aliis
1050 1376 1226 1469 criminibus

49 1458 227 1523 liberasse:
235 1467 307 1542 cap‘e
326 1459 384 1519 hoc
402 1458 619 1529 testimonium.

340 1584 350 1689 ,¹
435 1612 848 1658 ιιιιιιιοιιιιιιι.

77 1748 98 1759 ··
144 1715 249 1778 Statim
269 1716 372 1800 igitur,
389 1716 611 1789 Athenienses,
627 1728 663 1776 ut
680 1716 752 1776 huie
770 1716 953 1778 locationem
971 1719 1160 1795 remiserant,
1179 1724 1226 1783 di-

58 1802 168 1865 riduut
184 1808 317 1863 mensam
337 1815 368 1862 et
384 1815 541 1861 scutorum
560 1802 728 1862 officinam:
751 1815 860 1882 atque,
880 1804 1005 1885 optione
1024 1807 1109 1880 data,
1128 1808 1225 1868 offici·
1281 1870 1285 1877 ,

56 1910 127 1949 nam
152 1908 273 1975 mensae
297 1888 430 1967 praefert
446 1887 670 1968 Apollodorus:
695 1907 772 1971 quae
799 1887 825 1947 si
849 1886 937 1968 quain
964 1891 1109 1970 privatam
1132 1914 1225 1973 pecu-

53 1973 137 2034 niam
156 1987 189 2035 et
205 1987 319 2033 sortem
338 1972 508 2044 habuisset,
535 1994 589 2032 cur
606 1973 686 2032 illam
705 1995 795 2052 quam
812 1973 890 2034 hanc
908 1974 1082 2038 maluisset?
1117 1977 1226 2058 Neque
1254 2040 1257 2047 ,

48 2058 138 2118 euim
155 2071 323 2140 proventus
348 2071 412 2118 erat
429 2057 574 2138 amplior,
599 2059 652 2118 sed
672 2058 779 2119 minor.
821 2059 898 2118 Nam
922 2059 1044 2120 officina
1067 2062 1227 2164 talentum,

42 2162 161 2204 mensa
188 2158 310 2205 centum
334 2143 430 2203 minas
454 2143 621 2223 pendebat:
646 2164 747 2221 neque
771 2144 880 2204 suisset
896 2144 1000 2205 illius
1002 2147 1155 2226 possessio
1178 2149 1227 2207 iu-

41 2230 254 2304 cundior,
230 2253 255 2290 ιι
273 2250 376 2290 mensa
399 2228 558 2310 pecuniam
581 2228 726 2308 privatam
752 2229 924 2289 habuisset:
945 2231 1018 2291 sed
1022 2251 1086 2292 uon
1113 2232 1227 2293 habuit.

41 2315 286 2399 Quapropter
278 2328 335 2375 1ste
359 2316 534 2396 prudenter
549 2313 704 2373 officinam
728 2314 889 2393 praetulit.
915 2337 987 2376 nam
1013 2336 1046 2376 ea
1073 2310 1243 2421 possessio

41 2412 96 2460 est
118 2408 205 2462 extra
223 2401 410 2500 periculum,
437 2412 579 2479 quaestus
597 2413 698 2459 autem
715 2400 883 2460 mensarius
901 2386 1017 2460 reditus
1036 2401 1128 2463 habet
1144 2405 1226 2485 peri-

41 2486 180 2547 culosos
197 2487 236 2546 dc
254 2486 390 2567 pecuniis
409 2484 522 2546 alienis.
542 2484 636 2544 Multa
655 2484 715 2543 dlc'i
728 2496 758 2544 et
773 2483 937 2565 ostendi
912 2507 998 2568 signa
1016 2491 1160 2566 pos'sun't,
1172 2510 1228 2570 per
1254 2504 1293 2559 91

41 2592 134 2652 quae
159 2583 316 2653 appareat,
341 2570 406 2630 ab
397 2583 457 2630 1sto
474 2590 530 2651 per
546 2560 733 2630 calumniam
745 2591 877 2645 accusari
869 2570 1121 2632 Phormionem.
1165 2575 1227 2634 Sed

40 2656 115 2718 hoc
133 2676 194 2739 ego
213 2656 339 2716 maxime
358 2655 494 2714 omnium
511 2667 691 2738 argumento
710 2674 776 2715 esse
793 2668 880 2736 puto,
901 2656 983 2716 hunc
1000 2658 1114 2718 nullam
1132 2680 1226 2741 pecu

42 2742 139 2803 niam
158 2763 195 2802 eo
214 2742 338 2801 nomine
357 2739 522 2821 accepisse,
548 2740 659 2820 quod
646 2762 680 2798 m
699 2739 853 2800 locatione
869 2740 1015 2821 scriptum
1035 2757 1094 2817 est,
1112 2744 1226 2804 'debere
1268 2798 1276 2805 .

47 2828 149 2889 ctiam
167 2827 327 2886 Pasionem
347 2827 395 2886 ad
410 2845 560 2898 mensam,
587 2844 650 2884 non
670 2825 788 2885 dedisse
807 2824 879 2885 huie
905 2828 1092 2906 pecuniamt·
1105 2830 1227 2903 deiude,

48 2913 169 2995 quod
159 2926 251 2972 rstum
271 2911 374 2971 nihil
365 2934 396 2970 ιιι
398 2900 613 2971 herciscunda
636 2910 748 2970 familia
768 2923 907 2990 questum
926 2932 993 2972 esse
1012 2927 1144 2974 constat:
1167 2934 1227 2996 po-

51 3011 184 3070 stremo,
203 2999 285 3077 quod
305 3018 390 3070 eum,
408 2997 513 3055 eadem
532 2997 605 3055 haec
623 2995 696 3055 aliis
707 2995 873 3069 locantem,
891 2997 1038 3057 tantidem
1056 2999 1171 3060 locasse
1190 2999 1228 3058 li·
1239 3060 1246 3069 ,
1264 3022 1270 3032 ·

55 3097 143 3166 quet,
161 3083 288 3184 pecquia
307 3084 344 3141 de
363 3102 419 3141 suo
439 3081 520 3140 nulla
539 3081 723 3140 condecenti
723 3081 938 3183 suppeditata.
972 3083 1093 3157 Quodsi
1112 3085 1161 3144 ab
1168 3085 1227 3145 hoc

55 3169 197 3252 pecunia·
206 3168 235 3226 ei
254 3191 269 3226 a
287 3180 390 3249 patre
386 3166 478 3225 data
489 3166 731 3227 fraudaretur-:⁹
721 3188 821 3246 ipsum
844 3172 927 3226 nunc
954 3162 1154 3231 conveniebat
1172 3168 1226 3230 a'li-

57 3255 141 3318 unde
158 3254 276 3334 uspiam
294 3262 494 3333 comparatam
514 3251 641 3311 dedisse
659 3251 742 3311 Haec
760 3262 795 3310 ut
812 3268 892 3311 ame
909 3273 980 3312 vere
1000 3254 1059 3314 dici
1077 3268 1227 3337 appareat,

59 3352 90 3401 et
106 3352 219 3420 postca
233 3337 367 3410 Xenoni,
385 3336 557 3437 Euphraeo,
575 3336 736 3416 Euphroni
755 3348 786 3396 et
804 3333 976 3396 Callistrato
995 3338 1121 3413 locasse,
1139 3353 1170 3400 et
1187 3360 1227 3401 nc

59 3424 105 3486 his
125 3424 250 3506 quidem
275 3424 312 3482 de
331 3443 387 3482 suo
413 3421 573 3502 quicquam
599 3422 825 3503 suppeditasse,
851 3422 904 3480 sed
930 3422 1066 3502 deposita
1085 3437 1116 3483 et
1131 3427 1228 3505 quae-

59 3522 139 3571 stum
157 3509 230 3569 iude
247 3509 427 3567 redeuutem
454 3525 506 3565 eos
525 3507 723 3580 conduxisse,
751 3519 782 3567 et
800 3506 891 3569 istum
918 3506 1071 3568 officinam
1090 3509 1229 3592 elegisse,

60 3595 105 3656 uti
122 3605 257 3656 constet:
276 3614 348 3675 cape
366 3591 441 3652 mihi
459 3592 569 3651 horum
586 3591 805 3653 testimonium.

438 3744 853 3797 nnsrlmonlnn.

144 3849 318 3909 Etestibus
347 3848 459 3930 igitur
465 3844 639 3920 auditistis,
664 3832 886 3925 Athenienses,
910 3869 963 3912 eos
982 3850 1078 3910 ethis
1102 3851 1228 3927 locasse,

61 3946 161 4014 neque
180 3936 217 3995 de
236 3948 292 3994 su'o
318 3935 480 4014 quicquam
506 3933 732 4033 suppeditdsse,
757 3954 872 4016 eosque
890 3936 1116 4010 manumisisse,
1143 3937 1229 4016 quasi

62 4020 178 4102 magnis
191 4020 294 4080 allecti
308 4019 385 4078 ab
359 4040 401 4079 ers
420 4014 523 4079 essen‘t
540 4018 707 4092 beneficiis,
725 4041 825 4101 neque
844 4021 876 4083 in
894 4021 941 4081 ius
956 4042 1081 4082 vocasse
1095 4022 1144 4083 vc'l
1158 4021 1228 4091 illos

61 4116 135 4180 tnm,
153 4106 202 4187 rel
221 4105 315 4165 hunc:
344 4106 391 4165 Ac
409 4105 481 4165 dum
499 4116 596 4165 mater
612 4103 704 4178 vixit,
724 4126 800 4185 quae
819 4106 920 4166 omnia
938 4107 1010 4166 satis
1028 4119 1133 4183 norat,
1151 4106 1229 4168 nihil
1294 4160 1297 4167 .

61 4212 194 4272 unquam
213 4192 252 4250 de
269 4189 455 4250 Phormione
474 4202 599 4270 questus
618 4202 666 4250 est
681 4190 901 4293 Apollodorus..
925 4193 967 4252 Ut
984 4196 1085 4254 autem
1102 4192 1153 4253 illa
1171 4194 1229 4254 ob-

61 4275 152 4352 ierat,
176 4276 270 4337 trium
294 4276 424 4336 millium
450 4276 660 4336 drachmarum
684 4276 804 4337 actione
829 4277 968 4338 instituta
990 4298 1080 4361 supra
1098 4278 1164 4340 illas
1182 4279 1229 4340 bis

62 4361 167 4439 mille,
181 4382 256 4444 quas
273 4361 337 4444 ipsa
354 4360 441 4425 istius
460 4361 564 4423 liberis
582 4362 725 4439 dederat,-
743 4375 774 4424 et
789 4362 957 4424 tuniculam
976 4372 1007 4425 e't
1023 4364 1163 4427 ancillam
1180 4384 1231 4425 ιι
