2746 4748
734 86 750 120 l

429 144 792 271 ruouuuouuu
825 181 869 244 11.
1154 182 1226 244 ars

48 326 128 406 ,istis
146 332 300 415 Aphobo,
319 356 357 396 eo
374 335 505 417 primum
523 336 679 418 exposito,
697 357 768 398 mox
785 338 875 398 etiam
891 337 1047 400 mendacia
1063 337 1161 413 istius,
1179 338 1226 399 di-

55 433 107 481 cta
126 421 205 500 apud
224 441 300 497 vos,
320 419 451 481 refutare
467 417 639 505 aggrediar]
675 425 749 496 Iste,
766 423 901 497 ludices,
918 422 1049 504 primum
1065 426 1226 505 postquam

56 507 98 566 de
118 505 208 564 bonis
227 505 351 585 Aphobi
369 507 605 568 controversiam
631 527 753 567 movere
769 509 921 582 instituit,
947 529 1010 568 non
1027 509 1174 570 talentum
1193 510 1240 587 se]

57 589 146 665 doti,
164 598 199 651 ut
216 611 315 664 nunc,
333 592 392 650 sed
406 592 560 674 octoginta
577 593 673 653 minas
691 566 810 653 dedisse
828 594 918 667 dixit,
938 598 1048 674 easque
1065 594 1106 655 ita
1124 594 1227 654 distri-

58 676 146 759 buit,
163 689 199 736 ut
215 676 304 761 aedes
323 675 443 738 duobus
462 676 594 736 millibus
614 676 839 752 drachmarum,
862 679 1018 759 praedium
1035 678 1150 739 talento
1168 678 1228 738 sibi
1252 706 1257 713 ·

59 761 294 844 oppigneratam
314 781 379 821 esse
399 762 529 835 diceret,
549 763 659 822 einon
674 762 735 825 hoc
754 763 872 838 solum,
888 765 940 822 sed
960 763 1024 823 illas
1044 764 1136 825 etiam
1153 785 1227 823 con·
1255 834 1258 845 Ι
1289 754 1304 803 ’-

59 859 242 907 servaturus
267 847 328 905 lam
347 859 458 920 autem,
477 867 525 906 me
543 847 743 927 iudicio-cum
761 848 814 907 illo
834 847 1038 922 conflictante,
1057 872 1125 909 cum
1143 849 1228 908 vide-

58 945 124 1006 ret,
148 944 185 990 nt
200 951 254 990 vos
273 930 306 990 in
323 931 413 990 nimis
440 932 633 1012 impudenter
657 932 785 992 iniurios
804 933 928 1011 animati
953 934 1073 994 essetis:
1098 931 1228 994 consilio
1264 941 1265 944 ’

10 1080 13 1085 ,
59 1017 152 1094 inito,
169 1016 273 1094 inique
292 1037 411 1075 mecum
428 1017 476 1099 agi
490 1017 588 1075 visum
602 1017 640 1075 iri
654 1017 896 1091 existimavisti,
909 1028 995 1078 tanta
1009 1019 1138 1100 pecunia
1155 1038 1229 1098 spo-

39 1102 152 1185 jliatus
171 1101 208 1160 ab
227 1100 360 1180 Aphobo
380 1123 444 1161 mea
466 1103 638 1175 detinente,
665 1102 741 1161 nihil
759 1102 895 1182 recipere
913 1124 1033 1182 possem
1051 1116 1142 1184 atque
1160 1125 1176 1162 a
1194 1122 1227 1178 se

54 1187 222 1264 manifeste
240 1185 426 1265 prohiberer.
454 1186 545 1261 Quid
563 1186 657 1268 igitur
673 1187 763 1249 facit?
797 1188 937 1268 Pignoris
955 1188 1071 1249 indices
1089 1189 1126 1248 ab
1144 1186 1226 1251 aedi,
1253 1181 1293 1240 43
1333 1239 1334 1244 ,

60 1272 119 1332 bus
139 1271 251 1344 aulert,
270 1282 300 1330 et
317 1271 464 1331 talentum
483 1273 626 1330 duntaxat
644 1272 745 1330 dotem
765 1293 830 1331 csse
849 1272 931 1345 dicit,
950 1269 1055 1352 quanti
1071 1273 1227 1353 praedium

60 1357 251 1419 aestimatum
270 1355 315 1414 sit.
346 1355 442 1435 Atqui
459 1356 651 1436 perspicuum
670 1369 724 1428 est,
744 1358 769 1416 si
782 1357 906 1416 aedibus
925 1357 1041 1418 indices
1057 1359 1116 1418 rite
1134 1378 1229 1439 appo·
1295 1391 1297 1396 .

60 1442 123 1502 suit
143 1453 173 1501 et
189 1454 274 1513 vere,
304 1439 409 1499 itidem
428 1454 459 1500 et
475 1440 507 1498 in
533 1442 657 1521 praedio
677 1462 742 1501 esse
769 1442 896 1502 lactum:
920 1442 967 1503 sin
985 1444 1086 1503 statim
1104 1442 1179 1502 mala
1198 1455 1230 1503 et
1255 1454 1269 1463 ''

60 1526 174 1586 iniusta
193 1525 328 1607 cogitans
344 1524 405 1588 illis
429 1525 504 1584 salso
523 1527 682 1605 apposuit,
707 1540 944 1586 consentaneum
964 1540 1028 1600 est,
1051 1525 1159 1606 neque'
1170 1527 1228 1586 hos
1312 1578 1317 1583 .

60 1632 130 1672 esse
146 1631 242 1672 veros.
273 1609 380 1689 Neque
399 1610 472 1670 haec
492 1631 508 1668 e
527 1611 613 1683 meis,
632 1631 709 1690 quae
727 1612 825 1685 attuli,
842 1611 941 1670 verhis
960 1612 1144 1672 aestimanda
1161 1632 1228 1672 mo·
1345 1607 1355 1626 ¹

10 1716 22 1725 ·
60 1699 103 1758 do
123 1700 210 1769 sunt',
236 1695 288 1754 sed
309 1695 398 1761 etiam
418 1717 434 1755 e
452 1695 538 1753 sactis
556 1695 659 1769 istius,
685 1717 753 1771 cum
772 1717 806 1755 ea
824 1696 923 1754 facere
941 1717 957 1755 a
975 1696 1096 1755 nemine
1114 1709 1229 1756 morta-
1299 1712 1302 1727 '

58 1783 146 1843 lium
159 1793 332 1865 cogeretur:
350 1801 418 1838 nam
437 1779 502 1859 ipse
520 1779 641 1838 libellos
660 1780 788 1853 deiecit,
805 1800 900 1858 reque
918 1781 982 1859 ipsa
1001 1780 1178 1852 declaravit,
1195 1799 1228 1840 se

35 1877 38 1883 '
63 1865 196 1938 mentiri
224 1864 327 1943 Atque
344 1864 419 1924 haec
437 1887 453 1924 a
470 1885 519 1922 me
536 1886 607 1924 vere
626 1865 685 1924 dici
703 1877 738 1924 ut
757 1877 887 1950 constet,
905 1877 936 1935 et
954 1885 1023 1924 eum
1043 1887 1124 1924 nunc
1142 1859 1229 1944 prae·
1257 1860 1267 1901 ἕ
1294 1880 1300 1903 ¹

61 1953 151 2011 dium
167 1949 279 2019 talento
299 1969 363 2008 esse
383 1950 614 2030 oppigneratum
633 1970 776 2023 asserere,
795 1963 834 2022 et,
853 1971 920 2009 curn
939 1949 1022 2030 prius
1042 1949 1176 2022 aedibus,
1194 1961 1238 2009 ut=

60 2035 183 2096 duobus
196 2034 405 2095 drachmarum
419 2033 552 2094 millibus
567 2034 783 2122 oppigneratis,
794 2033 913 2094 indices
928 2033 1135 2113 apposuisset,
1145 2054 1228 2107 nunc

47 2142 166 2200 rursus
184 2120 307 2180 eosdem
324 2119 404 2183 facto
430 2117 544 2180 iudicio
568 2119 743 2193 sustulisse:
768 2131 860 2180 testes
878 2118 924 2180 rei
940 2117 1155 2203 gnarosgvobis
1174 2119 1226 2179 ad·
1307 2127 1320 2134 “

60 2209 178 2268 ducam.
196 2200 277 2284 Cape
294 2204 510 2267 testimonium.

440 2334 846 2406 unsrimorrruu.

29 2509 38 2515 ..
105 2457 236 2523 Constat
252 2461 361 2546 igitur,
388 2480 458 2523 eum
476 2462 584 2546 viginti
610 2463 699 2523 minis
716 2462 805 2522 aedes
832 2459 1042 2543 oppigneratas
1068 2460 1227 2536 indicasse,
1318 2467 1321 2476 ‘

58 2546 220 2629 praedium
237 2547 363 2623 talento,
382 2561 422 2622 et,
441 2549 526 2627 quasi
539 2548 698 2630 octoginta
716 2546 811 2606 minas
831 2545 972 2618 dedisset,
991 2547 1228 2624 controversiam
1259 2579 1261 2584 ·
1296 2568 1299 2573 ·

10 2670 13 2675 ·
59 2633 155 2693 luisse
169 2633 326 2692 facturum.
345 2634 437 2707 Quod
452 2632 784 2715 igiturmendaciorum
797 2630 862 2690 eius
875 2630 1063 2690 manifestius
1081 2630 1228 2713 indicium

62 2717 228 2796 requiritis,
243 2740 332 2797 quam
347 2719 430 2798 quod
444 2739 512 2777 enm
528 2739 609 2777 nunc
624 2717 716 2790 aliud,
735 2737 824 2795 quam
841 2714 942 2791 initio,
960 2714 1069 2773 dixisse
1088 2714 1228 2775 constat?

20 2806 23 2815 '
64 2802 144 2861 Mihi
161 2803 282 2882 quidem
300 2804 360 2869 hoe
377 2804 494 2863 nullum
512 2803 634 2863 videtur
650 2800 780 2881 inveniri
798 2819 887 2880 posse
906 2796 1082 2877 evidentius.
1118 2795 1229 2857 Consi-

64 2888 169 2947 derate
186 2888 280 2970 igitur
296 2889 428 2947 hominis
447 2884 676 2968 impudentiam,
694 2886 747 2966 qui
765 2884 844 2966 apud
861 2904 915 2943 vos
927 2883 1035 2959 ‚dicere
1052 2881 1229 2955 ausussuit,
1281 2899 1285 2905 “

63 2994 113 3045 se,
132 2987 247 3052 quanto
266 2974 298 3032 id
316 2973 355 3044 rit
372 2974 467 3053 pluris
486 2994 575 3053 quam
592 2972 715 3045 talenti,
742 2991 779 3031 eo
798 2991 846 3029 me
865 2989 927 3027 non
946 2968 1101 3040 fraudare,-
1125 2968 1230 3046 idque,

62 3080 133 3118 cum
152 3058 246 3138 ipsius
265 3056 472 3138 aestimatione
491 3080 553 3118 non
571 3060 611 3116 sit
624 3058 726 3137 pluris.
745 3055 829 3130 Quid
845 3054 925 3113 enim
938 3052 1142 3125 tibivoluisti,
1159 3047 1228 3111 cum
1257 3078 1271 3098 κ
1313 3103 1315 3106 ,

64 3156 134 3202 ante
152 3142 261 3224 viginti
277 3143 371 3213 minis¹
386 3144 474 3202 aedes
494 3142 703 3224 oppigneratas
722 3161 787 3205 esse
805 3139 964 3210 indicares,
983 3140 1055 3203 dum
1073 3137 1229 3219 octoginta

65 3227 161 3287 minas
179 3229 313 3307 petebas,
331 3228 355 3286 si
374 3227 529 3307 praedium
548 3227 638 3307 pretii
656 3217 777 3284 maioris
795 3222 867 3296 fuit,
887 3222 920 3283 a'c
939 3245 1001 3291 non
1019 3222 1051 3281 in
1070 3243 1107 3282 eo
1125 3222 1229 3302 potius

63 3314 115 3373 illa
134 3314 196 3372 duo
224 3313 317 3371 millia
344 3313 550 3390 drachmarum
579 3310 752 3370 collocasti?
787 3309 837 3368 An
855 3328 946 3380 vero,
972 3330 1039 3367 eum
1057 3307 1229 3367 tibivisum
1313 3323 1319 3329 ·

18 3406 23 3410 ’
65 3399 160 3458 luerit
178 3419 283 3457 omnes
302 3397 427 3476 Aphobi
448 3418 526 3477 ,opes
549 3392 647 3469 tue'ri,
671 3409 745 3455 tunc
770 3393 927 3474 praedium
954 3392 1060 3452 talenti
1086 3393 1231 3466 duntaxat
1268 3400 1271 3408 ¹

65 3485 140 3558 erit,
160 3496 191 3542 et
210 3483 297 3543 aedes
317 3481 436 3541 duobus
454 3481 661 3541 drachmarum
679 3478 813 3539 millibus
827 3476 1180 3558 ‘aestimatasadinngem
1198 3486 1230 3534 et

66 3570 121 3629 dos
141 3569 299 3650 octoginta
317 3567 415 3626 minae
435 3579 534 3638 erunt,
554 3580 583 3625 et
596 3563 733 3644 utrisque
746 3563 844 3646 potiri
856 3562 942 3622 voles
950 3582 963 3629 1,
976 3572 1091 3634 eontra,
1108 3560 1161 3620 ubi
1175 3559 1231 3620 tibi
1294 3627 1299 3640 ι

12 3668 17 3675 ’
64 3654 145 3714 istuc
164 3675 228 3712 non
247 3653 401 3732 expediet,
428 3652 535 3723 aedes,
559 3652 642 3730 quod
661 3671 718 3733 ego
737 3670 785 3708 eas
804 3646 919 3720 haheo,
944 3646 1050 3707 talenti
1069 3658 1175 3717 erunt„
1199 3643 1232 3703 id
1271 3657 1275 3679 ¹

35 3733 40 3785 .'
64 3759 151 3813 vero,
171 3739 256 3818 quod
270 3739 307 3797 de
321 3736 446 3817 praedio
465 3748 614 3816 superest,
630 3757 693 3794 non
712 3732 838 3794 minoris
854 3732 913 3791 erit
931 3753 1020 3812 quam
1039 3732 1168 3791 duorum
1186 3741 1235 3787 ta·
1321 3744 1326 3753 '

20 3872 25 3884 .
65 3821 202 3895 lentrim,
220 3835 255 3882 ut
272 3842 329 3904 ego
350 3823 493 3883 damnum
510 3821 561 3880 isti
579 3822 667 3894 dare,
692 3841 756 3879 non
774 3818 852 3896 affici
871 3816 907 3876 ab
926 3838 963 3876 eo
982 3816 1091 3878 iniuria
1108 3812 1232 3873 videar?

54 3905 173 3987 hides,
190 3921 226 3967 ut
243 3920 273 3967 te
293 3907 412 3966 dedisse
430 3907 532 3965 dotem
550 3905 689 3978 simules,
708 3927 741 3964 ac
758 3915 789 3963 te
808 3903 927 3962 dedisse
944 3901 1026 3960 nulla
1043 3920 1167 3980 prorsus
1184 3918 1233 3958 ra·

31 4010 45 4024 ·
65 3996 154 4056 tione
174 3991 334 4074 appareat?
369 3992 431 4051 Res
448 3991 528 4050 enim
547 4004 637 4065 verae
658 3987 927 4068 nullaque-··fraude
945 3985 1142 4054 concinnatae
1159 3982 1232 4067 sirn-
1299 3990 1305 4002 ”

65 4080 207 4162 pliciter,
232 4091 267 4138 ut
285 4076 374 4137 initio
393 4070 495 4156 gestae
513 4075 660 4146 sunt,„ite
678 4072 817 4146 manent:
843 4086 874 4132 tu
894 4091 967 4131 vero
986 4068 1170 4128 contrarium
1186 4068 1233 4129 fex
1302 4103 1310 4114 ·

67 4167 145 4226 cisse
166 4162 352 4223 convinceris
372 4162 409 4219 ad
427 4171 482 4220 nos
501 4160 533 4219 in
551 4160 631 4220 illius
650 4152 774 4242 gratiam
793 4153 1090 4218 circumscribendos.
1119 4154 1180 4214 lam
1197 4175 1235 4214 ex

19 4278 24 4283 ·
67 4252 128 4324 his,
146 4248 235 4329 quale
252 4246 476 4319 iusiurandum,
494 4247 520 4305 si
539 4245 604 4325 quis
624 4246 773 4318 deferret,
790 4243 921 4314 iuraret,
938 4239 1041 4302 videre
1061 4253 1107 4300 est
1124 4238 1250 4320 operae'

68 4337 210 4418 pretium.
255 4333 317 4408 Qui
335 4332 417 4392 enim
436 4331 591 4414 octoginta
607 4330 702 4395 minas
722 4330 797 4390 dixit
813 4329 916 4388 dotem
935 4345 1016 4399 esse,
1040 4323 1065 4386 si
1081 4323 1151 4422 quis
1168 4336 1235 4384 turn
1262 4326 1305 4386 44
1326 4400 1333 4409 ό

811 4538 815 4543 .
1080 4539 1086 4553 κ
1235 4545 1294 4570 ι.

334 4630 337 4635 ,
396 4590 413 4618 ιι
474 4588 482 4594 ·
1061 4593 1092 4631 ss
1212 4621 1217 4626 ,
1331 4592 1357 4631 a

669 4646 670 4651 r
840 4636 843 4641 ⁴
1140 4632 1149 4650 Χ
1318 4640 1331 4659 η’

672 4674 679 4688 x
1224 4669 1227 4672 .
