2722 4754
433 211 513 272 ·1u
547 212 823 311 emmenum
860 210 901 303 ι(
1128 273 1130 282 ,
1163 284 1166 306 ,
1212 204 1253 293 aa

111 373 267 456 Polystratus
291 365 473 447 praefuerit,
500 379 531 428 et
547 364 729 448 Iphicrates,
756 379 787 428 et
805 348 966 441 Chabrias,
994 354 1100 434 etalii
1120 371 1252 451 qnidam,

56 494 59 499 ·
113 449 331 531 etrosmetip'sor
355 472 417 512 una
442 450 594 513 militasse.
619 463 665 527 et,
688 464 725 514 ut
741 451 898 514 auditione
924 452 1069 536 cognovi,
1096 455 1252 538 peregrini

113 543 146 604 illi
164 536 317 601 vobiscum·
346 535 503 598 coniuncti
528 549 560 597 et
584 559 638 599 vos
670 556 738 598 cum
762 535 822 598 illis
846 538 1101 603 Lacedaemonius
1127 541 1249 605 stersus.
1268 548 1306 603 31

52 680 62 693 .
114 631 244 706 Postquam
262 633 365 691 autem
384 621 441 702 ipsi
459 622 611 706 peregrini
628 642 685 704 per
700 643 767 684 sese
784 621 863 684 bella
881 622 969 686 vobis
987 624 1118 699 obeunt,
1137 626 1249 690 amicos

117 715 208 777 shrnnt
224 717 256 768 et
271 707 461 768 foederatosr
484 706 587 767 hostes
606 720 707 768 autem
724 707 796 770 sacti
813 720 886 770 sunt
903 706 1032 770 maiores
1050 730 1140 792 quam
1159 732 1248 793 expe-

121 799 184 860 diret:
200 802 229 852 et
245 812 315 852 cum
332 791 382 854 vix
400 803 521 852 nostrae
539 791 667 854 civitatis
685 792 799 853 bellum
817 793 993 875 attigerunt,
1011 795 1049 855 ad
1065 795 1248 857 Artabazum
1270 792 1273 803 '

120 875 237 961 aquosis
254 876 397 958 gentium·
411 876 514 957 potius
531 876 659 940 abeunt:
685 877 920 959 imperatoreos
938 879 1093 959 sequitur:
1118 901 1182 942 nou
1201 881 1248 942 ina

45 984 48 989 ·
114 965 173 1028 iuria.
186 981 281 1040 neque
300 960 382 1022 enim
398 961 424 1021 is
442 961 590 1042 imperare
604 974 715 1043 potest,
733 962 786 1043 qni
800 961 951 1043 stipendia
965 984 1029 1035 nou
1047 963 1145 1025 solvit.
1164 964 1248 1039 Quid

112 1051 180 1133 igitur
194 1044 303 1108 inbe'o?
329 1061 432 1108 causas
450 1046 541 1108 adimi
560 1060 592 1109 et
609 1037 680 1107 duci
697 1059 729 1109 et
745 1046 910 1122 militibus,
928 1048 1067 1108 mercede
1085 1040 1248 1122 r‘rumerarr-⁴
1284 1112 1286 1117 ,

110 1137 147 1195 dr:
175 1143 202 1190 et
217 1130 385 1192 domestico
402 1130 499 1191 milite
517 1132 602 1192 velut
618 1151 724 1192 eorum
742 1133 931 1214 inspectore,
967 1153 1044 1214 quae
1063 1153 1079 1193 a
1097 1131 1175 1194 duce
1192 1154 1247 1216 ge·
1267 1141 1270 1146 “

46 1242 50 1247 ·
107 1230 206 1289 rantur,
227 1214 430 1298 adiungendo.
465 1217 541 1278 Nam
565 1228 603 1277 ut
626 1237 709 1276 nune
731 1217 783 1292 fit,
807 1217 937 1279 ridicula
953 1231 1000 1279 est
1014 1230 1125 1285 nostrav
1143 1228 1247 1280 retum
1281 1236 1288 1244 ·

42 1304 46 1317 '
104 1299 306 1364 administratio.
323 1299 440 1382 Siquis
457 1299 537 1369 euim
553 1322 609 1360 ros
623 1314 723 1383 roget,
740 1301 890 1375 Pacemne
906 1298 1006 1386 agitis,
1022 1301 1246 1366 Athenienses?
1321 1304 1325 1312 ’

106 1385 205 1447 llinIne
221 1406 293 1446 vero
311 1407 377 1447 nos.
395 1385 534 1466 quidem,
561 1386 673 1458 dicturi
689 1386 788 1448 sitis:‘
805 1386 859 1446 sed
878 1408 946 1447 cum
963 1386 1106 1468 Philippo
1131 1387 1246 1449 belluni

102 1471 218 1555 gerimus.
251 1470 363 1532 Nonne
380 1491 454 1531 sero
473 1471 596 1533 creastis
621 1472 764 1533 erestris
781 1470 897 1532 civibus
916 1473 1020 1533 decem
1039 1471 1246 1542 centuriones,
1288 1478 1296 1487 ‘

101 1569 124 1616 et
138 1555 229 1628 duces,
247 1566 279 1618 et
294 1554 446 1629 tribunos,
464 1557 671 1638 ‹tt-magistros
690 1557 827 1637 equitum
846 1555 943 1618 duos?
973 1556 1056 1632 Quid
1074 1569 1176 1617 autem
1194 1555 1246 1618 isti

96 1641 151 1722 plus
173 1652 264 1722 agunt
286 1640 457 1714 unnuiro,
486 1662 577 1721 quem
601 1641 745 1703 miseritis
769 1641 807 1702 ad
831 1641 967 1717 bellum?
991 1640 1104 1723 reliqui
1120 1661 1246 1723 pompas

94 1723 166 1785 vohis
181 1723 299 1786 obeunt
314 1746 382 1784 eum
400 1725 583 1787 sacrificulis.
601 1729 644 1788 Ut
660 1725 742 1786 enim
755 1725 790 1800 ii,
807 1726 861 1807 qui
878 1727 979 1788 luteos
996 1727 1128 1810 fingunt,
1145 1726 1178 1787 in
1196 1726 1245 1787 fo·
1300 1725 1301 1729 ’

92 1831 147 1871 mm
163 1809 268 1870 ereafis
286 1810 482 1887 centuriones
497 1823 532 1871 et
546 1810 700 1887 tribanos,
717 1811 843 1872 non-ad
854 1811 975 1873 bellum.
998 1810 1050 1870 An
1068 1828 1136 1871 non·
1150 1831 1245 1891 opor.
1268 1836 1271 1841 ·

62 1920 67 1931 ’
90 1894 152 1967 tuit,
170 1893 389 1968 Athenienses,
409 1895 603 1955 centuriones
622 1896 717 1971 eires,-
734 1895 896 1979 magistros
911 1894 1049 1977 equitum
1069 1895 1162 1968 cives,
1181 1911 1245 1955 ma-

87 1979 222 2062 gistratus
239 1979 422 2040 domesticos
439 2000 521 2039 esse:
548 1992 585 2040 nt
600 2002 706 2055 ¹revera
724 1993 826 2042 essent
843 1980 948 2061 copiae
967 1978 1116 2040 civitatis?
1147 1978 1195 2040 At
1211 1978 1245 2040 iu

84 2067 223 2123 Lemnum
246 2077 348 2125 vestro
370 2065 516 2147 magistro
534 2065 672 2146 equitum
690 2061 892 2148 nauigandum
911 2077 972 2128 est:
1000 2084 1109 2129 eorum
1126 2077 1246 2137 antem,
1303 2102 1306 2108 ι

84 2149 131 2228 qui
146 2167 201 2229 pro
220 2162 343 2210 nostrae
359 2150 444 2210 urbis
463 2151 708 2231 possessionibus
725 2151 924 2232 proeliantur,
941 2150 1099 2211 Menelaus
1117 2160 1244 2213 estana·
1284 2226 1291 2232 .

80 2235 170 2315 gister
182 2234 328 2314 equitnm
343 2228 453 2315 Neque
470 2236 543 2294 haec
556 2235 687 2296 hominis
699 2234 946 2317 reprehendendi
962 2255 1049 2296 causa
1063 2234 1146 2295 dicor
1163 2232 1243 2293 seda
1260 2262 1265 2267 ·

79 2319 160 2377 vobis
179 2338 248 2379 enm
267 2332 402 2380 creatum
419 2341 485 2380 esse
504 2321 680 2400 oportebat,
710 2321 849 2402 quisquis
865 2319 987 2381 taudem
1005 2319 1051 2379 sit
1093 2316 1243 2381 Fortassis

77 2415 174 2462 antem
197 2402 271 2464 haec
296 2408 379 2464 reete
399 2405 459 2464 dici
475 2405 604 2484 putatis:
628 2407 756 2486 pecunia
774 2425 848 2466 vero
867 2416 1028 2485 quantaet
1042 2402 1133 2462 unde
1159 2423 1251 2463 coms
1267 2435 1288 2482 ¹.

75 2487 203 2567 paranda
220 2488 269 2560 sit,
286 2488 414 2549 maxime
431 2490 537 2548 audire
557 2489 674 2568 cupitis.
698 2491 732 2549 Id
750 2490 845 2572 igitur
860 2509 932 2549 sane
950 2485 1113 2568 expediam.
1135 2487 1179 2546 Ea
1196 2500 1244 2563 est

73 2572 225 2652 pecuniae·
246 2572 345 2646 ratio,
377 2587 414 2634 ut
431 2574 468 2639 ad
485 2574 628 2633 alendum
656 2574 738 2634 hunc
755 2574 942 2648 exercitum,
976 2584 1010 2633 et
1030 2570 1141 2631 cibaria
1163 2571 1243 2631 dun-

69 2668 155 2717 taxat
178 2652 326 2717 militibus
353 2657 571 2738 eomparanda,
595 2659 761 2740 nonaginta
778 2658 840 2718 sint
856 2656 970 2718 talehta
987 2655 1188 2730 numeranda,
1210 2667 1244 2716 et

72 2741 169 2821 paulo
184 2742 321 2823 amplius:
340 2739 447 2805 decem
460 2740 609 2821 celeribus
625 2742 750 2802 navibus
768 2741 965 2825 qnadraginta
976 2741 1100 2810 talenta,
1118 2740 1242 2799 vicenae

70 2826 177 2885 minae
198 2825 232 2899 in
255 2821 505 2926 nauem'sinpulis
523 2825 692 2885 mensibus:
716 2826 848 2889 militum
865 2819 987 2885 duobus
1010 2822 1144 2885 millibus
1167 2821 1241 2884 toti-

69 2910 143 2969 dem
162 2911 235 2985 alia,
253 2905 303 2981 ,ait
319 2913 394 2971 duas
412 2910 525 2993 singuli
542 2909 654 2979 milites
672 2910 826 2970 drachmas
845 2910 877 2969 in
894 2928 1030 2968 mensem
1047 2927 1104 2988 pro
1122 2905 1254 2969 cibariis*

68 2992 238 3075 accipiant:
256 2996 410 3076 equitibus
428 2994 567 3055 ducentis
585 3016 723 3068 numero,
741 2994 769 3056 si
784 2994 913 3055 tricenas
933 2992 1086 3054 drachmas
1105 2990 1137 3052 in
1154 3013 1241 3053 meu-

69 3100 135 3140 sem
153 3079 447 3163 accipiantsinguli,
472 3079 633 3162 duodecim
650 3080 771 3139 talenta.
804 3078 840 3141 si
857 3078 925 3158 quis
943 3096 1016 3136 vero
1034 3087 1140 3157 putat,
1156 3096 1241 3142 com-

70 3177 205 3225 meatum
222 3186 315 3245 parvo
333 3185 399 3227 esse
416 3164 556 3225 subsidio
572 3164 609 3224 iis
628 3164 681 3246 qui
698 3164 849 3226 militanti
861 3183 925 3223 non
941 3173 1024 3240 recte
1043 3160 1153 3221 sentit.
1174 3160 1242 3244 Ego

70 3249 154 3309 enim
171 3263 362 3330 compertum
379 3249 496 3322 habeo,
529 3248 556 3308 si
573 3248 633 3309 boc
650 3250 762 3309 factum
780 3247 889 3320 fuerit,
921 3246 1021 3327 ipsum
1040 3243 1205 3305 exercitum
1224 3264 1257 3306 e'
1280 3282 1285 3293 ι

67 3334 153 3393 bello
169 3334 374 3416 sibineliqua
382 3344 644 3414 comparaturum,
668 3334 733 3393 sirie
751 3333 813 3396 ulla
830 3332 879 3393 vel
898 3329 1102 3403 Graecorum,
1120 3330 1172 3390 vel
1189 3349 1239 3391 so-

58 3417 187 3485 ¹ciorum
210 3417 337 3493 iniuria,
365 3431 400 3479 ut
422 3418 575 3500 integrum
593 3418 777 3499 stipendium
795 3418 911 3478 habeat
949 3415 1049 3497 Atque
1074 3435 1133 3496 ego
1156 3414 1252 3475 ultro,
1309 3486 1313 3493 .

69 3503 217 3586 nauigabo
235 3525 314 3578 una,
332 3500 450 3584 quidvis
467 3501 531 3593 pati
548 3516 688 3583 paratus,
712 3501 773 3565 nisi
790 3501 865 3564 haec
882 3502 924 3563 ita
942 3513 1039 3564 erunt.
1073 3498 1162 3560 Unde
1180 3497 1239 3583 igi·
1257 3507 1298 3561 32

65 3599 122 3649 tur
137 3587 285 3668 pecunia,
304 3608 393 3669 quam
409 3586 535 3667 requiro
553 3609 570 3647 a
587 3587 693 3663 vobis,
712 3586 954 3670 comparabitur?
972 3587 1040 3647 Hoc
1057 3581 1239 3647 iam'dieanr.

435 3788 702 3855 Pacuuianis
737 3789 872 3863 RATIO.

152 3929 242 4002 Quae
255 3949 324 4001 uos,
334 3926 551 4001 Athenienses,
561 3925 698 3989 invenire
711 3926 877 4008 potuimus,
890 3926 963 3987 haec
975 3937 1053 3987 sunt
1072 3914 1237 4008 Postquim

60 4026 170 4073 autem
188 4013 357 4074 sententias
374 4012 569 4096 rogaveritis:
587 4024 638 4084 ea,
650 4032 727 4092 quae
745 4011 836 4072 vobis,
851 4011 977 4092 probata
990 4007 1113 4082 suerint,
1132 4007 1236 4069 decen-

59 4097 147 4158 nite:
166 4110 283 4159 utnon
293 4112 411 4160 tantum
428 4097 558 4160 decretis
575 4111 607 4160 et
618 4097 713 4160 literis
730 4096 917 4180 belligeratis
934 4119 1002 4156 eum
1013 4093 1165 4174 Philippo,
1183 4093 1237 4152 sed

59 4182 273 4243 etiam‘faetis.
317 4184 416 4244 lllulto
435 4198 535 4244 autem
548 4181 671 4252 melius,
686 4192 723 4242 ut
740 4181 815 4242 mihi
827 4181 964 4251 uidetur,
981 4180 1019 4242 de
1037 4178 1119 4241 bello
1136 4189 1170 4239 ‚et
1186 4189 1236 4238 to-

57 4281 90 4328 ta
106 4268 317 4331 instructione
329 4268 545 4340 deliberabitis,
559 4269 584 4328 si
594 4269 705 4340 locum,
718 4265 933 4337 Athenienses,
947 4264 1092 4348 regionis,
1109 4260 1159 4321 cui
1170 4260 1235 4320 hel.

45 4348 127 4429 xhun
146 4354 302 4429 inferetis,
320 4351 506 4438 cogitabitis:
529 4366 563 4415 et
578 4351 818 4422 considerabitis,
837 4350 985 4412 sentiret
1002 4349 1073 4412 anni
1090 4343 1235 4441 tempori·

1283 4164 1296 4205 h
