2722 4754
359 136 423 257 oin
457 154 616 255 sassa
649 142 956 285 nnolrrou'n
1180 195 1245 289 aas
1304 190 1337 220 -·

25 360 30 393 ”
96 359 180 427 milites
196 349 330 424 adduxit,
349 348 427 409 alter
441 346 525 409 intus
543 344 614 407 talia
632 346 797 409 instruxit?
814 347 886 408 Non
900 348 981 408 enim
994 361 1056 428 est,
1075 368 1138 424 non
1157 346 1242 428 quic-

96 450 222 533 quamest
239 457 342 497 rerum
361 432 509 511 omnium,
528 434 611 512 quod
630 434 724 516 magis
739 434 778 492 sit
797 436 1083 515 cavendum,·quam
1097 455 1243 514 nequem

63 535 164 615 .·,ulgo
180 525 324 586 maiorem
341 520 408 579 lleri
426 518 591 601 patiamini.
627 518 672 577 Ne
692 519 766 578 mihi
784 519 825 578 sit
841 519 1020 595 incolumis,
1050 543 1150 601 neque
1169 543 1243 581 vero
1329 534 1332 539 '

58 654 62 661 .
96 626 174 707 pereat
191 610 368 691 quisquam,
395 605 470 691 certi
489 604 644 664 cuiusdam
663 604 824 664 arbitratu:
850 605 902 665 sed
923 606 964 679 is,
985 608 1170 686 quemfacta
1189 606 1243 668 sua

30 722 34 730 ’
97 714 210 771 tuentur,
229 706 412 772 contraque,
430 702 466 750 ut
484 690 530 751 ius
551 701 580 747 et
598 710 728 769 aequum
749 701 810 763 est,
835 691 867 749 in
885 690 977 750 istum
995 693 1146 753 sententia
1164 694 1244 754 fera·
1327 693 1335 702 ⁵

31 792 34 809 ²
97 806 137 856 mr.
156 785 218 842 Hoc
238 781 319 840 enim
337 777 485 861 populape
504 787 556 835 est
576 777 636 833 lam
655 797 744 858 saepe
763 775 882 848 accidit,
899 789 935 836 ut
952 799 1008 857 pro
1027 778 1146 838 ratione
1164 776 1254 845 tenu]

26 871 29 943 j
96 888 179 963 porum
198 864 318 948 quidam
337 864 416 945 apud
434 882 489 921 vos
507 859 639 921 multum
657 863 834 942 potuerint,
860 874 896 921 ut
915 859 1104 923 Callistratus
1123 865 1190 939 ille,
1207 879 1244 928 ut
1285 898 1288 905 «

32 940 35 951 ’
65 972 69 983 ’
96 953 275 1036 Aristophon,
293 948 502 1030 Diophantus,
521 947 572 1006 alii
591 946 638 1006 his
658 948 854 1028 antiquiores.
899 948 957 1008 Sed
976 948 1031 1007 ubi
1050 948 1160 1009 horum
1179 952 1243 1011 sin'.

52 1062 57 1071 ·
96 1045 143 1134 guli
155 1037 351 1122 principatum
369 1033 556 1094 tenuerunt?
592 1034 683 1114 Apud
701 1035 858 1116 populum.
881 1008 928 1093 lIn
947 1033 1067 1094 iudiciis
1085 1048 1186 1096 autem
1204 1039 1244 1097 ad

25 1192 29 1203 ἵ,
96 1128 249 1195 hodiernum
267 1141 367 1203 usque
386 1120 466 1179 diem
484 1124 576 1178 neino
594 1121 642 1179 vel
660 1120 747 1180 vohis
773 1121 820 1180 vel
839 1121 958 1202 legibus
977 1121 1025 1179 vel
1043 1120 1241 1182 iureiurando

95 1209 254 1304 phsualuit
290 1210 396 1287 ltaque
415 1227 472 1265 nec
497 1205 589 1265 istum
609 1228 691 1266 nunc
709 1207 823 1266 sinatis.
858 1207 945 1272 Hanc
972 1206 1053 1265 enim
1070 1229 1135 1267 rem
1154 1208 1241 1268 vohis
1291 1212 1304 1261 .“

25 1297 30 1330 ³
96 1298 171 1385 rna'gh
186 1316 245 1357 esse
265 1293 438 1365 cauendam,
458 1313 546 1372 quam
562 1290 627 1350 istis
640 1293 807 1365 fidendum,
825 1304 861 1352 ut
872 1291 989 1351 sciatis:
1007 1313 1152 1374 responsa
1166 1289 1249 1354 deo-'

25 1386 26 1401 ¹
96 1411 152 1450 rum
165 1382 237 1444 vobis
255 1378 410 1451 recitabo,
430 1377 482 1456 qui
501 1397 621 1458 semper
637 1378 735 1437 multo
754 1378 849 1461 magis
867 1376 1087 1459 rempublicam
1105 1368 1244 1454 tuentur,

99 1467 232 1555 quan'ipsi
250 1464 459 1549 magistratum
494 1464 600 1543 Recita
619 1464 746 1526 oracula.
1126 1480 1130 1487 ¹
1192 1464 1203 1477 ⁸

522 1621 783 1666 onasum.

164 1726 285 1801 luditis,
303 1725 520 1798 Athenienses,
539 1724 637 1804 qualia
657 1725 700 1783 dii
717 1726 804 1785 vohis
823 1727 1018 1809 praedicant?
1042 1724 1106 1799 Qui
1124 1723 1149 1784 si
1168 1723 1241 1785 belli

98 1812 306 1901 tempore‘vobis
324 1813 398 1872 haec
413 1811 658 1893 respondissent:
677 1811 874 1891 imperatores
893 1814 1042 1874 cavendos
1060 1832 1126 1871 esse
1142 1811 1240 1885 vobis,
1303 1810 1306 1815 ’

96 1892 290 1965 'monuissent⁴
307 1898 385 1958 Belli
415 1898 496 1957 enim
523 1897 615 1956 duces
641 1911 713 1957 sunt
739 1898 954 1978 imperatores:
983 1913 1027 1972 at,
1055 1917 1128 1977 pace
1153 1889 1242 1970 sacta,
1290 1954 1301 1965 ,
1330 1946 1331 1951 ,

96 1986 251 2071 reipublicae
269 1984 499 2068 gubernatores.
535 1983 576 2041 Hi
595 1980 675 2040 enim
696 1984 787 2043 duces
806 1997 896 2058 sunt,
915 1984 963 2043 his
980 2005 1034 2045 vos
1053 1983 1183 2063 paretis,
1202 1983 1239 2042 ab
1262 2016 1289 2041 ,-

96 2062 307 2155 histpeiiculurn
334 2082 397 2142 est,
425 2089 464 2128 nc
491 2067 691 2148 decipiamini
734 2069 850 2128 Urbem
865 2062 968 2152 ‘porro
994 2069 1241 2152 coniungendam

99 2181 148 2222 esse
161 2169 257 2218 monet
275 2156 447 2228 oraculum,
464 2168 512 2238 'ut
531 2174 637 2213 omncs
652 2155 867 2229 consentiant,
894 2177 972 2215 neve
991 2154 1131 2215 hostibus
1151 2156 1240 2215 volu-

40 2274 49 2285 *
97 2254 181 2328 ptaten
198 2240 368 2324 praebeant.
389 2243 498 2300 Utrum
516 2240 610 2322 igitur
628 2240 755 2320 putatis,
773 2241 996 2315 Athenienses,
1008 2262 1100 2314 ‘errm,
1120 2241 1173 2320 qui
1189 2253 1238 2302 tot
1261 2256 1325 2316 278

96 2331 181 2391 scelera
197 2325 389 2410 perpetravit,
408 2338 618 2389 conservatum
636 2348 674 2384 an
692 2319 870 2388 mulctatum
887 2328 1076 2409 voluptatem
1094 2324 1248 2409 Philippoi
1269 2354 1273 2360 ·
1292 2330 1294 2336 ’

82 2404 293 2498 'praebiturumt
311 2413 462 2493 Equidem
479 2412 593 2494 opinor
610 2427 829 2474 conservatum.
872 2412 993 2474 Asserit
1010 2426 1111 2474 autem
1131 2433 1239 2473 oracu-

93 2503 154 2577 lum,
175 2520 293 2582 semper
315 2520 381 2559 esse
406 2500 590 2570 curandum,
616 2519 655 2557 ne
673 2498 778 2560 hostes
802 2500 962 2583 gaudeant
1006 2499 1121 2559 Omnes
1144 2498 1239 2582 igitur

92 2587 205 2647 hortatur
220 2605 285 2646 uno
304 2586 462 2645 auimoad
480 2583 653 2666 puniendos
674 2605 743 2656 eos,
779 2586 831 2668 qui
849 2586 965 2665 aliquid
984 2586 1079 2647 officii
1097 2585 1237 2645 hostibus

90 2673 280 2753 praestiterunt
298 2672 432 2752 Iupiter,
448 2671 569 2740 Dione,
588 2690 693 2729 omnes
713 2671 762 2731 dii.
804 2671 891 2731 Foris
910 2683 1000 2745 suut,
1018 2672 1071 2751 qui
1089 2671 1237 2731 insidien-

89 2771 141 2830 tur,
161 2759 251 2830 intus,
278 2758 331 2837 qui
356 2758 462 2816 iuvent
484 2755 685 2815 insidiatores.
725 2756 864 2816 ‘Proinde
888 2757 1101 2816 insidiatorum
1125 2777 1237 2816 munus

87 2856 128 2918 est,
140 2843 238 2926 largiri
246 2858 258 2903 τ’
272 2844 446 2904 adiutorum
465 2854 576 2915 autem,
589 2843 736 2923 accipere,
752 2855 783 2902 et
799 2863 861 2916 cos,
877 2842 930 2924 qui
947 2841 1129 2924 acceperint,
1148 2841 1237 2903 tucri.
1278 2914 1281 2920 Ι

84 2930 130 2989 hm
151 2924 280 2989 bum‘arm
305 2930 394 2990 etiarn
418 2928 579 3009 prudentia
603 2927 735 3008 perspici
757 2941 874 3009 potest,
900 2928 1038 2991 omnium
1063 2926 1238 2999 inimicissi-

78 3038 146 3093 mum
164 3035 231 3076 esse
250 3027 282 3077 et
297 3013 426 3075 masmae
444 3013 669 3095 periculosum,
703 3013 728 3072 si
747 3014 887 3095 princeps
906 3014 1035 3074 civitatis
1048 3014 1090 3073 iis
1108 3013 1237 3073 familia·
1284 3079 1289 3089 Ι

79 3101 189 3176 risfiat,
215 3122 347 3181 quorum
372 3101 465 3161 animi
489 3122 505 3159 a
530 3100 637 3182 populi
662 3101 769 3160 studiis
795 3100 969 3162 abhorrent
1008 3098 1134 3175 'Quibus
1155 3098 1236 3163 euim

77 3187 155 3247 rebus
177 3187 338 3270 Philippus
364 3209 470 3247 omnes
500 3185 673 3269 subegerit,
711 3208 768 3266 qua
797 3179 917 3247 ratione
942 3187 1069 3246 maxima
1096 3203 1237 3266 quaeque

74 3273 240 3347 confecerit,
258 3286 408 3354 spectate:
427 3272 563 3332 emendis
582 3271 754 3332 actionibus
773 3273 873 3346 abiis,
892 3273 944 3354 qui
960 3273 1149 3333 vendebant:
1168 3270 1237 3332 'cor-
1332 3277 1337 3283 '

72 3349 240 3440 rumpendis
265 3358 453 3441 principibus
479 3358 649 3431 civitatum,
676 3358 775 3438 iisque
796 3359 1003 3437 canollendis.¹
1027 3359 1110 3418 Hace
1134 3371 1236 3418 autem

71 3456 190 3525 utraque
208 3445 241 3504 in
259 3459 358 3530 restra
377 3457 527 3526 potestate
547 3457 610 3519 est,
628 3443 739 3518 hodie,
758 3445 783 3503 si
801 3444 909 3518 vultis,
927 3445 1026 3504 facere
1045 3443 1142 3504 irrita:
1161 3444 1187 3503 si
1206 3454 1238 3503 et

67 3530 168 3590 audire
178 3531 260 3591 'istos
273 3531 398 3605 noletis,
417 3531 469 3610 qui
482 3530 593 3591 talibus
609 3529 785 3590 hominibus
798 3530 1041 3611 patrocinantur,
1060 3530 1115 3589 sed
1132 3543 1236 3590 osten·
1257 3532 1261 3538 ’

66 3610 284 3691 detis,‘nullam
304 3639 410 3678 eorum
430 3638 495 3676 esse
514 3617 594 3698 apud
611 3637 665 3676 vos
685 3617 896 3677 auctoritatem
915 3614 1011 3700 (nunc
1030 3615 1112 3675 enim
1129 3637 1185 3677 vos
1204 3615 1236 3673 in

65 3723 111 3763 aaa
128 3715 285 3785 potestate
304 3696 370 3764 esse
390 3700 523 3786 dicunt):
543 3715 574 3763 et
595 3701 694 3785 ipsum
712 3703 904 3763 venditorem
922 3700 1074 3785 punietis,
1091 3701 1185 3782 idque
1203 3702 1236 3760 in

41 3800 227 3871 ¹conspectu
248 3790 393 3850 omnium.
426 3788 504 3848 Nam
522 3810 591 3849 curn
609 3788 759 3860 omnibus¹
771 3789 837 3849 iure
854 3788 1040 3861 irascamini,
1062 3786 1235 3848 Athenien·
1296 3848 1299 3853 ,

63 3892 121 3950 ses,
146 3874 202 3956 qui
220 3874 293 3959 talia
310 3874 513 3959 designarint,
533 3888 571 3935 et
587 3869 781 3957 prodiderint
798 3875 901 3935 socios
918 3887 948 3934 et
966 3874 1079 3934 amicos
1099 3886 1130 3932 et
1146 3894 1235 3934 occa-

62 3959 159 4023 siones
185 3959 315 4061 (quihus
340 3962 430 4022 rebus
455 3961 506 4033 fit,
531 3973 567 4021 ut
590 3961 781 4043 singulorum
805 3961 947 4022 fortunae
974 3980 1079 4020 omnes
1103 3959 1151 4018 vel
1176 3958 1234 4019 llo-

61 4059 153 4122 reant,
171 4049 222 4109 vel
241 4044 451 4130 marcescant),
469 4060 533 4108 tum
552 4066 632 4129 vero·
644 4047 695 4107 isti
713 4047 841 4107 maxime
859 4061 890 4107 et
908 4046 1072 4106 iustissime
1089 4033 1250 4107 omnium
1296 4126 1297 4131 ἵ

61 4130 119 4209 Qui
138 4135 241 4207 enim,
268 4155 340 4194 cum
364 4136 400 4194 ex
424 4138 529 4194 eorum
554 4155 586 4193 se
610 4155 676 4194 esse
698 4147 828 4194 numero
846 4132 995 4204 voluerit,
1021 4130 1074 4210 qui
1091 4130 1235 4213 Philippo
1280 4128 1290 4141 ⁸

62 4219 245 4293 diffiderent,
265 4240 335 4280 cum
353 4220 436 4282 solos
456 4219 618 4300 etprimus
636 4220 834 4301 perspexerit,
852 4236 1048 4278 communem>
1063 4214 1150 4277 illum
1169 4239 1236 4279 esse
1290 4272 1293 4277 .

56 4304 174 4369 hostem
195 4306 390 4366 Graecorum
414 4305 565 4378 omniurn,
589 4305 754 4390 transfugit
771 4307 807 4366 ad
828 4304 931 4364 hostes
951 4314 983 4362 et
998 4303 1163 4364 stationem
1182 4305 1236 4364 de·
1328 4298 1337 4310 “

59 4394 148 4455 'seran
173 4405 207 4455 et
231 4391 340 4456 subito
363 4392 460 4477 sactus
485 4391 688 4473 est-Philippi
712 4391 869 4451 defensor:
894 4408 999 4481 nonne
1023 4388 1049 4448 is
1073 4388 1236 4469 multiplici
1260 4430 1272 4449 Ι

662 4512 678 4541 ἡ
