2722 4754
1201 80 1245 120 -Ι,
1290 79 1313 113 4·

1260 134 1264 147 t

358 174 564 242 conans
603 127 962 245 omoeusion
1170 176 1233 272 sss

64 357 324 433 ORATIO
378 355 649 443 CONTRA
673 309 1111 451 TIMOTHEUM
1152 347 1318 422 DE250

60 498 64 516 ¹
396 477 576 550 AERE
631 471 908 576 ALIENO
1199 500 1202 504 ·

250 718 253 723 ⁵
321 836 323 839 ,
423 704 904 840 ΜΜΜΜΜΜΜΜΜΜ

64 852 105 954 Α
123 897 287 957 Timotheo
305 892 535 968 Atheniensi,
524 893 591 967 uiro
611 893 692 953 claro
711 906 741 954 et
765 893 958 974 imperatoria
982 885 1130 979 dignitate
1149 919 1235 980 prae·

26 1035 29 1039 c
67 984 151 1082 dito,
168 982 375 1063 Apollodorus
394 1003 444 1041 aes
463 980 595 1039 alienum
594 978 741 1077 ‘repetit,
760 979 881 1078 dicens,
898 941 1035 1040 Passionis
1055 1005 1144 1042 usum
1162 984 1236 1043 ami·

67 1067 156 1127 citio
158 1067 354 1127 Timotheum
372 1067 408 1126 ab
428 1086 464 1125 eo
492 1062 651 1145 pecuniam
670 1062 836 1144 accepisse,
863 1078 894 1126 et
911 1064 1110 1131 debitorem
1100 1090 1130 1126 m
1150 1089 1237 1129 men-

68 1152 155 1212 sariis
173 1151 343 1211 rationibus
363 1141 427 1212 esse
446 1147 633 1230 inscriptum.
652 1149 762 1210 Debita
775 1162 875 1209 autem
895 1151 1023 1211 omnino
1026 1165 1168 1231 quatuor
1179 1174 1237 1212 nu·
1262 1205 1265 1209 .
1327 1218 1350 1227 μ

50 1244 239 1296 'meranturz
251 1249 347 1316 atque
367 1237 398 1295 in
411 1234 543 1318 singulis
563 1245 593 1292 et
612 1245 787 1314 tempora,
783 1247 814 1293 et
832 1234 953 1311 causae,
972 1258 1063 1315 quare
1083 1249 1237 1297 mutuatus
1325 1288 1328 1293 ,

71 1323 111 1381 sit
129 1322 319 1394 Timotheus,
337 1332 474 1381 accurate
494 1330 693 1398 exponuntur.
721 1319 761 1377 Et
778 1317 922 1398 pleraque
941 1334 1117 1402 argumenta
1136 1343 1172 1380 er
1190 1322 1238 1393 iis,

71 1426 150 1486 quae
169 1406 251 1466 nulla
270 1420 333 1466 arte
353 1416 490 1465 constare
509 1403 662 1474 dicuntur,
680 1401 922 1482 probationibus,
940 1418 976 1463 ut
992 1405 1186 1478 testimoniis,
1204 1419 1239 1465 ut
1290 1407 1295 1414 “
1316 1475 1317 1478 ,

65 1490 356 1571 provocationibus,
377 1490 619 1568 depromuntur:
649 1487 795 1565 quaedam
819 1487 908 1547 etiam
928 1508 969 1547 ex
989 1488 1176 1565 artificiosis,
1204 1503 1240 1548 ut

38 1574 39 1577 ’
72 1575 265 1635 coniecturis.
299 1574 401 1654 Atque
418 1572 627 1653 Apollodorus
645 1567 841 1630 Timotheum
860 1572 925 1632 es'se
944 1573 995 1661 ait,
1013 1576 1066 1654 qui
1084 1589 1263 1645 mutuatus,

55 1660 128 1733 ¹sit,
155 1673 185 1719 et
202 1661 258 1732 iis,
284 1680 360 1739 quos
378 1656 558 1717 Timotheus
577 1656 812 1730 commendarit,
841 1657 943 1717 datum
962 1679 1027 1726 esse
1046 1674 1240 1742 argentunio

72 1765 193 1804 mensa:
211 1743 262 1803 ille
280 1765 352 1805 vero
371 1743 434 1802 non
452 1763 494 1816 se,
513 1742 566 1805 sed
585 1740 655 1799 illos
674 1740 785 1800 debere
805 1741 885 1803 dicit.

483 1907 512 1916 .-

193 1998 195 2002 ·
914 1984 917 2008 l

73 2006 208 2091 Nemini
224 2045 358 2093 vestrum
377 2032 554 2093 incredibile
573 2002 629 2104 sit,
656 2029 791 2106 Iudices,
807 2029 1022 2132 Timotheum,
1039 2047 1074 2094 ut
1093 2033 1145 2115 qui
1163 2035 1241 2115 patri

32 2120 34 2125 ’
74 2137 145 2177 meo
163 2117 322 2196 pecuniam
342 2118 466 2191 debeat,
490 2140 576 2177 reum
594 2117 661 2176 {ieri
679 2137 861 2177 nuncame
880 2117 989 2176 inhoc
1007 2119 1128 2178 iudicio.
1164 2121 1241 2178 Nam

75 2226 101 2262 s1
91 2201 233 2261 'vobis'
225 2224 256 2261 m
280 2202 455 2262 memoriam
479 2222 623 2262 revocaro
644 2212 674 2259 et
692 2212 828 2279 tempus,
855 2221 924 2280 quo
943 2215 1115 2262 contractus
1144 2204 1241 2264 laetus

76 2299 145 2385 est,
157 2299 188 2344 et
206 2306 258 2357 ea,
277 2306 354 2364 quae
371 2285 416 2345 illi
435 2307 471 2345 eo
480 2297 627 2365 tempore
645 2284 858 2363 acciderunt,
856 2298 888 2344 et
905 2282 1015 2365 quanta
1034 2288 1086 2346 ille
1104 2301 1168 2347 tum
1187 2308 1242 2368 pe·
1247 2320 1250 2325 ·

76 2370 164 2431 nuria
183 2368 373 2430 conflictatus
391 2370 499 2430 fuerit:
525 2383 641 2452 patrem
660 2389 760 2428 meum
780 2368 887 2469 optimi
904 2371 961 2429 viri
980 2372 1082 2431 officio
1102 2373 1258 2433 sunctum·

76 2478 148 2538 erga
165 2439 360 2516 Timotheum
384 2457 521 2539 prolecto
548 2453 807 2527 existimabitis,
798 2467 889 2513 astum
908 2477 981 2515 vero
1000 2477 1062 2515 non
1079 2456 1201 2516 modo
1192 2481 1259 2517 rn-

25 2540 27 2544 ’
76 2553 195 2625 gratum
214 2560 297 2612 esse,
325 2540 537 2600 verumetiam
561 2539 791 2599 iniustissimum
811 2539 947 2599 omnium
965 2541 1153 2616 mortalium,
1175 2541 1242 2623 qui,
1261 2547 1325 2608 ast

80 2649 149 2686 cum
168 2638 227 2684 eta
242 2637 337 2706 patre,
356 2646 431 2703 quae
450 2625 557 2697 voluit,
575 2624 676 2684 omnia
695 2635 876 2685 consecutus
890 2625 938 2697 sit,
957 2638 998 2685 et
1000 2625 1032 2685 in
1046 2648 1152 2709 magna
1171 2648 1243 2710 cge—
1301 2688 1303 2691 ,

78 2724 155 2771 state
173 2732 207 2786 ac
226 2709 360 2769 maximis
385 2710 463 2770 vitae
481 2709 623 2790 periculis
648 2709 790 2789 pecunias
810 2709 848 2767 de
866 2731 969 2769 mensa
987 2674 1152 2792 accepeiit,
1178 2735 1242 2772 non
1282 2743 1285 2757 ·
1322 2767 1323 2771 ,

78 2797 171 2855 modo
191 2794 316 2877 gratiam
334 2815 398 2853 non
420 2795 549 2867 reserat,
574 2794 626 2852 sed
646 2813 682 2852 eo
703 2793 812 2867 etiaM,
837 2795 920 2872 quod
939 2795 1087 2856 datum
1060 2818 1088 2855 ea
1107 2811 1169 2870 est,
1193 2819 1241 2858 me

78 2882 205 2941 fraudet.
224 2879 370 2953 Quodsi
362 2890 418 2937 rste
431 2879 616 2960 impegisset,
633 2878 711 2963 patri
729 2897 851 2957 quoque
869 2880 1006 2958 pecunia
1015 2878 1156 2960 periisset
1173 2882 1244 2966 (ne-

79 2986 139 3047 que
168 2964 248 3024 enim
272 2965 310 3023 ad
337 2964 470 3046 pignus,
490 2984 590 3043 neque
615 2959 825 3043 praesentibus
849 2964 978 3023 testibus
1004 2965 1169 3066 dederatJa
1195 2967 1242 3046 sin
1288 3030 1291 3036 ,
1319 3025 1332 3049 5

78 3049 237 3122 evasisset,
264 3049 296 3106 in
314 3048 401 3109 istius
426 3061 575 3129 potestate
602 3048 737 3108 loturum
757 3058 837 3119 erat,
864 3062 1033 3129 comparata
1059 3051 1187 3129 pecunia
1205 3074 1244 3111 an

61 3134 171 3195 ¹nobis
189 3134 382 3194 satisfaceret
416 3135 477 3193 Sed
496 3146 614 3205 tamen,
632 3132 767 3207 ludices,
794 3132 931 3232 obsequi
940 3134 1104 3194 Timotheo
1122 3137 1245 3234 roganti

81 3234 113 3281 et
130 3219 255 3300 penuria
273 3218 422 3278 laboranti
440 3232 535 3318 pater·
543 3239 645 3289 meus,
670 3239 758 3296 quam
777 3217 959 3298 pecuniariis
982 3219 1151 3280 rationibus
1171 3218 1245 3281 cori-
1273 3258 1275 3262 ι

69 3306 193 3376 -sulere,
210 3302 321 3364 maluit.
339 3304 468 3364 Putabat
486 3303 577 3376 enim,
595 3303 723 3374 ludices,
741 3315 827 3382 pater
843 3325 960 3374 meus,
957 3303 982 3362 si
997 3304 1177 3364 Timotheus
1194 3306 1245 3364 illa
1294 3341 1305 3353 -

36 3432 40 3440 -
80 3388 215 3473 pericula
233 3388 374 3448 evaderet
392 3402 423 3461 et
440 3389 568 3447 redisset
586 3409 602 3446 a
620 3389 721 3468 Rege,
739 3386 968 3487 locupletiore
959 3401 1018 3447 asto
1035 3390 1135 3462 sacto,
1154 3410 1245 3488 quam
1298 3398 1301 3403 ’

56 3476 60 3494 ’
80 3490 147 3535 tum
167 3487 246 3547 erat,
266 3494 328 3533 non
347 3474 439 3532 modo
457 3493 559 3532 suase
577 3485 787 3559 receptorum,
805 3472 868 3544 sed,
886 3495 912 3530 ss
903 3473 1003 3551 quid
1021 3473 1102 3532 aliud
1122 3475 1210 3532 ctiam
1229 3497 1246 3534 a

79 3559 246 3620 Timotheo
263 3559 409 3637 petiisset,
426 3558 664 3638 impetraturum.
681 3515 881 3635 Posteaquarir
899 3578 971 3616 vero
991 3579 1053 3616 non
1072 3557 1123 3631 ita,
1141 3572 1176 3618 ut
1190 3550 1246 3635 ille

80 3645 225 3727 putabat,
252 3642 367 3716 etenit,
390 3644 462 3715 sed,
487 3641 617 3721 quaein
643 3641 785 3701 beneficii
802 3643 872 3701 loco
899 3642 1015 3721 accepit
1032 3642 1211 3702 Timotheus
1230 3664 1247 3702 a

81 3751 197 3801 mensa,
213 3741 321 3808 rogato
339 3740 422 3808 patre
441 3747 528 3800 meo,
547 3747 579 3785 ea
598 3725 719 3785 inimice
739 3739 770 3785 et
786 3744 842 3807 per
859 3726 1022 3799 rudrcmm
1040 3727 1094 3787 illo
1114 3732 1247 3802 mortuo,

82 3816 109 3874 si
127 3813 339 3885 contincatur,
356 3812 517 3872 reddenda
537 3830 602 3870 esse
621 3822 741 3882 censet,
767 3810 814 3869 sin
828 3809 918 3873 vobis
936 3811 1032 3891 possit
1056 3813 1248 3892 persuadere,

57 3960 62 3966 ,
82 3921 140 3960 nos
159 3896 297 3980 pecuniis
314 3896 511 3956 fraudandos.
529 3895 732 3955 necessarium
750 3895 826 3954 mihi
844 3895 1062 3970 videturesse,
1080 3909 1115 3956 ut
1133 3895 1198 3954 ab'
1189 3896 1248 3956 rni-

31 4058 38 4064 ἢ
66 3985 129 4044 'tio
147 3982 234 4050 uobis
253 3981 353 4041 omnia
372 3992 625 4053 commemorem,
645 3992 675 4039 et
693 3998 768 4060 quae
787 3979 954 4053 debentur,
973 3993 1005 4040 et
1022 4003 1111 4059 quam
1129 3983 1166 4052 ad
1184 4001 1248 4042 rem

82 4068 214 4162 pecunia
239 4067 381 4150 singulat'
372 4089 413 4126 1m
431 4065 471 4127 sit
487 4083 578 4139 usus,
606 4077 637 4123 ct
652 4077 804 4144 tempora,
829 4064 938 4144 quibus
963 4076 1134 4126 contractus
1153 4066 1249 4127 lactus

49 4167 141 4214 'west
158 4153 281 4231 Neque
306 4173 379 4211 vero
398 4171 454 4211 nos
474 4171 508 4210 ea
533 4164 616 4210 certo
643 4149 737 4223 scire,
764 4149 922 4230 quisquam
948 4162 1080 4208 vestrum
1108 4150 1250 4212 miretur·

85 4237 231 4313 mensarii
256 4236 336 4296 enim
355 4215 589 4296 commentarios
615 4234 782 4301 conficere
784 4234 886 4294 solent
903 4245 967 4293 tum
987 4256 1088 4293 earnm
1107 4236 1251 4315 pecunia-

86 4328 165 4405 rum,
183 4343 257 4404 quas
275 4322 333 4403 ipss
324 4322 473 4382 ’ἀΜΜΜΜΜ
491 4341 581 4400 quem
600 4319 632 4380 in
648 4341 750 4395 usum,
766 4332 831 4381 tum
843 4338 959 4394 earum,
976 4340 1053 4401 quae
1071 4321 1178 4401 apud
1169 4342 1252 4404 ipsos

900 4537 909 4577 q
938 4557 940 4561 .
