2746 4748
133 173 197 234 sto
324 221 328 231 .
417 143 1035 269 nrnosrnunrs-onajn'rou

77 326 91 395 Ϊ
133 339 166 388 et
182 324 322 387 lamiliari
345 316 421 400 suo,
446 327 717 409 nequepotuisse
734 345 932 409 recuperare,
959 323 1016 383 sed
1040 321 1110 381 sere
1130 319 1166 382 id
1191 344 1296 404 quoque

133 412 268 494 periisse.
287 412 381 479 ‚Hace
399 424 481 485 suut,
498 411 727 492 praemeritus
745 410 827 471 dixit
861 407 1045 492 syngrapha
1063 420 1175 469 autem
1193 429 1254 469 non
1265 409 1297 471 ita

134 497 289 577 loquitur,
313 496 449 570 ludices,
474 497 528 559 sed
545 496 608 559 illic
625 505 757 557 co'e'mtas
781 516 896 557 merces
913 493 1056 559 Athenas
1075 493 1247 574 pervehere
1261 495 1296 555 iu-

67 587 108 643 83
134 581 204 642 bet:
232 601 290 641 uec
307 594 451 644 mutuare
462 581 556 654 istos,
579 581 629 643 eui
645 582 758 655 velint,
782 593 917 643 nostram
934 577 1102 661 pecuniam
1122 579 1200 641 sine.
1212 593 1297 641 nosut

125 658 331 740 'auctoritate,
357 667 412 728 sed
427 665 517 727 nohis
534 666 672 730 Athenas
690 667 796 729 sistere
814 666 885 727 siue
899 664 984 726 omni
1002 664 1240 741 eontroiemia,
1255 666 1297 726 du

108 802 114 807 .
135 772 193 812 nee
209 773 267 831 nos
284 762 401 813 tautum
419 751 566 833 pecuniae
583 752 798 834 receperImus,
816 763 963 833 quantum
980 750 1208 813 mutuavimus.
1235 751 1299 834 Age,

133 836 227 901 recita
244 836 320 899 mihi
335 837 538 922 syngrapham
555 837 666 899 denuo.
755 859 761 897 ;
834 869 839 880 ·
886 872 890 879 -
957 843 962 849 ”

549 968 885 1055 strenarum
950 968 1005 1059 'J
1082 986 1093 993 ·

113 1168 117 1173 ι
220 1096 400 1157 Mutuarunt
418 1092 590 1157 Androcles
613 1095 770 1178 Spbettius
795 1107 826 1155 et
846 1095 1012 1155 Naucrates
1036 1088 1207 1177 Carystius
1222 1091 1297 1152 Arte·

135 1180 220 1242 moni
239 1192 270 1241 et
287 1179 490 1261 Apollodoro,
506 1181 678 1257 Phaselitis,
694 1182 814 1263 argenti
830 1193 879 1243 ter
895 1180 978 1243 mille
996 1179 1167 1239 drachmas
1185 1176 1298 1237 Athesis

134 1266 269 1327 Menden
291 1267 395 1345 usque'
413 1278 465 1326 aut
484 1265 627 1327 Scionem
645 1281 677 1328 et
693 1267 766 1327 inde
783 1267 969 1346 Bosporum:
1004 1264 1125 1346 quodsi
1149 1261 1297 1335 volueriut,

135 1351 168 1412 in
191 1351 312 1412 sinistra
333 1372 387 1411 ora
409 1371 508 1432 usque
531 1352 569 1413 ad
585 1350 810 1437 Borysthenem
828 1364 860 1411 et
870 1344 980 1411 ¹rursus
997 1346 1164 1422 Athenas,
1191 1347 1299 1409 duceris
1322 1350 1325 1357 ’

47 1428 55 1443 ”
135 1437 251 1498 vicenis
265 1436 367 1517 quinis
382 1456 494 1500 usurae
506 1437 720 1517 millenaqsin
734 1450 805 1517 post
816 1434 983 1497 Arcturum
994 1435 1167 1508 solverint,
1182 1455 1199 1493 e
1212 1434 1298 1493 Ponto

134 1523 282 1602 templum
299 1521 545 1604 Argonautarum
562 1522 705 1604 petituri,
739 1522 884 1583 trecentis
902 1543 952 1582 eas
968 1534 1017 1581 ter
1035 1519 1129 1580 mille
1146 1520 1299 1590 drachmas,

136 1607 199 1668 vini
217 1607 371 1688 amphoris
388 1606 544 1667 Mendaeis
561 1607 684 1690 pignori
702 1607 849 1688 oppositis
866 1620 916 1668 ter
931 1607 1031 1678 mille,
1056 1606 1151 1685 quod
1169 1604 1299 1665 evelletur

134 1693 249 1753 Mende
263 1705 316 1753 aut
333 1689 444 1752 Scione
462 1691 495 1751 in
513 1692 581 1753 navi
599 1693 707 1775 viginti
724 1712 911 1766 remorum,·
930 1703 1078 1773 quae-est
1094 1690 1244 1774 Hyblesii
1257 1711 1295 1749 na-

135 1778 280 1845 vicularii.
323 1776 535 1860 Oppignerant
556 1791 658 1839 autem
682 1778 713 1838 id
737 1778 856 1857 vinum,
882 1798 946 1837 non
970 1775 1127 1837 debentes
1152 1787 1296 1859 propterea

103 1916 106 1923 .
133 1863 277 1944 cuiquam
296 1863 457 1943 quiequam
475 1858 608 1945 argenti,
635 1870 735 1943 neq'ue
752 1864 790 1924 ad
808 1863 839 1922 id
856 1861 1100 1923 mutuabuntur:
1134 1875 1168 1922 et
1186 1860 1296 1921 evehent

135 1969 269 2021 merces,
286 1947 467 2027 sini-pretio
485 1955 633 2023 codmtas,
650 1970 755 2010 rursus
774 1948 910 2009 Athenas
928 1948 960 2008 in
978 1947 1094 2011 erdem
1107 1946 1295 2008 nauiomnes

126 2031 294 2093 'Perductis
316 2030 417 2093 eutem
435 2031 571 2094 Athenas
595 2033 746 2094 mercibus
769 2034 899 2094 reddent
916 2031 1078 2092 ‘debitores
1105 2029 1293 2111 creditoribus

135 2130 327 2199 argeutum,
341 2131 488 2197 quantum
512 2117 642 2177 debetur
666 2139 701 2179 ex
725 2118 912 2203 syngrapha,
930 2117 1019 2177 'iutra
1045 2116 1241 2200 vigesimum,
1260 2135 1291 2173 er

135 2198 352 2283 quo'Athenas
370 2202 526 2277 venerint,
552 2201 651 2278 diem,
676 2202 844 2285 integrum:
870 2215 992 2284 ercepta
1010 2201 1154 2277 iactura,
1179 2203 1205 2263 si
1220 2221 1293 2281 quarn

133 2299 272 2348 vectores
290 2288 329 2347 de
347 2288 503 2349 communi
520 2289 642 2349 decreto
660 2288 808 2363 fecerint,
845 2288 918 2349 etsi
937 2288 1010 2368 quid
1029 2288 1182 2349 hostibus
1198 2306 1304 2369 pepeuz

51 2406 54 2416 ·
135 2372 244 2433 derint
288 2373 381 2449 Quod
397 2375 435 2434 ad
454 2388 570 2435 caetera
587 2375 696 2435 attinet
713 2374 833 2448 omnia,
850 2375 1011 2457 integrum
1023 2388 1111 2434 esto:
1139 2387 1172 2435 et
1189 2370 1293 2433 exhibe·

134 2457 214 2519 bunt
234 2458 345 2542 pignus
368 2459 570 2523 creditoribus
593 2460 723 2521 liberum
747 2461 946 2532 et=immuue,
971 2461 1073 2520 donec
1098 2473 1217 2521 sortem
1240 2477 1293 2518 eun

133 2544 233 2605 usmis
251 2543 442 2606 reddiderint
459 2544 495 2606 ex‘
513 2547 691 2630 syngrapha.
708 2547 775 2606 Nisi
793 2560 894 2607 antem
914 2547 951 2606 ad
970 2545 1088 2605 dictum
1108 2546 1193 2605 diem
1210 2543 1294 2603 solve·

134 2630 213 2690 rint:
237 2632 366 2714 pignora
389 2631 591 2693 creditoribus
616 2646 646 2692 et
667 2632 869 2715 oppignerare
892 2644 924 2691 et
945 2633 1081 2692 vendere
1108 2630 1189 2691 tanti
1212 2630 1294 2697 liceat,

135 2715 241 2796 quanti
259 2729 338 2777 sunt.
382 2718 504 2793 Quodsi
521 2712 595 2798 quid
618 2718 737 2800 argenti
760 2717 962 2777 creditoribus
976 2736 1022 2777 'ex
1043 2716 1223 2800 syngrapha
1237 2711 1294 2772 red·

53 2877 57 2882 ,
135 2802 228 2861 dendi
245 2803 394 2862 delueritr
427 2803 547 2885 exigere
570 2803 660 2864 liceat
677 2803 877 2863 creditoribus
896 2803 933 2862 ab
943 2801 1152 2883 Apollodoro
1172 2813 1203 2861 et
1218 2798 1295 2858 Arte-

134 2906 243 2959 mone,
261 2899 292 2953 et
308 2887 411 2946 omnia
429 2908 536 2953 eorum
554 2887 651 2962 bona,
674 2886 735 2947 t'am
753 2887 907 2949 terrestria
925 2910 1014 2967 quam
1033 2888 1176 2960 nautica,
1195 2885 1294 2963 ubique

134 2971 296 3054 gentium,
316 2971 370 3031 ubi
389 2992 423 3031 ea
439 2972 572 3045 suerint,
597 2973 765 3059 pignerari:
791 2973 917 3054 perinde
936 2995 970 3032 ac
988 2972 1014 3032 si
1031 2972 1153 3033 iudicio
1172 2971 1243 3032 victi
1256 2969 1294 3027 iu·

134 3057 267 3117 dicatum
285 3078 350 3117 non
367 3056 555 3132 solvissent,
569 3071 638 3117 tam·
652 3059 740 3119 alteri
756 3058 1036 3133 utricreditorum,
1065 3070 1163 3137 quam
1179 3055 1294 3135 uta-ique·

97 3187 100 3192 ,
134 3140 190 3211 Sin
207 3162 270 3201 non
290 3143 465 3216 onerarint,
500 3144 666 3224 decemque
686 3144 750 3205 dies
768 3157 839 3226 post
856 3140 1030 3202 Caniculam
1049 3143 1083 3202 in
1102 3143 1293 3223 Hellesponto

134 3226 301 3287 manserint
325 3240 417 3307 utque
442 3229 650 3302 exonerarint,
683 3229 740 3288 ubi
764 3228 1004 3289 Atheniensibus
1039 3228 1177 3310 pignora
1201 3241 1292 3305 capere

133 3333 198 3373 nou
215 3313 309 3372 licets·
336 3312 427 3373 etiam
445 3314 517 3374 inde
534 3315 648 3376 reversi
664 3312 801 3376 Athenas
819 3334 924 3374 usuras
941 3314 1088 3387 reddant,
1116 3333 1199 3373 anno
1213 3325 1287 3387 supe·

133 3398 220 3460 riore
233 3398 344 3459 tabulis
363 3398 530 3481 inscriptas.
554 3400 609 3460 Sin
628 3402 706 3482 quid
720 3400 789 3460 navi
805 3399 924 3481 gravius
942 3397 1105 3471 acciderit,
1126 3399 1161 3459 in
1179 3416 1230 3479 qua
1242 3411 1291 3452 re-

67 3497 109 3557 84
133 3484 249 3546 hentur
270 3506 402 3559 merces,
427 3484 555 3568 pignora
578 3487 658 3548 salva
680 3487 756 3545 sint:
781 3506 859 3564 quae
882 3483 1106 3566 superfuerint,
1135 3476 1293 3544 communia

40 3562 46 3570 ’
101 3636 107 3647 ,
133 3583 225 3632 sunto
245 3569 456 3632 creditoribus.
474 3572 515 3632 Et
531 3572 563 3632 in
581 3571 628 3631 bis
646 3571 738 3631 rebus
756 3569 833 3631 nihil
849 3569 917 3650 plus
934 3568 1032 3629 valeat
1050 3568 1109 3628 hae
1128 3563 1293 3653 syngrapha

219 3657 354 3716 Tuscus:
383 3655 528 3717 Phormio
546 3656 732 3731 Piraeensis,
760 3651 991 3736 Cephisodotus·
1001 3654 1178 3730 Boeotius,
1199 3648 1293 3711 Helio·

135 3741 228 3804 dorus
244 3741 421 3803 Pittheusis.
593 3806 596 3813 ,

218 3830 386 3901 Utrumne,
404 3828 540 3904 ludices,
561 3828 637 3890 istos
655 3827 826 3914 syngrapha
843 3840 981 3887 mutuare
999 3837 1111 3886 nostra
1125 3824 1231 3896 iubet,
1245 3820 1294 3880 ho·

44 3964 51 3975 ,
137 3912 211 3973 mini
233 3913 429 3996 praesertim,
454 3936 546 3995 quem
571 3936 628 3975 nos
652 3936 753 3995 neque
778 3913 936 3987 novimus,
961 3929 1064 3990 neque
1087 3910 1223 3971 vidimus
1243 3925 1294 3965 un·

136 3998 240 4073 quarn:
257 4000 296 4061 ari
314 4006 446 4062 codmtas
464 4021 579 4061 merces
597 4001 739 4080 Athenas·
751 4000 928 4072 vehere,-et
945 3995 1034 4056 nobis
1053 3996 1087 4056 in
1106 4004 1294 4076 conspectu!

137 4080 259 4158 offerre,
282 4100 313 4148 et
336 4085 479 4147 exhibere
501 4086 567 4146 siue
591 4085 815 4148 controversia?
842 4081 1006 4143 Enimvero
1029 4103 1043 4140 s
1090 4081 1207 4164 grapho
1228 4072 1294 4138 nibil

137 4160 196 4237 bis,
212 4189 288 4246 quae
307 4192 341 4232 ea
360 4172 567 4247 continentur,
584 4171 653 4253 plus
671 4173 771 4232 valere
788 4166 877 4231 sinit:
902 4188 959 4229 nee
975 4187 1033 4248 pro
1048 4167 1111 4228 ersi
1127 4166 1180 4227 vel
1196 4166 1293 4247 legen,

138 4247 188 4337 td
198 4250 374 4332 decretum,
395 4258 443 4317 vel
462 4257 624 4339 quicquam
641 4257 723 4318 aliud
741 4257 773 4317 in
791 4253 980 4340 syngraphae
997 4252 1229 4335 praeiudicium
1258 4244 1296 4305 Al

96 4326 252 4468 Ν
268 4337 365 4403 initio
383 4341 485 4405 statim
509 4341 710 4429 syngrapham
723 4342 812 4405 -barlc
836 4339 1099 4413 nihilrcuraruntu
1122 4339 1181 4401 sed
1202 4343 1295 4399 rome
