2722 4754
864 84 875 109 κ
902 75 908 86 .

291 182 294 187 ’
314 170 376 257 nu
403 195 636 258 sonorus
661 186 1016 260 anrxaunnuo:
1117 178 1134 241 ¹.
1183 205 1244 260 103

78 338 114 411 ii,
138 342 192 423 qui
211 366 275 427 pro,
293 349 425 411 dominis
444 372 509 411 sese
527 365 638 437 gerunt
663 346 880 432 libidinemque
898 374 981 412 suam
999 367 1185 434 sequuntur,
1207 365 1244 412 et

81 435 292 509 perpetue-vel
310 435 433 513 insidias
451 450 588 511 struunt,
607 438 654 497 rel
672 450 766 518 agunt
777 438 957 512 interdicta,
976 461 1140 520 pacemque
1158 459 1242 499 com-

25 550 28 599 3
70 536 199 575 munem
217 519 366 580 derident.
395 522 494 597 Quam
513 521 653 587 enim-,ot
671 543 789 581 causam
807 521 856 581 isti
875 524 1039 605 negabunt,
1056 526 1180 585 itaesse
1198 524 1242 583 sa-

25 614 32 635 ¹'
91 600 240 663 uentum?
275 604 356 666 Num
378 606 568 686 pactionem,
595 604 743 686 quatenus
763 627 796 665 ea
814 607 998 686 reipublicae
1016 622 1123 683 nocet,
1147 622 1240 668 ratam

25 694 28 773 ζ
95 706 148 747 esse
163 688 285 749 volunt:
303 702 450 771 quatenus
468 714 541 753 vero
560 692 658 751 eidem
676 691 813 751 salutaris
832 705 887 763 est,
906 695 1114 755 sustulerunt?
1144 695 1240 755 Num-

25 778 29 813 ³
103 772 162 857 qaid
173 773 243 833 haec
260 774 325 857 iure
342 775 409 834 heri
427 776 597 849 videntur?
622 776 654 835 Si
673 776 747 856 quid
766 777 796 835 in
814 776 1009 837 iureiurando
1027 800 1083 858 pro
1102 778 1240 839 hostibus

32 912 40 925 .
109 872 231 923 eteentra
248 862 380 919 nb'stram
403 860 554 921 civitatem
572 863 661 933 facit,
684 862 716 921 id
733 874 882 943 perpetuo
907 863 1151 923 confirmabunt?
1185 864 1242 923 Sin

108 944 196 1027 aliquid
218 957 347 1005 vestrum
371 958 476 1005 contra
495 947 564 1006 illos
589 946 678 1005 simul
698 958 728 1005 et
751 947 864 1006 iustum
883 955 914 1005 et
931 946 1007 1007 utile
1032 948 1139 1006 fuerit:
1165 947 1241 1006 illud

108 1032 153 1093 sibi
165 1029 388 1112 oppugnandum
408 1052 472 1090 esse
491 1044 658 1111 perpetuo,
683 1030 931 1091 arbitrabuntur?
967 1034 1009 1092 Ut
1025 1052 1097 1091 vero
1117 1031 1244 1111 criden-¹

45 1166 48 1173 .
109 1118 156 1179 tius
170 1116 245 1177 etiam
262 1113 456 1197 intelligatis,
482 1116 634 1175 nemiuem
654 1117 842 1176 Graecorum
860 1136 914 1175 vos
932 1138 1066 1196 unquam
1084 1129 1240 1176 aecusatu-

110 1226 163 1263 mm
176 1220 229 1261 esse
246 1199 282 1258 de
300 1200 512 1259 communibus
531 1201 625 1281 pactis
644 1202 705 1261 ulla
722 1222 755 1260 re
774 1195 903 1273 violatis,
921 1201 974 1260 sed
994 1215 1024 1261 et
1041 1202 1167 1284 gratiam
1185 1200 1238 1258 ha-

111 1290 217 1361 biturus,
237 1285 317 1363 quod
335 1284 395 1343 soli
408 1284 595 1368 foedifragos
615 1286 828 1368 coargueritis:
852 1307 946 1365 pauca
963 1286 1001 1345 de
1018 1286 1137 1358 multis,
1162 1306 1238 1365 quae
1265 1285 1319 1341 139

49 1444 52 1450 ,
115 1372 212 1435 dicenda
224 1380 329 1442 essent,
347 1390 526 1449 percurram.
553 1367 736 1431 Continetur
752 1370 863 1431 alicubi
880 1371 912 1429 in
929 1371 1064 1445 foedere,
1081 1383 1116 1429 ut
1133 1371 1238 1429 foede-

116 1460 232 1519 retinere
247 1453 405 1535 navigent,
429 1467 459 1514 et
477 1478 567 1516 nemo
587 1472 640 1516 eos
658 1456 834 1536 prohibeat,
852 1476 953 1535 neque
971 1456 1130 1536 quisquam
1149 1474 1240 1514 naves

114 1564 195 1604 eorum
208 1548 349 1618 exceptet:
375 1539 421 1599 siu
440 1540 513 1619 haec
530 1540 638 1619 aliquis
658 1540 791 1614 violarit,
809 1553 844 1599 ut
861 1540 900 1600 ab
918 1541 1058 1601 omnibus
1077 1539 1240 1600 foederatis

113 1650 156 1711 pru
167 1623 399 1699 hestc'habeatur.
416 1625 522 1705 Atqui,
535 1624 750 1701 Athenienses,
763 1647 817 1685 vos
831 1625 1054 1686 evidentissime
1069 1625 1162 1697 scitis,
1180 1625 1239 1684 hoe

112 1708 323 1773 sllaccduuilsus
350 1730 415 1770 esse
441 1712 559 1789 sartum.
594 1712 670 1771 'ham
698 1732 734 1770 eo
758 1710 922 1771 violentiae
948 1723 1178 1791 processerunt,
1204 1721 1240 1768 ut

105 1816 194 1859 omnes
207 1814 286 1855 naves
303 1793 443 1855 Ponticas
462 1797 620 1855 Tenedum
639 1796 849 1875 pertraxerint,
872 1817 907 1854 ac
923 1797 1156 1879 tergiversantes
1174 1815 1238 1853 uon

110 1882 177 1963 prius
191 1900 229 1941 eas
245 1878 428 1952 dimiserint,
453 1903 542 1960 quam
560 1902 614 1940 vos
633 1881 857 1952 ‹.lecrevissetis,
876 1893 997 1940 centum
1015 1880 1153 1940 triremes
1172 1898 1237 1938 esse

110 1964 266 2047 complendas
281 1977 311 2025 et
324 1965 424 2023 statim
437 1964 468 2023 in
485 1987 565 2024 mare
579 1966 781 2038 deducendas,
800 1977 831 2025 et
845 1964 952 2024 ducem
967 1966 1010 2024 eis
1024 1963 1237 2023 hlenestheum

108 2048 296 2132 pnesecissetis.
313 2049 428 2109 Annon
445 2049 539 2131 igitur
556 2051 720 2129 absurdum
734 2063 788 2121 est,
807 2073 902 2129 quum
919 2063 966 2109 tot
979 2071 1013 2109 ae
1030 2060 1113 2109 tanta
1127 2048 1238 2129 delicta

108 2137 157 2197 siut
169 2135 329 2206 alterorum,
348 2134 422 2194 istos
441 2135 562 2195 illorum
582 2135 694 2194 amicos
712 2157 728 2193 a
746 2135 900 2215 peccando
920 2156 973 2194 eos
991 2155 1055 2193 non
1072 2135 1236 2204 deterrere,

109 2220 268 2281 sedeuadere
286 2219 392 2293 nobis,
419 2233 455 2279 ut
472 2233 557 2300 pacta
575 2241 672 2299 usque
698 2221 774 2279 adeo
794 2221 931 2302 neglecta
949 2217 1125 2279 servemus?
1150 2217 1236 2296 quasi

107 2326 165 2365 vere
178 2304 204 2363 in
218 2303 269 2365 illis
288 2317 319 2364 et
335 2304 394 2365 hoc
413 2305 594 2386 adscriptum
613 2306 662 2377 sit,
679 2305 752 2386 ipsis
769 2305 859 2364 etiam
878 2304 1055 2384 delinquere
1072 2303 1175 2374 licere,
1193 2301 1235 2359 al-

104 2390 164 2449 teris
178 2410 223 2449 nce
237 2388 343 2463 ulcisci
353 2390 479 2450 iniurias
500 2413 564 2451 esse
583 2390 781 2451 concessum?
799 2390 910 2449 Nonne
928 2410 1001 2448 vero
1019 2387 1108 2447 simul
1128 2399 1159 2446 et
1177 2386 1235 2445 ini-

101 2496 155 2555 quc
171 2486 195 2535 et
207 2470 316 2555 stupide
336 2488 479 2557 egerunt,
504 2477 557 2555 qui
574 2475 783 2535 iusiurandum
807 2495 905 2554 usquc
922 2475 999 2534 adeo
1016 2471 1172 2543 violarint,
1200 2483 1236 2529 ut

103 2558 232 2619 minimum
251 2559 397 2634 abluerit,
424 2560 498 2640 quin
517 2561 558 2621 ob
583 2560 665 2620 illam
690 2560 846 2641 perfidiam
871 2559 1056 2640 principatus
1082 2556 1170 2617 maris
1189 2556 1249 2614 eis.

100 2644 160 2723 iure
168 2642 341 2725 eriperetur?
360 2657 450 2725 atque
469 2647 545 2706 adeo
565 2646 754 2705 nuncetiam
775 2646 819 2704 ius
839 2644 898 2704 huc
913 2644 1001 2704 nobis
1019 2643 1085 2703 siue
1105 2641 1232 2702 crimine

25 2780 34 2803 ·.
103 2729 273 2811 suppeditant,
289 2729 314 2789 si
333 2730 379 2788 uti
398 2750 434 2789 eo
453 2729 646 2791 voluerimus.
663 2731 735 2789 Nou
754 2730 845 2800 euim,
863 2730 946 2807 quod
964 2749 1087 2808 peccare
1107 2726 1232 2787 destite-

98 2824 180 2887 runt,
199 2814 337 2875 eominus
356 2816 528 2893 comurunia
546 2828 630 2896 pacta
655 2815 807 2877 violarunt
823 2813 955 2873 scilicet:
980 2814 1033 2872 sed
1051 2810 1133 2870 beati
1151 2820 1233 2880 suut,

34 2908 38 2913 '
98 2898 172 2977 quud
185 2898 289 2959 interim
305 2901 450 2961 fruuntur
466 2901 583 2983 ignavia
601 2912 709 2973 vestra,
728 2920 803 2978 quae
822 2920 910 2957 suum
928 2897 975 2958 ius
993 2894 1135 2978 persequi
1153 2915 1232 2953 uun-

33 3042 41 3051 ,
98 3005 175 3063 quam
193 2982 319 3051 instituit.
354 2986 456 3065 Atque
483 2986 541 3045 hoc
568 2982 905 3049 contumeliosissimum
924 2995 986 3054 est,
1013 2982 1096 3061 quod
1121 2978 1232 3057 reliqui

48 3112 54 3119 .
97 3068 190 3127 Graeci
201 3081 227 3130 et
237 3070 360 3131 barbari
373 3091 477 3130 ornnes
492 3084 605 3131 vestras
624 3069 796 3129 inimicitias
808 3080 961 3128 metuunt:
980 3067 1030 3127 isti
1042 3079 1143 3125 autem
1161 3062 1233 3122 novi

96 3152 212 3215 honines
224 3156 283 3215 'vos'
296 3177 333 3215 co
360 3156 519 3237 redigunt,
544 3169 580 3215 ut
598 3155 655 3236 ipsi
674 3167 790 3221 vosmet
813 3153 965 3234 aspernari
983 3150 1150 3235 cogamini,
1176 3147 1233 3209 alia

94 3238 167 3299 vobis
181 3232 391 3323 persuadendo,
409 3241 466 3301 alia
483 3241 512 3299 vi
531 3241 741 3319 extorquendo
759 3237 899 3321 (perinde
918 3262 952 3298 ac
970 3239 995 3297 si
1014 3260 1081 3305 eum
1101 3232 1232 3295 Abderi-

92 3323 128 3383 tis
143 3337 186 3383 aut
199 3326 369 3407 Maronitis,
388 3347 451 3385 nou
469 3348 538 3387 cum
556 3324 795 3385 Atheniensibus
815 3325 1066 3383 administrandae
1084 3317 1231 3402 reipubli-

91 3410 285 3473 cacrationem
310 3408 470 3494 habeant):
498 3411 550 3490 qui
570 3434 637 3471 eum
657 3432 730 3491 opes
748 3421 860 3469 vestras
887 3409 1068 3481 extenuent,
1093 3408 1232 3467 adversa-

89 3492 187 3552 riorum
201 3495 392 3575 amplificent,
411 3496 612 3556 interim-non
631 3496 887 3568 animadvertunt,
906 3516 938 3553 se
957 3492 1106 3566 confiteri,
1124 3490 1231 3550 urbem

84 3590 201 3638 uestram
219 3601 282 3640 esse
302 3580 545 3661 insuperabilem,
564 3583 635 3640 dum
655 3580 824 3651 hortantur,
843 3593 877 3639 ut
895 3580 942 3638 ius
961 3578 1057 3651 aliter,
1077 3591 1165 3658 quam
1184 3575 1230 3633 iu-

80 3662 220 3739 stum'est,
239 3666 458 3726 custodiamus:
475 3679 510 3726 ut
529 3688 604 3747 quae
624 3667 726 3725 hostes
745 3664 831 3724 sacile
850 3675 1030 3745 superasset,
1049 3663 1075 3721 si
1092 3659 1231 3721 utilitatis

76 3748 214 3809 radonem
230 3749 341 3810 habere
360 3750 511 3811 voluisset.
549 3755 615 3811 lure
634 3762 734 3810 autem
753 3749 784 3808 in
804 3748 858 3808 hac
877 3747 1027 3809 sententia
1046 3759 1124 3808 sunt„
1150 3748 1230 3805 Dum

74 3834 154 3895 enim
170 3836 254 3895 maris
273 3833 433 3917 imperium
451 3835 523 3896 citra
542 3835 788 3908 cuntroversiam,
807 3833 897 3915 idque
913 3835 1011 3895 solum
1030 3831 1231 3892 tenuerimus:

70 3919 109 3981 ad
124 3920 270 3980 terrestria
286 3920 419 4001 pericula
436 3922 648 4001 propulsanda,
667 3920 752 3981 facile
769 3919 825 3979 alia
841 3921 1052 4000 supplementa
1065 3917 1111 3975 his
1125 3914 1231 3995 copiis,

67 4025 144 4085 quas
160 4003 191 4063 iu
208 4004 364 4086 procinctu
383 3992 538 4079 habemus,
556 4006 691 4067 invenire
710 4005 831 4064 licebit:
851 4003 1033 4085 praesertim¹
1046 4024 1114 4060 cum
1132 4000 1230 4059 soniv-

64 4112 104 4149 na
119 4108 226 4149 eorum
241 4090 433 4149 insolentiam
451 4091 643 4173 depresserit,
662 4090 714 4171 qui
729 4090 956 4174 tyrannicorum
976 4086 1162 4147 exercituum
1178 4109 1229 4144 eu-

61 4173 166 4235 stodia
184 4174 413 4249 muniebantur,
439 4189 528 4256 atque.
548 4198 652 4236 eorum
672 4175 722 4235 alii
745 4175 908 4257 perierint,
933 4174 1008 4233 alios
1026 4193 1074 4232 res
1093 4170 1157 4253 ipsa
1176 4172 1230 4229 do-

59 4259 166 4319 cuerit
181 4278 244 4329 esse
255 4256 501 4322 contemnendos.
519 4262 611 4339 Quod
631 4261 724 4344 igitur
741 4262 778 4320 ad
792 4280 882 4325 naves
897 4258 1015 4333 attinet,
1032 4257 1142 4337 inquo
1162 4278 1228 4316 mo-
1255 4262 1316 4317 140

44 4343 164 4407 menti
182 4344 343 4425 plurimum
361 4359 424 4420 est,
449 4346 479 4407 id
498 4347 640 4421 Macedo,
667 4360 787 4429 practer
804 4344 859 4405 alia
878 4365 967 4427 supra
985 4355 1230 4411 commemorata,
