2722 4754
21 201 29 211 ’
101 152 212 287 [ιιι
250 187 275 208 ’·
366 165 797 313 ιιιῑιιοειιιιιιιι
838 192 1028 255 onemo

108 372 113 376 ·
151 349 257 425 enim,
279 350 396 440 siquid
414 347 503 408 aliter
519 304 682 429 aliquando
702 369 791 430 quam
808 348 891 430 leges
910 305 1034 420 iubent,
1059 345 1171 406 factum
1191 356 1255 418 est,
1273 343 1318 404 id-

130 454 134 458 ’
147 460 211 520 que
225 451 260 498 ιιι
275 421 409 494 imita‘tus
422 454 465 508 es,
479 446 644 534 propterea
658 434 724 494 iure
743 433 925 497 absolveris.
943 433 996 494 sed
1009 433 1111 514 potius
1130 431 1318 491 condemna-

75 572 78 575 .
149 523 243 600 beris.
275 522 323 579 ιιι
341 518 440 592 enim,
461 519 490 578 si
509 519 577 599 quis
595 520 717 580 illorum
737 517 809 579 olim
827 519 984 585 damnatus
1004 524 1100 592 emti
1126 529 1160 576 tu
1178 517 1239 576 isla
1256 535 1320 576 ¹¹0¹!

107 621 109 624 ’
147 595 342 687 scripsisses·
364 605 423 679 ita,
441 604 520 664 situ
538 612 628 664 nunc
637 625 758 685 poenas
769 604 917 677 dederis,
932 603 1007 663 alius
1026 623 1089 662 uon
1108 600 1257 670 scribet
1273 601 1320 661 De

148 694 217 774 lege
236 702 352 763 autem,
371 709 448 769 quae
458 689 628 750 manifeste
643 700 742 761 vetet,
759 708 798 749 ne
816 700 937 749 senatus
956 688 1131 748 triremibus
1150 707 1216 772 non
1233 676 1320 762 lactis

64 837 67 843 ,
148 775 315 858 praemium
332 779 433 855 petat,
452 774 710 855 operaepretium
729 786 787 834 est·
792 762 914 845 addire,
934 773 1007 853 quid
1020 773 1110 832 loco
1105 766 1320 833 excusationis

43 881 47 887 ·
108 921 111 935 ,
148 862 188 922 ιιι
206 857 369 943 allaturus,
389 873 428 919 ιιι
432 871 579 943 spectare
597 858 730 919 hominis
749 858 990 940 impudentiam
988 879 1023 918 ex
1040 858 1095 931 iis,
1121 879 1205 938 qnae
1219 857 1320 918 dicere
1353 878 1357 892 ·

32 1007 36 1014 ,
122 988 128 994 -
147 946 302 1006 instituet
329 948 400 1018 Lex,
418 938 535 1023 inquit,
553 965 616 1003 non
635 944 708 1004 sinit
724 957 861 1004 senatum
879 958 997 1024 petere
1001 943 1180 1023 praemium,
1190 923 1259 1004 nisu
1249 942 1325 1004 se-

19 1080 22 1090 .
81 1034 85 1055 '
145 1033 224 1096 cerit
246 1032 393 1092 triremes
424 1029 556 1089 Fateors
562 1028 726 1109 Nusquam
751 1042 851 1089 autem
870 1041 952 1092 vetat
976 1029 1123 1128 populum
1143 1030 1222 1089 dare.
1252 1027 1320 1111 Ego

111 1137 230 1218 pero,
249 1139 275 1177 sr
266 1115 443 1175 dedissem
462 1113 645 1193 postulanti,
664 1113 736 1196 legi·
734 1115 878 1174 fraudem
896 1114 1051 1173 fecissem.
1069 1114 1095 1173 si
1112 1134 1186 1176 vero
1201 1113 1321 1208 nullam

111 1203 182 1277 in
199 1213 268 1285 toto
287 1202 420 1260 decreto
431 1199 469 1258 de
495 1198 621 1259 navibus
640 1198 698 1259 feci
723 1198 927 1273 mentionem,
955 1200 1012 1258 sed
1030 1199 1086 1258 alia
1105 1199 1252 1278 quaedam
1269 1219 1319 1258 re-

60 1284 125 1347 3¹79
152 1308 274 1360 censeo,
291 1298 423 1366 propter
431 1303 512 1373 quae
530 1297 668 1345 senatum
683 1305 796 1345 corona
815 1286 966 1357 donem,
956 1305 1017 1363 quo
1030 1296 1117 1364 pacto
1134 1284 1281 1367 legem
1251 1305 1320 1344 ιιο-
1340 1343 1342 1347 ,

56 1421 58 1424 -
107 1411 109 1414 -
149 1366 228 1455 latii
263 1370 372 1450 Neque
390 1388 463 1430 vero
483 1367 607 1430 dilficile
625 1369 712 1430 vobis
732 1383 787 1443 est,
805 1369 884 1430 illa
875 1369 962 1429 mstis
980 1369 1152 1432 rationibus
1170 1369 1322 1430 refutare.

88 1526 90 1534 Ι
147 1459 284 1542 primum
303 1454 455 1551 praesides
482 1467 603 1514 senatus
623 1467 671 1528 et,
707 1455 760 1535 qui
788 1455 952 1516 sententias
968 1454 1174 1552 comprobat,
1200 1454 1322 1535 praese

117 1582 120 1586 <
149 1556 231 1604 ctum
245 1561 381 1622 rogasse
406 1552 437 1599 et
460 1539 605 1607 dicendae
624 1539 803 1600 sententiae
829 1540 876 1611 ius
903 1539 1026 1612 iecisse,
1054 1539 1174 1599 cuinam
1199 1539 1321 1599 videre-

147 1642 200 1689 tur
223 1638 344 1686 senatus
363 1625 405 1685 ita
430 1646 555 1685 munere
574 1646 631 1685 suo
656 1625 795 1698 functus,
820 1637 856 1684 ut
875 1625 903 1685 ei
927 1624 1040 1695 honos·
1054 1623 1160 1695 haberi
1184 1624 1341 1705 deberet,q

148 1735 199 1774 cur
189 1711 300 1771 non?
335 1709 432 1790 Atqui
450 1710 526 1769 de
506 1732 559 1783 ns,
595 1711 728 1796 quinon
753 1723 877 1790 petunt,
912 1731 969 1770 nec
987 1709 1129 1792 accipere
1153 1709 1322 1798 postulant,

147 1818 272 1879 prorsus
291 1817 330 1856 ne
347 1796 448 1894 rogari
468 1795 590 1874 quidem
617 1795 824 1856 conveniebat.
858 1796 1027 1855 Praeterea
1043 1817 1111 1854 cum
1137 1792 1322 1874 quibusdam

60 1952 62 1963 Ι
101 1877 186 1943 &de
211 1881 302 1942 rebus
327 1877 434 1940 Midias
459 1892 619 1940 accusaret
639 1874 777 1941 senatum
805 1894 836 1941 et
860 1881 935 1941 alios
965 1882 1129 1980 quosdam,
1155 1879 1322 1941 subsilien-

46 1958 47 1963 ἵ
83 2017 88 2028 ,
147 1981 195 2028 tes
213 1979 368 2027 senatores
386 1965 504 2046 precati
519 1978 607 2038 sunt,
635 1988 674 2026 ne
693 1965 751 2025 sibi
777 1967 943 2047 praemium
968 1966 1144 2046 eriperetur.
1187 1951 1229 2025 ιιι
1244 1964 1341 2025 ιιιιιιο7

114 2089 122 2105 ·
147 2052 235 2113 vobis
255 2051 406 2111 iudicibus
426 2070 461 2110 er
479 2070 527 2110 me
546 2050 650 2110 audire
674 2051 751 2120 nihil
770 2065 815 2112 est
834 2073 926 2132 opus,
951 2073 1019 2111 cum
1038 2051 1096 2132 ipsi
1109 2071 1213 2122 coram
1233 2042 1324 2111 uidc-
1338 2094 1342 2101 -

29 2200 42 2214 N
83 2171 86 2176 ·
123 2138 232 2211 ritis,
245 2136 323 2236 'quid
342 2137 420 2216 apud
438 2136 586 2216 populum
604 2149 704 2196 actum
721 2136 820 2197 fuerit
856 2137 976 2211 Quare
993 2137 1019 2196 si
1038 2149 1174 2196 senatum
1192 2135 1325 2218 p'etiisse

68 2226 79 2261 ,¹
95 2262 108 2283 ,-
148 2221 277 2305 u‘egarit,
296 2221 338 2280 sic
358 2221 515 2281 occurrite.
534 2223 594 2280 lam
613 2221 699 2281 illud
706 2223 796 2296 etiam
814 2223 980 2294 ostendam,
998 2242 1062 2281 uon
1080 2221 1257 2302 permittere
1274 2221 1326 2280 le·
1350 2237 1352 2239 ’

149 2320 228 2391 gom,
245 2318 282 2366 ut
298 2306 429 2388 populns
448 2307 615 2387 praemium
633 2308 685 2366 det
703 2307 830 2380 senatui,
849 2306 1024 2368 triremibus
1043 2327 1121 2366 non
1116 2306 1217 2366 factis.
1255 2306 1325 2366 Hac

149 2393 188 2470 dc
207 2413 305 2464 causa,
323 2378 545 2464 Athenienses,
563 2392 601 2450 ad
619 2392 700 2452 hunc
718 2392 843 2452 modum
862 2393 920 2475 lata
939 2392 987 2452 lex
1004 2405 1068 2466 est,
1086 2413 1125 2452 ne
1144 2390 1265 2451 senatui
1283 2387 1325 2449 li-

76 2476 80 2482 ’
116 2498 118 2502 ¹
149 2490 216 2538 ceat
233 2475 408 2540 triremibus
427 2497 490 2535 non
508 2476 594 2535 factis
606 2477 773 2557 postulare
792 2500 920 2578 munus,
943 2489 980 2537 ιιι
996 2498 1037 2537 ne
1044 2476 1170 2562 populo
1194 2496 1326 2557 persua-

76 2553 83 2566 ’
148 2563 215 2647 deri
233 2573 285 2643 aut
301 2561 396 2619 fucus
406 2562 474 2620 fieri
491 2561 595 2641 possit
629 2562 737 2642 Neque
756 2563 837 2624 enim
855 2557 1039 2644 legislator
1030 2585 1062 2621 m
1079 2574 1230 2662 potestate
1251 2581 1324 2620 ora-

148 2639 259 2708 torum
269 2666 333 2705 rem
353 2666 418 2706 esse
438 2659 580 2727 oportere
601 2647 734 2706 censuit:
753 2649 806 2707 sed
825 2649 908 2726 quod
927 2648 1022 2708 tribui
1036 2660 1066 2707 et
1080 2648 1206 2707 iustum
1212 2659 1243 2706 et
1261 2665 1323 2726 po-

112 2731 222 2813 ..pulo
241 2731 316 2789 utile
336 2742 433 2803 esset,
456 2732 524 2813 lege
543 2732 702 2791 definitum
722 2753 787 2792 csse
807 2746 958 2813 oportere
992 2731 1143 2792 Triremes
1162 2752 1238 2793 ιιοιι
1244 2729 1324 2790 feci-

148 2816 217 2876 sti?
253 2814 326 2876 Ne'
317 2815 410 2896 rgitur
433 2814 553 2896 po'stula
576 2818 751 2897 praemium.
795 2814 872 2876 Cum
891 2831 993 2879 autem
1017 2831 1121 2905 petere
1141 2837 1204 2876 nou
1223 2815 1325 2875 sinat.

66 2932 84 2959 ·.
147 2921 252 2960 nonne
271 2899 335 2967 dari
361 2900 573 2960 vehementer
582 2903 683 2962 vetat?
727 2904 787 2961 lam
805 2902 882 2962 illud
907 2904 997 2963 etiam
1023 2886 1238 2965 excutiendum
1265 2914 1325 2972 est,

149 2985 385 3062 Athenienses,
400 3007 454 3045 cur
471 2987 606 3060 senatui,
633 2986 751 3077 etiamsi
768 2983 906 3048 caeteris
911 2989 943 3047 in
961 2989 1052 3048 rebus
1071 2986 1224 3047 omnibus
1231 2998 1323 3067 prae-

149 3071 228 3131 clare
247 3091 279 3130 se
298 3070 442 3152 gesserit,
461 3092 561 3151 neque
581 3073 617 3131 de
637 3093 674 3160 eo
687 3069 780 3158 queri
799 3074 958 3154 quisquam
976 3075 1089 3155 possit,
1106 3072 1247 3133 triremes
1265 3092 1322 3131 au-

116 3172 121 3180 ‘
148 3168 211 3216 tem
230 3177 293 3215 non
311 3155 437 3229 fecerit,
453 3157 628 3236 praemium
647 3148 710 3217 non
729 3153 819 3219 liceat
836 3160 1000 3240 postulare.
1041 3157 1205 3248 Inpenietis
1222 3156 1321 3230 euim,

109 3304 115 3315 .
148 3238 235 3299 boc
226 3262 259 3298 m
276 3240 384 3320 populi
401 3262 467 3300 esse
485 3242 695 3342 praesidium
686 3243 867 3315 rnstitutum
909 3243 1055 3305 Arbitror
1072 3232 1163 3315 enim,
1183 3243 1320 3324 refraga-
1351 3266 1358 3284 ν

140 3337 252 3385 ¹turum
271 3345 335 3387 esse
354 3326 524 3399 neminem,
550 3327 624 3407 quin
649 3328 809 3408 quicquid
820 3329 868 3389 vel
886 3328 1002 3393 bonum
1016 3329 1068 3390 ιιι
1093 3330 1242 3390 diversum
1258 3325 1318 3408 (ne

122 3486 124 3490 Ι
149 3409 222 3509 qnid
243 3410 417 3470 ominosum
436 3408 551 3494 dicam)
571 3412 756 3512 reipublicae
776 3415 961 3516 contigerit,
983 3429 1035 3475 aut
1058 3411 1247 3475 nuncetiam
1266 3410 1321 3482 sit,

147 3493 316 3566 triremium
334 3495 382 3555 vel
401 3495 505 3576 copia,
523 3496 599 3556 vel'
589 3498 692 3578 rnopia
711 3499 894 3581 contigisse.
913 3500 998 3560 cuius
1016 3498 1137 3582 generis
1154 3497 1250 3557 multa
1266 3515 1319 3554 re·-

147 3572 250 3639 ferri
239 3593 364 3660 possent
382 3593 412 3640 et
430 3594 530 3641 vetera
549 3594 581 3641 et
597 3583 749 3650 recentia.
762 3585 855 3659 Quod
873 3605 946 3644 vero
966 3598 1023 3645 est
1030 3584 1172 3645 omnibus
1190 3580 1319 3641 audien-

147 3661 259 3723 tibtrs'
247 3665 450 3739 notissimum,
470 3684 532 3741 eos,
552 3688 604 3766 qur
596 3666 785 3753 Propylaea
804 3670 854 3728 illa
870 3683 901 3729 et
913 3671 1140 3731 Parthenonem
1160 3680 1318 3727 exstruxe-

145 3760 221 3808 runt
243 3762 273 3808 et
290 3750 358 3809 fana
377 3765 493 3811 caetera
512 3751 613 3812 omnia
633 3774 648 3812 e
667 3755 771 3834 spoliis
784 3756 991 3816 Barbaromm
1004 3767 1212 3830 exornarunt,
1240 3771 1320 3831 quae

103 3902 106 3907 ⁴
126 3829 129 3843 ’
148 3855 254 3894 omnes
273 3835 381 3894 merito
399 3836 481 3896 leudi
500 3837 589 3896 nobis
609 3839 765 3914 ducimus,
785 3840 887 3914 hos,
877 3864 1018 3921 mquam,
1037 3839 1195 3901 audivistis
1213 3836 1320 3919 profe-

127 3928 214 3992 ‘cto,
233 3919 349 3979 deserta
366 3920 460 3996 urbe,
480 3934 511 4002 et
529 3920 678 3983 Salamine
697 3927 876 4000 conclusos,
896 3947 943 4026 eo,
962 3927 1045 4011 quod
1063 3926 1203 3985 triremes
1219 3917 1335 3983 tube!

52 4004 54 4011 '
82 4049 85 4053 .
145 4016 224 4076 rent,
243 4017 275 4064 et
292 4025 399 4065 omnes
416 4027 485 4091 suas
504 4026 595 4086 opes,
612 4022 695 4089 parta
713 4012 819 4071 na'vali
827 4011 971 4091 victoria,
989 4011 1080 4092 atque
1091 4007 1320 4090 rempublicam

80 4156 85 4175 .
124 4168 126 4172 Α
145 4100 356 4164 conservasse,
384 4104 415 4150 et
432 4086 463 4153 in
482 4104 617 4153 caeteros
636 4095 770 4156 Graecos
789 4096 883 4156 multa
901 4109 932 4156 et
950 4118 1056 4179 magna
1074 4095 1222 4156 beneficia
1241 4112 1319 4152 con-

7 4223 9 4232 .
64 4204 98 4258 ‘.
144 4173 262 4248 tulisse,
280 4197 422 4264 qnomm
430 4177 605 4238 memoriam
617 4179 720 4239 nulla
727 4194 858 4267 vetustas
877 4181 1019 4241 abolebit.
1040 4180 1100 4240 Sed
1121 4181 1172 4240 illa
1192 4179 1320 4259 quidem

145 4259 269 4339 antiqua
287 4273 318 4319 et
334 4273 451 4322 uetera:
470 4265 553 4345 quod
572 4276 673 4325 autem
690 4265 807 4326 vidistis
827 4261 943 4338 omnes,
961 4266 992 4326 id
1011 4266 1115 4349 dicam.
1142 4265 1244 4336 Scitis,
1260 4283 1318 4322 vos

60 4335 121 4400 380
146 4358 247 4426 nuper
262 4344 522 4463 Euboeensibus
513 4361 591 4410 rutra
615 4350 750 4411 triduum
777 4371 866 4432 opem
884 4352 1008 4424 tulisse,
1034 4339 1064 4413 et
1080 4349 1236 4411 Thebanis
1254 4347 1318 4407 icto
