<?xml version="1.0" encoding="UTF-8"?>
<!DOCTYPE html PUBLIC "-//W3C//DTD XHTML 1.0 Transitional//EN"
    "http://www.w3.org/TR/xhtml1/DTD/xhtml1-transitional.dtd">
<html xmlns="http://www.w3.org/1999/xhtml" xml:lang="en" lang="en">
 <head>
  <title>
</title>
<meta http-equiv="Content-Type" content="text/html;charset=utf-8" />
  <meta name='ocr-system' content='tesseract 3.04.00' />
  <meta name='ocr-capabilities' content='ocr_page ocr_carea ocr_par ocr_line ocrx_word'/>
</head>
<body>
  <div class='ocr_page' id='page_1' title='image "./demosthenisquae04schgoog_0675.png"; bbox 0 0 2722 4754; ppageno 0'>
   <div class='ocr_carea' id='block_1_1' title="bbox 163 101 168 131">
    <p class='ocr_par' dir='ltr' id='par_1_1' title="bbox 163 101 168 131">
     <span class='ocr_line' id='line_1_1' title="bbox 163 101 168 131; baseline 0 0"><span class='ocrx_word' id='word_1_1' title='bbox 163 101 168 131; x_wconf 90' lang='lat' dir='ltr'>l</span> 
     </span>
    </p>
   </div>
   <div class='ocr_carea' id='block_1_2' title="bbox 14 128 1036 267">
    <p class='ocr_par' dir='ltr' id='par_1_2' title="bbox 14 128 1036 267">
     <span class='ocr_line' id='line_1_2' title="bbox 14 128 1036 267; baseline -0.001 -39"><span class='ocrx_word' id='word_1_2' title='bbox 14 140 20 152; x_wconf 73' lang='grc'><strong>“</strong></span> <span class='ocrx_word' id='word_1_3' title='bbox 75 166 237 263; x_wconf 52' lang='grc' dir='ltr'>*ιιιΙ</span> <span class='ocrx_word' id='word_1_4' title='bbox 358 128 362 142; x_wconf 49' lang='lat'>‘</span> <span class='ocrx_word' id='word_1_5' title='bbox 531 131 916 267; x_wconf 64' lang='lat' dir='ltr'>:DEhOs&#39;sHENIS‘</span> <span class='ocrx_word' id='word_1_6' title='bbox 946 193 957 215; x_wconf 49' lang='lat' dir='ltr'><strong><em>s</em></strong></span> <span class='ocrx_word' id='word_1_7' title='bbox 972 192 1036 244; x_wconf 54' lang='lat'>,4</span> 
     </span>
    </p>
   </div>
   <div class='ocr_carea' id='block_1_3' title="bbox 30 301 1325 1255">
    <p class='ocr_par' dir='ltr' id='par_1_3' title="bbox 114 301 1297 741">
     <span class='ocr_line' id='line_1_3' title="bbox 114 301 1297 403; baseline 0 -21"><span class='ocrx_word' id='word_1_8' title='bbox 114 342 127 357; x_wconf 72' lang='grc'>“·</span> <span class='ocrx_word' id='word_1_9' title='bbox 143 323 296 383; x_wconf 79' lang='lat' dir='ltr'><strong>auditores</strong></span> <span class='ocrx_word' id='word_1_10' title='bbox 315 320 420 400; x_wconf 91' lang='lat' dir='ltr'>opinio</span> <span class='ocrx_word' id='word_1_11' title='bbox 439 301 600 379; x_wconf 78' lang='lat' dir='ltr'>minuatur.</span> <span class='ocrx_word' id='word_1_12' title='bbox 629 311 695 403; x_wconf 82' lang='lat' dir='ltr'>ligo</span> <span class='ocrx_word' id='word_1_13' title='bbox 713 343 786 381; x_wconf 86' lang='lat' dir='ltr'>vero</span> <span class='ocrx_word' id='word_1_14' title='bbox 803 322 958 383; x_wconf 80' lang='lat' dir='ltr'>maximam</span> <span class='ocrx_word' id='word_1_15' title='bbox 977 323 1097 381; x_wconf 86' lang='lat' dir='ltr'>virtutis</span> <span class='ocrx_word' id='word_1_16' title='bbox 1117 342 1223 380; x_wconf 90' lang='lat' dir='ltr'>corum</span> <span class='ocrx_word' id='word_1_17' title='bbox 1240 324 1297 388; x_wconf 84' lang='lat' dir='ltr'>lan-</span> 
     </span>
     <span class='ocr_line' id='line_1_4' title="bbox 144 392 1325 504; baseline -0.001 -36"><span class='ocrx_word' id='word_1_18' title='bbox 144 411 211 468; x_wconf 91' lang='lat' dir='ltr'>dem</span> <span class='ocrx_word' id='word_1_19' title='bbox 229 420 346 483; x_wconf 88' lang='lat' dir='ltr'>tempus</span> <span class='ocrx_word' id='word_1_20' title='bbox 365 426 429 463; x_wconf 90' lang='lat' dir='ltr'>esse</span> <span class='ocrx_word' id='word_1_21' title='bbox 446 410 537 483; x_wconf 90' lang='lat' dir='ltr'>puto:</span> <span class='ocrx_word' id='word_1_22' title='bbox 557 408 639 504; x_wconf 82' lang='lat' dir='ltr'>qnod</span> <span class='ocrx_word' id='word_1_23' title='bbox 655 429 722 467; x_wconf 90' lang='lat' dir='ltr'>cum</span> <span class='ocrx_word' id='word_1_24' title='bbox 736 392 852 466; x_wconf 89' lang='lat' dir='ltr'>interea</span> <span class='ocrx_word' id='word_1_25' title='bbox 868 428 930 465; x_wconf 92' lang='lat' dir='ltr'>non</span> <span class='ocrx_word' id='word_1_26' title='bbox 947 408 1087 488; x_wconf 81' lang='lat' dir='ltr'>exiguum</span> <span class='ocrx_word' id='word_1_27' title='bbox 1102 407 1144 465; x_wconf 91' lang='lat' dir='ltr'>sit</span> <span class='ocrx_word' id='word_1_28' title='bbox 1162 406 1325 484; x_wconf 90' lang='lat' dir='ltr'>elapsum,</span> 
     </span>
     <span class='ocr_line' id='line_1_5' title="bbox 142 489 1296 590; baseline 0.002 -40"><span class='ocrx_word' id='word_1_29' title='bbox 142 493 233 553; x_wconf 85' lang='lat' dir='ltr'>rebus</span> <span class='ocrx_word' id='word_1_30' title='bbox 257 503 358 548; x_wconf 89' lang='lat' dir='ltr'>tamen</span> <span class='ocrx_word' id='word_1_31' title='bbox 382 489 504 547; x_wconf 91' lang='lat' dir='ltr'>illorum</span> <span class='ocrx_word' id='word_1_32' title='bbox 528 491 620 572; x_wconf 83' lang='lat' dir='ltr'>gestis</span> <span class='ocrx_word' id='word_1_33' title='bbox 644 492 755 550; x_wconf 90' lang='lat' dir='ltr'>maiora</span> <span class='ocrx_word' id='word_1_34' title='bbox 779 492 855 570; x_wconf 80' lang='lat' dir='ltr'>nulli</span> <span class='ocrx_word' id='word_1_35' title='bbox 878 492 928 551; x_wconf 89' lang='lat' dir='ltr'>alii</span> <span class='ocrx_word' id='word_1_36' title='bbox 953 492 1106 590; x_wconf 81' lang='lat' dir='ltr'>suscipere</span> <span class='ocrx_word' id='word_1_37' title='bbox 1130 503 1296 569; x_wconf 86' lang='lat' dir='ltr'>potuerunt</span> 
     </span>
     <span class='ocr_line' id='line_1_6' title="bbox 141 567 1296 672; baseline 0.002 -38"><span class='ocrx_word' id='word_1_38' title='bbox 141 579 218 658; x_wconf 84' lang='lat' dir='ltr'>Ego</span> <span class='ocrx_word' id='word_1_39' title='bbox 227 580 332 633; x_wconf 88' lang='lat' dir='ltr'>autern</span> <span class='ocrx_word' id='word_1_40' title='bbox 346 594 467 672; x_wconf 89' lang='lat' dir='ltr'>operam</span> <span class='ocrx_word' id='word_1_41' title='bbox 478 575 591 647; x_wconf 84' lang='lat' dir='ltr'>dabo,</span> <span class='ocrx_word' id='word_1_42' title='bbox 604 589 639 634; x_wconf 91' lang='lat' dir='ltr'>ut</span> <span class='ocrx_word' id='word_1_43' title='bbox 663 576 811 636; x_wconf 87' lang='lat' dir='ltr'>rationem</span> <span class='ocrx_word' id='word_1_44' title='bbox 832 567 1009 656; x_wconf 77' lang='lat' dir='ltr'>explicem,</span> <span class='ocrx_word' id='word_1_45' title='bbox 1018 594 1078 654; x_wconf 85' lang='lat' dir='ltr'>qua</span> <span class='ocrx_word' id='word_1_46' title='bbox 1097 575 1173 633; x_wconf 91' lang='lat' dir='ltr'>mibi</span> <span class='ocrx_word' id='word_1_47' title='bbox 1193 577 1296 672; x_wconf 86' lang='lat' dir='ltr'>optime</span> 
     </span>
     <span class='ocr_line' id='line_1_7' title="bbox 141 659 1296 741; baseline 0.001 -23"><span class='ocrx_word' id='word_1_48' title='bbox 141 680 231 741; x_wconf 88' lang='lat' dir='ltr'>posse</span> <span class='ocrx_word' id='word_1_49' title='bbox 249 659 389 718; x_wconf 78' lang='lat' dir='ltr'>instructi</span> <span class='ocrx_word' id='word_1_50' title='bbox 409 679 472 718; x_wconf 87' lang='lat' dir='ltr'>esse</span> <span class='ocrx_word' id='word_1_51' title='bbox 492 659 662 718; x_wconf 82' lang='lat' dir='ltr'>videamini.</span> <span class='ocrx_word' id='word_1_52' title='bbox 697 663 738 720; x_wconf 89' lang='lat' dir='ltr'>lta</span> <span class='ocrx_word' id='word_1_53' title='bbox 758 663 838 720; x_wconf 91' lang='lat' dir='ltr'>enirn</span> <span class='ocrx_word' id='word_1_54' title='bbox 857 681 956 729; x_wconf 88' lang='lat' dir='ltr'>seres</span> <span class='ocrx_word' id='word_1_55' title='bbox 974 660 1082 719; x_wconf 88' lang='lat' dir='ltr'>habet.</span> <span class='ocrx_word' id='word_1_56' title='bbox 1110 659 1229 718; x_wconf 84' lang='lat' dir='ltr'>tametsi</span> <span class='ocrx_word' id='word_1_57' title='bbox 1247 681 1296 719; x_wconf 91' lang='lat' dir='ltr'>nos</span> 
     </span>
    </p>

    <p class='ocr_par' dir='ltr' id='par_1_4' title="bbox 75 744 1295 845">
     <span class='ocr_line' id='line_1_8' title="bbox 75 744 1295 845; baseline 0.001 -42"><span class='ocrx_word' id='word_1_58' title='bbox 75 817 85 825; x_wconf 32' lang='grc'>1</span> <span class='ocrx_word' id='word_1_59' title='bbox 142 757 277 804; x_wconf 89' lang='lat' dir='ltr'>oratores</span> <span class='ocrx_word' id='word_1_60' title='bbox 297 762 401 802; x_wconf 85' lang='lat' dir='ltr'>omnes</span> <span class='ocrx_word' id='word_1_61' title='bbox 421 744 598 823; x_wconf 80' lang='lat' dir='ltr'>eloqpentes</span> <span class='ocrx_word' id='word_1_62' title='bbox 617 745 788 845; x_wconf 70' lang='lat' dir='ltr'>videamur,</span> <span class='ocrx_word' id='word_1_63' title='bbox 809 746 910 805; x_wconf 86' lang='lat' dir='ltr'>nihilo</span> <span class='ocrx_word' id='word_1_64' title='bbox 923 759 1023 817; x_wconf 83' lang='lat' dir='ltr'>tamen</span> <span class='ocrx_word' id='word_1_65' title='bbox 1041 766 1089 803; x_wconf 88' lang='lat' dir='ltr'>res</span> <span class='ocrx_word' id='word_1_66' title='bbox 1110 756 1222 802; x_wconf 86' lang='lat' dir='ltr'>vestras</span> <span class='ocrx_word' id='word_1_67' title='bbox 1240 765 1295 804; x_wconf 89' lang='lat' dir='ltr'>mc</span> 
     </span>
    </p>

    <p class='ocr_par' dir='ltr' id='par_1_5' title="bbox 123 826 1294 912">
     <span class='ocr_line' id='line_1_9' title="bbox 123 826 1294 912; baseline 0 -24"><span class='ocrx_word' id='word_1_68' title='bbox 123 830 218 888; x_wconf 87' lang='lat' dir='ltr'>&#39;liore</span> <span class='ocrx_word' id='word_1_69' title='bbox 236 829 304 888; x_wconf 92' lang='lat' dir='ltr'>loco</span> <span class='ocrx_word' id='word_1_70' title='bbox 324 829 388 887; x_wconf 89' lang='lat' dir='ltr'>sore</span> <span class='ocrx_word' id='word_1_71' title='bbox 407 829 477 887; x_wconf 90' lang='lat' dir='ltr'>satis</span> <span class='ocrx_word' id='word_1_72' title='bbox 496 828 576 888; x_wconf 88' lang='lat' dir='ltr'>scio:</span> <span class='ocrx_word' id='word_1_73' title='bbox 608 831 707 895; x_wconf 92' lang='lat' dir='ltr'>sed</span> <span class='ocrx_word' id='word_1_74' title='bbox 682 851 712 890; x_wconf 72' lang='grc' dir='ltr'>ει</span> <span class='ocrx_word' id='word_1_75' title='bbox 726 831 793 910; x_wconf 89' lang='lat' dir='ltr'>quis</span> <span class='ocrx_word' id='word_1_76' title='bbox 813 812 969 912; x_wconf 83' lang='lat' dir='ltr'>(quisquis</span> <span class='ocrx_word' id='word_1_77' title='bbox 988 831 1038 888; x_wconf 90' lang='lat' dir='ltr'>ille</span> <span class='ocrx_word' id='word_1_78' title='bbox 1057 826 1222 909; x_wconf 86' lang='lat' dir='ltr'>fuerit)1n</span> <span class='ocrx_word' id='word_1_79' title='bbox 1239 852 1294 888; x_wconf 88' lang='lat' dir='ltr'>me</span> 
     </span>
    </p>

    <p class='ocr_par' dir='ltr' id='par_1_6' title="bbox 61 906 1300 1081">
     <span class='ocr_line' id='line_1_10' title="bbox 61 906 1300 999; baseline -0.001 -26"><span class='ocrx_word' id='word_1_80' title='bbox 61 975 67 990; x_wconf 23' lang='grc' dir='ltr'>ι</span> <span class='ocrx_word' id='word_1_81' title='bbox 142 913 237 974; x_wconf 92' lang='lat' dir='ltr'>dium</span> <span class='ocrx_word' id='word_1_82' title='bbox 249 934 435 994; x_wconf 84' lang='lat' dir='ltr'>progressus</span> <span class='ocrx_word' id='word_1_83' title='bbox 452 906 561 973; x_wconf 89' lang='lat' dir='ltr'>docere</span> <span class='ocrx_word' id='word_1_84' title='bbox 588 927 619 973; x_wconf 86' lang='lat' dir='ltr'>et</span> <span class='ocrx_word' id='word_1_85' title='bbox 643 917 837 994; x_wconf 89' lang='lat' dir='ltr'>persuadere</span> <span class='ocrx_word' id='word_1_86' title='bbox 847 916 959 996; x_wconf 77' lang='lat' dir='ltr'>possit,</span> <span class='ocrx_word' id='word_1_87' title='bbox 981 915 1066 993; x_wconf 93' lang='lat' dir='ltr'>quis</span> <span class='ocrx_word' id='word_1_88' title='bbox 1060 925 1248 999; x_wconf 88' lang='lat' dir='ltr'>apparatus</span> <span class='ocrx_word' id='word_1_89' title='bbox 1270 928 1300 972; x_wconf 90' lang='lat' dir='ltr'>et</span> 
     </span>
     <span class='ocr_line' id='line_1_11' title="bbox 140 998 1293 1081; baseline -0.001 -23.063"><span class='ocrx_word' id='word_1_90' title='bbox 140 1012 287 1078; x_wconf 88' lang='lat' dir='ltr'>quantus,</span> <span class='ocrx_word' id='word_1_91' title='bbox 307 1012 336 1058; x_wconf 89' lang='lat' dir='ltr'>et</span> <span class='ocrx_word' id='word_1_92' title='bbox 354 999 435 1056; x_wconf 88' lang='lat' dir='ltr'>unde</span> <span class='ocrx_word' id='word_1_93' title='bbox 455 1013 656 1078; x_wconf 89' lang='lat' dir='ltr'>comparatus</span> <span class='ocrx_word' id='word_1_94' title='bbox 662 1001 845 1081; x_wconf 76' lang='lat' dir='ltr'>reipublicae</span> <span class='ocrx_word' id='word_1_95' title='bbox 864 1001 902 1059; x_wconf 87' lang='lat' dir='ltr'>srt</span> <span class='ocrx_word' id='word_1_96' title='bbox 920 1000 1117 1079; x_wconf 81' lang='lat' dir='ltr'>profuturus</span> <span class='ocrx_word' id='word_1_97' title='bbox 1138 1018 1245 1058; x_wconf 76' lang='lat' dir='ltr'>omnis</span> <span class='ocrx_word' id='word_1_98' title='bbox 1252 998 1293 1057; x_wconf 83' lang='lat' dir='ltr'>bre</span> 
     </span>
    </p>

    <p class='ocr_par' dir='ltr' id='par_1_7' title="bbox 97 1080 1295 1168">
     <span class='ocr_line' id='line_1_12' title="bbox 97 1080 1295 1168; baseline -0.001 -25"><span class='ocrx_word' id='word_1_99' title='bbox 97 1082 99 1084; x_wconf 59' lang='grc'><strong>’</strong></span> <span class='ocrx_word' id='word_1_100' title='bbox 140 1097 238 1143; x_wconf 88' lang='lat' dir='ltr'>metus</span> <span class='ocrx_word' id='word_1_101' title='bbox 263 1080 435 1162; x_wconf 78' lang='lat' dir='ltr'>repelletur.</span> <span class='ocrx_word' id='word_1_102' title='bbox 470 1085 563 1162; x_wconf 88' lang='lat' dir='ltr'>quue</span> <span class='ocrx_word' id='word_1_103' title='bbox 589 1105 647 1165; x_wconf 81' lang='lat' dir='ltr'>ego</span> <span class='ocrx_word' id='word_1_104' title='bbox 674 1085 780 1168; x_wconf 90' lang='lat' dir='ltr'>(modo</span> <span class='ocrx_word' id='word_1_105' title='bbox 798 1086 912 1145; x_wconf 78' lang='lat' dir='ltr'>vrrrhus</span> <span class='ocrx_word' id='word_1_106' title='bbox 936 1105 999 1143; x_wconf 92' lang='lat' dir='ltr'>noo</span> <span class='ocrx_word' id='word_1_107' title='bbox 1018 1080 1182 1164; x_wconf 83' lang='lat' dir='ltr'>destituar)</span> <span class='ocrx_word' id='word_1_108' title='bbox 1207 1081 1295 1142; x_wconf 85' lang='lat' dir='ltr'>faeere</span> 
     </span>
    </p>

    <p class='ocr_par' dir='ltr' id='par_1_8' title="bbox 30 1167 1302 1255">
     <span class='ocr_line' id='line_1_13' title="bbox 30 1167 1302 1255; baseline -0.002 -28"><span class='ocrx_word' id='word_1_109' title='bbox 30 1182 41 1243; x_wconf 67' lang='lat' dir='ltr'><em>j</em></span> <span class='ocrx_word' id='word_1_110' title='bbox 110 1205 113 1209; x_wconf 94' lang='lat'><em>-</em></span> <span class='ocrx_word' id='word_1_111' title='bbox 140 1167 283 1241; x_wconf 90' lang='lat' dir='ltr'>conabor,</span> <span class='ocrx_word' id='word_1_112' title='bbox 303 1189 396 1248; x_wconf 91' lang='lat' dir='ltr'>pauca</span> <span class='ocrx_word' id='word_1_113' title='bbox 414 1169 563 1247; x_wconf 86' lang='lat' dir='ltr'>praelatus</span> <span class='ocrx_word' id='word_1_114' title='bbox 582 1171 661 1248; x_wconf 89' lang='lat' dir='ltr'>apud</span> <span class='ocrx_word' id='word_1_115' title='bbox 679 1189 751 1242; x_wconf 85' lang='lat' dir='ltr'>vos,</span> <span class='ocrx_word' id='word_1_116' title='bbox 767 1170 839 1255; x_wconf 88' lang='lat' dir='ltr'>quid</span> <span class='ocrx_word' id='word_1_117' title='bbox 860 1171 896 1228; x_wconf 90' lang='lat' dir='ltr'>de</span> <span class='ocrx_word' id='word_1_118' title='bbox 915 1170 1014 1251; x_wconf 89' lang='lat' dir='ltr'>regio</span> <span class='ocrx_word' id='word_1_119' title='bbox 1020 1167 1149 1249; x_wconf 89' lang='lat' dir='ltr'>negotio</span> <span class='ocrx_word' id='word_1_120' title='bbox 1169 1167 1302 1232; x_wconf 58' lang='lat' dir='ltr'>sentiam,</span> 
     </span>
    </p>
   </div>
   <div class='ocr_carea' id='block_1_4' title="bbox 542 1355 898 1366">
    <p class='ocr_par' dir='ltr' id='par_1_9' title="bbox 542 1355 898 1366">
     <span class='ocr_line' id='line_1_14' title="bbox 542 1355 898 1366; baseline 0.006 -4"><span class='ocrx_word' id='word_1_121' title='bbox 542 1355 898 1366; x_wconf 59' lang='lat'><em>--————.--—-—-</em></span> 
     </span>
    </p>
   </div>
   <div class='ocr_carea' id='block_1_5' title="bbox 13 1447 1332 3023">
    <p class='ocr_par' dir='ltr' id='par_1_10' title="bbox 55 1447 1292 1602">
     <span class='ocr_line' id='line_1_15' title="bbox 55 1447 1292 1602; baseline -0.002 -39"><span class='ocrx_word' id='word_1_122' title='bbox 55 1496 114 1554; x_wconf 75' lang='grc' dir='ltr'>4ῙῙ</span> <span class='ocrx_word' id='word_1_123' title='bbox 138 1447 279 1595; x_wconf 82' lang='lat' dir='ltr'>Utrique</span> <span class='ocrx_word' id='word_1_124' title='bbox 299 1506 373 1563; x_wconf 89' lang='lat' dir='ltr'>mihi</span> <span class='ocrx_word' id='word_1_125' title='bbox 391 1525 514 1585; x_wconf 90' lang='lat' dir='ltr'>peccare</span> <span class='ocrx_word' id='word_1_126' title='bbox 532 1504 691 1575; x_wconf 86' lang='lat' dir='ltr'>videntur,</span> <span class='ocrx_word' id='word_1_127' title='bbox 719 1503 940 1574; x_wconf 80' lang='lat' dir='ltr'>Athenienses,</span> <span class='ocrx_word' id='word_1_128' title='bbox 971 1516 1030 1562; x_wconf 88' lang='lat' dir='ltr'>tam</span> <span class='ocrx_word' id='word_1_129' title='bbox 1050 1510 1104 1602; x_wconf 81' lang='grc' dir='ltr'>ιιιιι</span> <span class='ocrx_word' id='word_1_130' title='bbox 1095 1454 1292 1574; x_wconf 69' lang='lat' dir='ltr'>&#39;Arcadibus</span> 
     </span>
    </p>

    <p class='ocr_par' dir='ltr' id='par_1_11' title="bbox 138 1586 1291 1686">
     <span class='ocr_line' id='line_1_16' title="bbox 138 1586 1291 1686; baseline -0.006 -35"><span class='ocrx_word' id='word_1_131' title='bbox 138 1613 228 1671; x_wconf 89' lang='lat' dir='ltr'>quam</span> <span class='ocrx_word' id='word_1_132' title='bbox 247 1611 299 1667; x_wconf 83' lang='lat' dir='ltr'>qur</span> <span class='ocrx_word' id='word_1_133' title='bbox 291 1588 560 1648; x_wconf 82' lang='lat' dir='ltr'>Lacedaemoniis</span> <span class='ocrx_word' id='word_1_134' title='bbox 579 1601 650 1649; x_wconf 86' lang='lat' dir='ltr'>sunt</span> <span class='ocrx_word' id='word_1_135' title='bbox 664 1587 859 1686; x_wconf 78' lang='lat' dir='ltr'>patrocinati:</span> <span class='ocrx_word' id='word_1_136' title='bbox 894 1600 1034 1667; x_wconf 82' lang='lat' dir='ltr'>tanquam</span> <span class='ocrx_word' id='word_1_137' title='bbox 1055 1588 1138 1647; x_wconf 83' lang='lat' dir='ltr'>eninr</span> <span class='ocrx_word' id='word_1_138' title='bbox 1157 1586 1194 1645; x_wconf 87' lang='lat' dir='ltr'>ab</span> <span class='ocrx_word' id='word_1_139' title='bbox 1212 1587 1291 1648; x_wconf 85' lang='lat' dir='ltr'>alter-</span> 
     </span>
    </p>

    <p class='ocr_par' dir='ltr' id='par_1_12' title="bbox 64 1667 1289 1776">
     <span class='ocr_line' id='line_1_17' title="bbox 64 1667 1289 1776; baseline -0.005 -40"><span class='ocrx_word' id='word_1_140' title='bbox 64 1667 68 1677; x_wconf 70' lang='grc'><strong>’</strong></span> <span class='ocrx_word' id='word_1_141' title='bbox 137 1676 213 1736; x_wconf 84' lang='lat' dir='ltr'>utris</span> <span class='ocrx_word' id='word_1_142' title='bbox 231 1675 333 1747; x_wconf 88' lang='lat' dir='ltr'>missi,</span> <span class='ocrx_word' id='word_1_143' title='bbox 359 1695 421 1732; x_wconf 89' lang='lat' dir='ltr'>non</span> <span class='ocrx_word' id='word_1_144' title='bbox 441 1674 519 1734; x_wconf 89' lang='lat' dir='ltr'>cives</span> <span class='ocrx_word' id='word_1_145' title='bbox 537 1673 629 1730; x_wconf 84' lang='lat' dir='ltr'>vestri</span> <span class='ocrx_word' id='word_1_146' title='bbox 617 1673 724 1776; x_wconf 84' lang='lat' dir='ltr'>sint,</span> <span class='ocrx_word' id='word_1_147' title='bbox 751 1673 828 1768; x_wconf 86' lang='lat' dir='ltr'>apud</span> <span class='ocrx_word' id='word_1_148' title='bbox 848 1693 925 1769; x_wconf 89' lang='lat' dir='ltr'>quos</span> <span class='ocrx_word' id='word_1_149' title='bbox 943 1673 989 1731; x_wconf 91' lang='lat' dir='ltr'>illi</span> <span class='ocrx_word' id='word_1_150' title='bbox 1005 1673 1129 1750; x_wconf 90' lang='lat' dir='ltr'>utrique</span> <span class='ocrx_word' id='word_1_151' title='bbox 1149 1672 1289 1752; x_wconf 81' lang='lat' dir='ltr'>legatione</span> 
     </span>
    </p>

    <p class='ocr_par' dir='ltr' id='par_1_13' title="bbox 114 1743 1292 1841">
     <span class='ocr_line' id='line_1_18' title="bbox 114 1743 1292 1841; baseline -0.003 -26"><span class='ocrx_word' id='word_1_152' title='bbox 114 1761 322 1841; x_wconf 62' lang='lat' dir='ltr'>iunguntur,</span> <span class='ocrx_word' id='word_1_153' title='bbox 347 1780 379 1817; x_wconf 88' lang='lat' dir='ltr'>se</span> <span class='ocrx_word' id='word_1_154' title='bbox 405 1757 533 1816; x_wconf 89' lang='lat' dir='ltr'>invicem</span> <span class='ocrx_word' id='word_1_155' title='bbox 558 1743 699 1832; x_wconf 82' lang='lat' dir='ltr'>accrisant</span> <span class='ocrx_word' id='word_1_156' title='bbox 722 1770 754 1816; x_wconf 90' lang='lat' dir='ltr'>et</span> <span class='ocrx_word' id='word_1_157' title='bbox 776 1756 979 1816; x_wconf 83' lang='lat' dir='ltr'>criminantur.</span> <span class='ocrx_word' id='word_1_158' title='bbox 1011 1759 1104 1831; x_wconf 81' lang='lat' dir='ltr'>Quod</span> <span class='ocrx_word' id='word_1_159' title='bbox 1132 1758 1292 1838; x_wconf 85' lang='lat' dir='ltr'>legatorum</span> 
     </span>
    </p>

    <p class='ocr_par' dir='ltr' id='par_1_14' title="bbox 138 1841 1295 1925">
     <span class='ocr_line' id='line_1_19' title="bbox 138 1841 1295 1925; baseline -0.006 -20"><span class='ocrx_word' id='word_1_160' title='bbox 138 1847 260 1925; x_wconf 89' lang='lat' dir='ltr'>quidem</span> <span class='ocrx_word' id='word_1_161' title='bbox 285 1843 419 1902; x_wconf 84' lang='lat' dir='ltr'>officium</span> <span class='ocrx_word' id='word_1_162' title='bbox 444 1841 554 1906; x_wconf 86' lang='lat' dir='ltr'>luerit:</span> <span class='ocrx_word' id='word_1_163' title='bbox 581 1841 683 1920; x_wconf 84' lang='lat' dir='ltr'>aequis</span> <span class='ocrx_word' id='word_1_164' title='bbox 708 1851 807 1901; x_wconf 88' lang='lat' dir='ltr'>autem</span> <span class='ocrx_word' id='word_1_165' title='bbox 833 1841 938 1900; x_wconf 89' lang='lat' dir='ltr'>animis</span> <span class='ocrx_word' id='word_1_166' title='bbox 958 1843 1106 1900; x_wconf 84' lang='lat' dir='ltr'>derebus</span> <span class='ocrx_word' id='word_1_167' title='bbox 1125 1844 1243 1911; x_wconf 81' lang='lat' dir='ltr'>dicere,</span> <span class='ocrx_word' id='word_1_168' title='bbox 1266 1852 1295 1898; x_wconf 86' lang='lat' dir='ltr'>et</span> 
     </span>
    </p>

    <p class='ocr_par' dir='ltr' id='par_1_15' title="bbox 136 1924 1293 2003">
     <span class='ocr_line' id='line_1_20' title="bbox 136 1924 1293 2003; baseline -0.006 -14"><span class='ocrx_word' id='word_1_169' title='bbox 136 1943 264 1989; x_wconf 83' lang='lat' dir='ltr'>vestram</span> <span class='ocrx_word' id='word_1_170' title='bbox 288 1928 466 1990; x_wconf 88' lang='lat' dir='ltr'>utilitatem</span> <span class='ocrx_word' id='word_1_171' title='bbox 475 1924 544 1984; x_wconf 90' lang='lat' dir='ltr'>sine</span> <span class='ocrx_word' id='word_1_172' title='bbox 564 1927 766 1990; x_wconf 84' lang='lat' dir='ltr'>aemulatione</span> <span class='ocrx_word' id='word_1_173' title='bbox 789 1926 990 1990; x_wconf 86' lang='lat' dir='ltr'>considerare</span> <span class='ocrx_word' id='word_1_174' title='bbox 998 1927 1126 1986; x_wconf 81' lang='lat' dir='ltr'>decebat</span> <span class='ocrx_word' id='word_1_175' title='bbox 1152 1942 1221 1995; x_wconf 85' lang='lat' dir='ltr'>eos,</span> <span class='ocrx_word' id='word_1_176' title='bbox 1246 1924 1293 2003; x_wconf 90' lang='lat' dir='ltr'>qui</span> 
     </span>
    </p>

    <p class='ocr_par' dir='ltr' id='par_1_16' title="bbox 102 2005 1332 2175">
     <span class='ocr_line' id='line_1_21' title="bbox 102 2005 1293 2084; baseline -0.006 -11"><span class='ocrx_word' id='word_1_177' title='bbox 102 2030 107 2038; x_wconf 80' lang='grc'><em>“</em></span> <span class='ocrx_word' id='word_1_178' title='bbox 137 2014 197 2074; x_wconf 91' lang='lat' dir='ltr'>sibi</span> <span class='ocrx_word' id='word_1_179' title='bbox 215 2035 251 2072; x_wconf 78' lang='lat' dir='ltr'>ex</span> <span class='ocrx_word' id='word_1_180' title='bbox 268 2013 337 2075; x_wconf 95' lang='lat' dir='ltr'>hoc</span> <span class='ocrx_word' id='word_1_181' title='bbox 336 2006 413 2070; x_wconf 94' lang='lat' dir='ltr'>loco</span> <span class='ocrx_word' id='word_1_182' title='bbox 431 2009 521 2069; x_wconf 89' lang='lat' dir='ltr'>dandi</span> <span class='ocrx_word' id='word_1_183' title='bbox 539 2011 657 2068; x_wconf 88' lang='lat' dir='ltr'>consilii</span> <span class='ocrx_word' id='word_1_184' title='bbox 674 2005 883 2082; x_wconf 74' lang='lat' dir='ltr'>auctoritatem</span> <span class='ocrx_word' id='word_1_185' title='bbox 899 2025 1029 2084; x_wconf 82' lang='lat' dir='ltr'>sumunt</span> <span class='ocrx_word' id='word_1_186' title='bbox 1048 2010 1187 2069; x_wconf 88' lang='lat' dir='ltr'>Nunc</span> <span class='ocrx_word' id='word_1_187' title='bbox 1156 2011 1214 2068; x_wconf 86' lang='lat' dir='ltr'>nrsi</span> <span class='ocrx_word' id='word_1_188' title='bbox 1232 2009 1293 2068; x_wconf 91' lang='lat' dir='ltr'>noti</span> 
     </span>
     <span class='ocr_line' id='line_1_22' title="bbox 137 2074 1332 2178; baseline -0.007 -20"><span class='ocrx_word' id='word_1_189' title='bbox 137 2110 239 2158; x_wconf 89' lang='lat' dir='ltr'>essent</span> <span class='ocrx_word' id='word_1_190' title='bbox 265 2110 296 2155; x_wconf 90' lang='lat' dir='ltr'>et</span> <span class='ocrx_word' id='word_1_191' title='bbox 302 2074 420 2156; x_wconf 80' lang='lat' dir='ltr'>Attice</span> <span class='ocrx_word' id='word_1_192' title='bbox 447 2095 659 2172; x_wconf 86' lang='lat' dir='ltr'>loquerentur:</span> <span class='ocrx_word' id='word_1_193' title='bbox 695 2096 834 2178; x_wconf 88' lang='lat' dir='ltr'>equidem</span> <span class='ocrx_word' id='word_1_194' title='bbox 861 2093 927 2154; x_wconf 82' lang='lat' dir='ltr'>lore</span> <span class='ocrx_word' id='word_1_195' title='bbox 953 2080 1064 2155; x_wconf 89' lang='lat' dir='ltr'>multos</span> <span class='ocrx_word' id='word_1_196' title='bbox 1093 2096 1219 2175; x_wconf 78' lang='lat' dir='ltr'>opinor,</span> <span class='ocrx_word' id='word_1_197' title='bbox 1245 2093 1292 2172; x_wconf 91' lang='lat' dir='ltr'>qui</span> <span class='ocrx_word' id='word_1_198' title='bbox 1322 2119 1332 2129; x_wconf 91' lang='lat'><em>·</em></span> 
     </span>
    </p>

    <p class='ocr_par' dir='ltr' id='par_1_17' title="bbox 30 2172 1293 2276">
     <span class='ocr_line' id='line_1_23' title="bbox 30 2172 1293 2276; baseline -0.008 -30"><span class='ocrx_word' id='word_1_199' title='bbox 30 2237 36 2246; x_wconf 77' lang='grc'>.</span> <span class='ocrx_word' id='word_1_200' title='bbox 136 2183 210 2242; x_wconf 88' lang='lat' dir='ltr'>alios</span> <span class='ocrx_word' id='word_1_201' title='bbox 229 2181 350 2239; x_wconf 89' lang='lat' dir='ltr'>illorum</span> <span class='ocrx_word' id='word_1_202' title='bbox 369 2180 518 2248; x_wconf 78' lang='lat' dir='ltr'>Arcades,</span> <span class='ocrx_word' id='word_1_203' title='bbox 537 2179 611 2237; x_wconf 90' lang='lat' dir='ltr'>alios</span> <span class='ocrx_word' id='word_1_204' title='bbox 629 2172 763 2239; x_wconf 81' lang='lat' dir='ltr'>Lacones</span> <span class='ocrx_word' id='word_1_205' title='bbox 782 2201 846 2240; x_wconf 88' lang='lat' dir='ltr'>csse</span> <span class='ocrx_word' id='word_1_206' title='bbox 865 2193 1013 2259; x_wconf 90' lang='lat' dir='ltr'>putarent.</span> <span class='ocrx_word' id='word_1_207' title='bbox 1039 2181 1107 2276; x_wconf 86' lang='lat' dir='ltr'>Ego</span> <span class='ocrx_word' id='word_1_208' title='bbox 1125 2200 1199 2238; x_wconf 87' lang='lat' dir='ltr'>vero</span> <span class='ocrx_word' id='word_1_209' title='bbox 1218 2178 1293 2236; x_wconf 90' lang='lat' dir='ltr'>haud</span> 
     </span>
    </p>

    <p class='ocr_par' dir='ltr' id='par_1_18' title="bbox 13 2257 1293 2347">
     <span class='ocr_line' id='line_1_24' title="bbox 13 2257 1293 2347; baseline -0.004 -22"><span class='ocrx_word' id='word_1_210' title='bbox 13 2283 47 2345; x_wconf 40' lang='grc' dir='ltr'>ζ</span> <span class='ocrx_word' id='word_1_211' title='bbox 135 2289 207 2347; x_wconf 81' lang='lat' dir='ltr'>snm</span> <span class='ocrx_word' id='word_1_212' title='bbox 221 2263 356 2335; x_wconf 82' lang='lat' dir='ltr'>nescius,</span> <span class='ocrx_word' id='word_1_213' title='bbox 381 2263 507 2322; x_wconf 90' lang='lat' dir='ltr'>suadere</span> <span class='ocrx_word' id='word_1_214' title='bbox 515 2257 652 2343; x_wconf 89' lang='lat' dir='ltr'>optima</span> <span class='ocrx_word' id='word_1_215' title='bbox 657 2285 746 2342; x_wconf 89' lang='lat' dir='ltr'>quam</span> <span class='ocrx_word' id='word_1_216' title='bbox 764 2264 886 2324; x_wconf 88' lang='lat' dir='ltr'>dilfieile</span> <span class='ocrx_word' id='word_1_217' title='bbox 904 2265 958 2324; x_wconf 90' lang='lat' dir='ltr'>sit.</span> <span class='ocrx_word' id='word_1_218' title='bbox 989 2264 1067 2323; x_wconf 83' lang='lat' dir='ltr'>nam</span> <span class='ocrx_word' id='word_1_219' title='bbox 1076 2267 1145 2323; x_wconf 85' lang='lat' dir='ltr'>curn</span> <span class='ocrx_word' id='word_1_220' title='bbox 1164 2284 1218 2322; x_wconf 91' lang='lat' dir='ltr'>vos</span> <span class='ocrx_word' id='word_1_221' title='bbox 1236 2285 1293 2320; x_wconf 87' lang='lat' dir='ltr'>una</span> 
     </span>
    </p>

    <p class='ocr_par' dir='ltr' id='par_1_19' title="bbox 51 2346 1290 2428">
     <span class='ocr_line' id='line_1_25' title="bbox 51 2346 1290 2428; baseline -0.004 -19"><span class='ocrx_word' id='word_1_222' title='bbox 51 2348 54 2355; x_wconf 77' lang='grc'><strong>’</strong></span> <span class='ocrx_word' id='word_1_223' title='bbox 135 2372 168 2410; x_wconf 92' lang='grc' dir='ltr'>ιιι</span> <span class='ocrx_word' id='word_1_224' title='bbox 185 2350 320 2408; x_wconf 80' lang='lat' dir='ltr'>fraudem</span> <span class='ocrx_word' id='word_1_225' title='bbox 339 2347 433 2408; x_wconf 88' lang='lat' dir='ltr'>illecti</span> <span class='ocrx_word' id='word_1_226' title='bbox 451 2346 534 2418; x_wconf 91' lang='lat' dir='ltr'>sitis,</span> <span class='ocrx_word' id='word_1_227' title='bbox 566 2361 597 2407; x_wconf 90' lang='lat' dir='ltr'>et</span> <span class='ocrx_word' id='word_1_228' title='bbox 614 2348 664 2406; x_wconf 85' lang='lat' dir='ltr'>alu</span> <span class='ocrx_word' id='word_1_229' title='bbox 682 2348 769 2408; x_wconf 88' lang='lat' dir='ltr'>ahter</span> <span class='ocrx_word' id='word_1_230' title='bbox 786 2349 939 2422; x_wconf 75' lang='lat' dir='ltr'>sentiatis,</span> <span class='ocrx_word' id='word_1_231' title='bbox 968 2349 996 2408; x_wconf 91' lang='lat' dir='ltr'>si</span> <span class='ocrx_word' id='word_1_232' title='bbox 1015 2349 1083 2428; x_wconf 90' lang='lat' dir='ltr'>quis</span> <span class='ocrx_word' id='word_1_233' title='bbox 1103 2349 1226 2408; x_wconf 87' lang='lat' dir='ltr'>mediam</span> <span class='ocrx_word' id='word_1_234' title='bbox 1244 2369 1290 2405; x_wconf 93' lang='lat' dir='ltr'>ra</span> 
     </span>
    </p>

    <p class='ocr_par' dir='ltr' id='par_1_20' title="bbox 74 2423 1291 2516">
     <span class='ocr_line' id='line_1_26' title="bbox 74 2423 1291 2516; baseline -0.006 -22"><span class='ocrx_word' id='word_1_235' title='bbox 74 2470 78 2476; x_wconf 84' lang='lat'><em>·</em></span> <span class='ocrx_word' id='word_1_236' title='bbox 98 2444 107 2458; x_wconf 61' lang='lat'>³</span> <span class='ocrx_word' id='word_1_237' title='bbox 134 2435 219 2494; x_wconf 89' lang='lat' dir='ltr'>tione</span> <span class='ocrx_word' id='word_1_238' title='bbox 238 2423 290 2492; x_wconf 81' lang='lat' dir='ltr'>sua</span> <span class='ocrx_word' id='word_1_239' title='bbox 309 2433 385 2514; x_wconf 87' lang='lat' dir='ltr'>viam</span> <span class='ocrx_word' id='word_1_240' title='bbox 403 2443 507 2491; x_wconf 86' lang='lat' dir='ltr'>tenere</span> <span class='ocrx_word' id='word_1_241' title='bbox 525 2432 714 2505; x_wconf 86' lang='lat' dir='ltr'>instituerit,</span> <span class='ocrx_word' id='word_1_242' title='bbox 740 2455 864 2512; x_wconf 89' lang='lat' dir='ltr'>eamque</span> <span class='ocrx_word' id='word_1_243' title='bbox 883 2455 936 2494; x_wconf 87' lang='lat' dir='ltr'>vos</span> <span class='ocrx_word' id='word_1_244' title='bbox 956 2454 1140 2516; x_wconf 77' lang='lat' dir='ltr'>cognoscere</span> <span class='ocrx_word' id='word_1_245' title='bbox 1157 2430 1291 2491; x_wconf 87' lang='lat' dir='ltr'>nolueri-</span> 
     </span>
    </p>

    <p class='ocr_par' dir='ltr' id='par_1_21' title="bbox 61 2508 1294 2599">
     <span class='ocr_line' id='line_1_27' title="bbox 61 2508 1294 2599; baseline -0.004 -21"><span class='ocrx_word' id='word_1_246' title='bbox 61 2560 65 2583; x_wconf 64' lang='lat'><em>2</em></span> <span class='ocrx_word' id='word_1_247' title='bbox 134 2518 185 2591; x_wconf 87' lang='lat' dir='ltr'>tis,</span> <span class='ocrx_word' id='word_1_248' title='bbox 200 2520 278 2593; x_wconf 87' lang='lat' dir='ltr'>fiet,</span> <span class='ocrx_word' id='word_1_249' title='bbox 282 2530 316 2575; x_wconf 89' lang='lat' dir='ltr'>ut</span> <span class='ocrx_word' id='word_1_250' title='bbox 334 2529 365 2576; x_wconf 92' lang='lat' dir='ltr'>et</span> <span class='ocrx_word' id='word_1_251' title='bbox 360 2511 502 2599; x_wconf 85' lang='lat' dir='ltr'>gratum</span> <span class='ocrx_word' id='word_1_252' title='bbox 516 2508 609 2576; x_wconf 82' lang='lat' dir='ltr'>faciat</span> <span class='ocrx_word' id='word_1_253' title='bbox 621 2518 737 2596; x_wconf 84' lang='lat' dir='ltr'>neutris</span> <span class='ocrx_word' id='word_1_254' title='bbox 757 2533 787 2578; x_wconf 90' lang='lat' dir='ltr'>et</span> <span class='ocrx_word' id='word_1_255' title='bbox 803 2518 835 2577; x_wconf 91' lang='lat' dir='ltr'>in</span> <span class='ocrx_word' id='word_1_256' title='bbox 853 2519 965 2579; x_wconf 80' lang='lat' dir='ltr'>crimen</span> <span class='ocrx_word' id='word_1_257' title='bbox 981 2518 1083 2577; x_wconf 87' lang='lat' dir='ltr'>veniat</span> <span class='ocrx_word' id='word_1_258' title='bbox 1101 2519 1180 2596; x_wconf 88' lang='lat' dir='ltr'>apud</span> <span class='ocrx_word' id='word_1_259' title='bbox 1195 2529 1294 2574; x_wconf 91' lang='lat' dir='ltr'>utros-</span> 
     </span>
    </p>

    <p class='ocr_par' dir='ltr' id='par_1_22' title="bbox 36 2590 1294 2691">
     <span class='ocr_line' id='line_1_28' title="bbox 36 2590 1294 2691; baseline -0.004 -29"><span class='ocrx_word' id='word_1_260' title='bbox 36 2665 39 2671; x_wconf 61' lang='lat'>,</span> <span class='ocrx_word' id='word_1_261' title='bbox 135 2616 201 2683; x_wconf 80' lang='lat' dir='ltr'>qn&#39;e.</span> <span class='ocrx_word' id='word_1_262' title='bbox 219 2590 302 2662; x_wconf 87' lang='lat' dir='ltr'>Malo</span> <span class='ocrx_word' id='word_1_263' title='bbox 317 2615 418 2662; x_wconf 89' lang='lat' dir='ltr'>tamen</span> <span class='ocrx_word' id='word_1_264' title='bbox 437 2600 477 2683; x_wconf 89' lang='lat' dir='ltr'>(si</span> <span class='ocrx_word' id='word_1_265' title='bbox 493 2602 571 2661; x_wconf 85' lang='lat' dir='ltr'>forte</span> <span class='ocrx_word' id='word_1_266' title='bbox 588 2599 617 2659; x_wconf 91' lang='lat' dir='ltr'>id</span> <span class='ocrx_word' id='word_1_267' title='bbox 634 2625 691 2661; x_wconf 89' lang='lat' dir='ltr'>usu</span> <span class='ocrx_word' id='word_1_268' title='bbox 708 2603 782 2662; x_wconf 89' lang='lat' dir='ltr'>mihi</span> <span class='ocrx_word' id='word_1_269' title='bbox 797 2602 954 2686; x_wconf 71' lang='lat' dir='ltr'>tenerit)</span> <span class='ocrx_word' id='word_1_270' title='bbox 943 2599 1067 2691; x_wconf 77' lang='lat' dir='ltr'>ineptus</span> <span class='ocrx_word' id='word_1_271' title='bbox 1082 2601 1189 2674; x_wconf 73' lang='lat' dir='ltr'>videri,</span> <span class='ocrx_word' id='word_1_272' title='bbox 1209 2622 1294 2680; x_wconf 90' lang='lat' dir='ltr'>quam</span> 
     </span>
    </p>

    <p class='ocr_par' dir='ltr' id='par_1_23' title="bbox 86 2681 1293 2767">
     <span class='ocr_line' id='line_1_29' title="bbox 86 2681 1293 2767; baseline -0.003 -21"><span class='ocrx_word' id='word_1_273' title='bbox 86 2690 88 2694; x_wconf 51' lang='lat'><strong>⁴</strong></span> <span class='ocrx_word' id='word_1_274' title='bbox 134 2687 204 2766; x_wconf 88' lang='lat' dir='ltr'>his,</span> <span class='ocrx_word' id='word_1_275' title='bbox 230 2707 306 2766; x_wconf 87' lang='lat' dir='ltr'>quae</span> <span class='ocrx_word' id='word_1_276' title='bbox 333 2687 519 2766; x_wconf 87' lang='lat' dir='ltr'>erepublica</span> <span class='ocrx_word' id='word_1_277' title='bbox 541 2706 605 2745; x_wconf 88' lang='lat' dir='ltr'>esse</span> <span class='ocrx_word' id='word_1_278' title='bbox 624 2681 731 2767; x_wconf 90' lang='lat' dir='ltr'>puto,</span> <span class='ocrx_word' id='word_1_279' title='bbox 746 2687 956 2757; x_wconf 84' lang='lat' dir='ltr'>dissimulatis,</span> <span class='ocrx_word' id='word_1_280' title='bbox 982 2687 1209 2758; x_wconf 88' lang='lat' dir='ltr'>committere,</span> <span class='ocrx_word' id='word_1_281' title='bbox 1221 2696 1293 2757; x_wconf 81' lang='lat' dir='ltr'>uta</span> 
     </span>
    </p>

    <p class='ocr_par' dir='ltr' id='par_1_24' title="bbox 107 2769 1293 2855">
     <span class='ocr_line' id='line_1_30' title="bbox 107 2769 1293 2855; baseline -0.003 -25"><span class='ocrx_word' id='word_1_282' title='bbox 107 2793 109 2799; x_wconf 92' lang='lat'>·</span> <span class='ocrx_word' id='word_1_283' title='bbox 134 2773 312 2851; x_wconf 88' lang='lat' dir='ltr'>quibusdam</span> <span class='ocrx_word' id='word_1_284' title='bbox 332 2770 531 2850; x_wconf 88' lang='lat' dir='ltr'>decipiamini.</span> <span class='ocrx_word' id='word_1_285' title='bbox 574 2770 619 2828; x_wconf 87' lang='lat' dir='ltr'>Ac</span> <span class='ocrx_word' id='word_1_286' title='bbox 638 2784 754 2831; x_wconf 89' lang='lat' dir='ltr'>caetera</span> <span class='ocrx_word' id='word_1_287' title='bbox 772 2773 893 2851; x_wconf 90' lang='lat' dir='ltr'>quidem</span> <span class='ocrx_word' id='word_1_288' title='bbox 920 2772 961 2855; x_wconf 90' lang='lat' dir='ltr'>(si</span> <span class='ocrx_word' id='word_1_289' title='bbox 977 2784 1076 2830; x_wconf 89' lang='lat' dir='ltr'>vestra</span> <span class='ocrx_word' id='word_1_290' title='bbox 1095 2771 1234 2838; x_wconf 84' lang='lat' dir='ltr'>voluntas</span> <span class='ocrx_word' id='word_1_291' title='bbox 1251 2769 1293 2827; x_wconf 85' lang='lat' dir='ltr'>ie-</span> 
     </span>
    </p>

    <p class='ocr_par' dir='ltr' id='par_1_25' title="bbox 133 2848 1293 2938">
     <span class='ocr_line' id='line_1_31' title="bbox 133 2848 1293 2938; baseline -0.004 -23"><span class='ocrx_word' id='word_1_292' title='bbox 133 2855 193 2938; x_wconf 92' lang='lat' dir='ltr'>ret)</span> <span class='ocrx_word' id='word_1_293' title='bbox 211 2870 315 2936; x_wconf 88' lang='lat' dir='ltr'>postea</span> <span class='ocrx_word' id='word_1_294' title='bbox 335 2856 445 2915; x_wconf 84' lang='lat' dir='ltr'>dicam:</span> <span class='ocrx_word' id='word_1_295' title='bbox 460 2877 551 2914; x_wconf 87' lang='lat' dir='ltr'>nunc</span> <span class='ocrx_word' id='word_1_296' title='bbox 568 2876 640 2914; x_wconf 87' lang='lat' dir='ltr'>vero</span> <span class='ocrx_word' id='word_1_297' title='bbox 658 2857 729 2934; x_wconf 88' lang='lat' dir='ltr'>quid</span> <span class='ocrx_word' id='word_1_298' title='bbox 748 2857 938 2936; x_wconf 89' lang='lat' dir='ltr'>potissimum</span> <span class='ocrx_word' id='word_1_299' title='bbox 958 2857 1100 2935; x_wconf 86' lang='lat' dir='ltr'>expedire</span> <span class='ocrx_word' id='word_1_300' title='bbox 1120 2848 1293 2924; x_wconf 81' lang='lat' dir='ltr'>existimem,</span> 
     </span>
    </p>

    <p class='ocr_par' dir='ltr' id='par_1_26' title="bbox 55 2935 1081 3023">
     <span class='ocr_line' id='line_1_32' title="bbox 55 2935 1081 3023; baseline -0.002 -23"><span class='ocrx_word' id='word_1_301' title='bbox 55 3017 60 3023; x_wconf 22' lang='grc' dir='ltr'>ι</span> <span class='ocrx_word' id='word_1_302' title='bbox 133 2960 257 3001; x_wconf 84' lang='lat' dir='ltr'>exorsus</span> <span class='ocrx_word' id='word_1_303' title='bbox 276 2940 393 3013; x_wconf 88' lang='lat' dir='ltr'>abhis,</span> <span class='ocrx_word' id='word_1_304' title='bbox 413 2961 488 3018; x_wconf 88' lang='lat' dir='ltr'>quae</span> <span class='ocrx_word' id='word_1_305' title='bbox 507 2940 565 3020; x_wconf 78' lang='lat' dir='ltr'>ipss</span> <span class='ocrx_word' id='word_1_306' title='bbox 557 2935 785 3015; x_wconf 83' lang='lat' dir='ltr'>&#39;confitentnr,</span> <span class='ocrx_word' id='word_1_307' title='bbox 804 2941 941 3000; x_wconf 88' lang='lat' dir='ltr'>docere</span> <span class='ocrx_word' id='word_1_308' title='bbox 931 2941 1081 3021; x_wconf 75' lang='lat' dir='ltr'>incipiam:</span> 
     </span>
    </p>
   </div>
   <div class='ocr_carea' id='block_1_6' title="bbox 49 3247 1340 4376">
    <p class='ocr_par' dir='ltr' id='par_1_27' title="bbox 14 3247 1340 4376">
     <span class='ocr_line' id='line_1_33' title="bbox 88 3247 1340 3372; baseline 0.002 -39.075"><span class='ocrx_word' id='word_1_309' title='bbox 88 3247 216 3334; x_wconf 81' lang='lat' dir='ltr'>Cum</span> <span class='ocrx_word' id='word_1_310' title='bbox 242 3292 305 3334; x_wconf 91' lang='lat' dir='ltr'>non</span> <span class='ocrx_word' id='word_1_311' title='bbox 329 3274 361 3333; x_wconf 92' lang='lat' dir='ltr'>in</span> <span class='ocrx_word' id='word_1_312' title='bbox 387 3277 489 3335; x_wconf 89' lang='lat' dir='ltr'>eadem</span> <span class='ocrx_word' id='word_1_313' title='bbox 514 3275 664 3335; x_wconf 89' lang='lat' dir='ltr'>sententia</span> <span class='ocrx_word' id='word_1_314' title='bbox 672 3273 756 3348; x_wconf 87' lang='lat' dir='ltr'>sim,</span> <span class='ocrx_word' id='word_1_315' title='bbox 780 3274 812 3335; x_wconf 90' lang='lat' dir='ltr'>in</span> <span class='ocrx_word' id='word_1_316' title='bbox 835 3297 895 3372; x_wconf 89' lang='lat' dir='ltr'>qna</span> <span class='ocrx_word' id='word_1_317' title='bbox 919 3290 991 3336; x_wconf 90' lang='lat' dir='ltr'>sunt</span> <span class='ocrx_word' id='word_1_318' title='bbox 1015 3298 1122 3338; x_wconf 88' lang='lat' dir='ltr'>eorum</span> <span class='ocrx_word' id='word_1_319' title='bbox 1148 3277 1291 3357; x_wconf 87' lang='lat' dir='ltr'>plerique,</span> <span class='ocrx_word' id='word_1_320' title='bbox 1338 3299 1340 3304; x_wconf 77' lang='grc'><strong>’</strong></span> 
     </span>
     <span class='ocr_line' id='line_1_34' title="bbox 130 3335 1291 3444; baseline -0.002 -22"><span class='ocrx_word' id='word_1_321' title='bbox 130 3385 186 3442; x_wconf 76' lang='lat' dir='ltr'>qni</span> <span class='ocrx_word' id='word_1_322' title='bbox 177 3360 294 3420; x_wconf 83' lang='lat' dir='ltr'>verba</span> <span class='ocrx_word' id='word_1_323' title='bbox 312 3360 466 3434; x_wconf 84' lang='lat' dir='ltr'>lecerunt,</span> <span class='ocrx_word' id='word_1_324' title='bbox 493 3382 608 3444; x_wconf 69' lang='lat' dir='ltr'>surrexi</span> <span class='ocrx_word' id='word_1_325' title='bbox 599 3361 662 3418; x_wconf 86' lang='lat' dir='ltr'>&#39;ad</span> <span class='ocrx_word' id='word_1_326' title='bbox 681 3335 875 3430; x_wconf 89' lang='lat' dir='ltr'>dicendum,</span> <span class='ocrx_word' id='word_1_327' title='bbox 884 3359 1095 3422; x_wconf 81' lang='lat' dir='ltr'>Athenienses.</span> <span class='ocrx_word' id='word_1_328' title='bbox 1121 3363 1172 3420; x_wconf 89' lang='lat' dir='ltr'>Et</span> <span class='ocrx_word' id='word_1_329' title='bbox 1194 3375 1291 3421; x_wconf 90' lang='lat' dir='ltr'>tamen</span> 
     </span>
     <span class='ocr_line' id='line_1_35' title="bbox 104 3440 1291 3531; baseline -0.001 -25"><span class='ocrx_word' id='word_1_330' title='bbox 104 3446 105 3449; x_wconf 58' lang='grc'>’</span> <span class='ocrx_word' id='word_1_331' title='bbox 131 3469 170 3506; x_wconf 89' lang='lat' dir='ltr'>ne</span> <span class='ocrx_word' id='word_1_332' title='bbox 188 3445 244 3503; x_wconf 94' lang='lat' dir='ltr'>hos</span> <span class='ocrx_word' id='word_1_333' title='bbox 264 3445 385 3523; x_wconf 89' lang='lat' dir='ltr'>quidem</span> <span class='ocrx_word' id='word_1_334' title='bbox 409 3446 571 3527; x_wconf 79' lang='lat' dir='ltr'>arguerim</span> <span class='ocrx_word' id='word_1_335' title='bbox 582 3440 618 3504; x_wconf 70' lang='lat' dir='ltr'>en</span> <span class='ocrx_word' id='word_1_336' title='bbox 641 3444 832 3531; x_wconf 87' lang='lat' dir='ltr'>improbitate</span> <span class='ocrx_word' id='word_1_337' title='bbox 856 3445 977 3524; x_wconf 92' lang='lat' dir='ltr'>optimis</span> <span class='ocrx_word' id='word_1_338' title='bbox 1001 3448 1152 3507; x_wconf 87' lang='lat' dir='ltr'>contraria</span> <span class='ocrx_word' id='word_1_339' title='bbox 1165 3447 1291 3506; x_wconf 82' lang='lat' dir='ltr'>dixisse:</span> 
     </span>
     <span class='ocr_line' id='line_1_36' title="bbox 132 3525 1323 3614; baseline -0.001 -24"><span class='ocrx_word' id='word_1_340' title='bbox 132 3533 185 3591; x_wconf 91' lang='lat' dir='ltr'>sed</span> <span class='ocrx_word' id='word_1_341' title='bbox 203 3529 305 3589; x_wconf 90' lang='lat' dir='ltr'>illud</span> <span class='ocrx_word' id='word_1_342' title='bbox 297 3553 328 3589; x_wconf 90' lang='lat' dir='ltr'>m</span> <span class='ocrx_word' id='word_1_343' title='bbox 348 3552 434 3589; x_wconf 88' lang='lat' dir='ltr'>causa</span> <span class='ocrx_word' id='word_1_344' title='bbox 454 3551 518 3589; x_wconf 87' lang='lat' dir='ltr'>esse</span> <span class='ocrx_word' id='word_1_345' title='bbox 536 3525 675 3601; x_wconf 69' lang='lat' dir='ltr'>uidetur,</span> <span class='ocrx_word' id='word_1_346' title='bbox 693 3530 775 3609; x_wconf 91' lang='lat' dir='ltr'>quod</span> <span class='ocrx_word' id='word_1_347' title='bbox 794 3530 948 3610; x_wconf 89' lang='lat' dir='ltr'>plerique,</span> <span class='ocrx_word' id='word_1_348' title='bbox 966 3532 1106 3614; x_wconf 83' lang='lat' dir='ltr'>neglecto</span> <span class='ocrx_word' id='word_1_349' title='bbox 1124 3553 1229 3596; x_wconf 81' lang='lat' dir='ltr'>rernm</span> <span class='ocrx_word' id='word_1_350' title='bbox 1248 3532 1294 3589; x_wconf 92' lang='lat' dir='ltr'>in</span> <span class='ocrx_word' id='word_1_351' title='bbox 1317 3530 1323 3545; x_wconf 81' lang='lat'>&#39;</span> 
     </span>
     <span class='ocr_line' id='line_1_37' title="bbox 62 3614 1292 3702; baseline -0.001 -26"><span class='ocrx_word' id='word_1_352' title='bbox 62 3638 68 3702; x_wconf 43' lang='lat' dir='ltr'><em>g</em></span> <span class='ocrx_word' id='word_1_353' title='bbox 132 3615 231 3684; x_wconf 90' lang='lat' dir='ltr'>dicio,</span> <span class='ocrx_word' id='word_1_354' title='bbox 250 3615 356 3685; x_wconf 88' lang='lat' dir='ltr'>verba,</span> <span class='ocrx_word' id='word_1_355' title='bbox 375 3636 452 3692; x_wconf 88' lang='lat' dir='ltr'>qnae</span> <span class='ocrx_word' id='word_1_356' title='bbox 471 3614 580 3674; x_wconf 88' lang='lat' dir='ltr'>dicturi</span> <span class='ocrx_word' id='word_1_357' title='bbox 598 3625 686 3686; x_wconf 89' lang='lat' dir='ltr'>sunt,</span> <span class='ocrx_word' id='word_1_358' title='bbox 704 3627 839 3692; x_wconf 88' lang='lat' dir='ltr'>spectare</span> <span class='ocrx_word' id='word_1_359' title='bbox 857 3616 971 3690; x_wconf 86' lang='lat' dir='ltr'>solent,</span> <span class='ocrx_word' id='word_1_360' title='bbox 991 3637 1119 3695; x_wconf 88' lang='lat' dir='ltr'>qnorum</span> <span class='ocrx_word' id='word_1_361' title='bbox 1141 3617 1229 3696; x_wconf 89' lang='lat' dir='ltr'>copia</span> <span class='ocrx_word' id='word_1_362' title='bbox 1247 3616 1292 3675; x_wconf 86' lang='grc' dir='ltr'>ιιι-</span> 
     </span>
     <span class='ocr_line' id='line_1_38' title="bbox 107 3657 1292 3780; baseline -0.002 -21"><span class='ocrx_word' id='word_1_363' title='bbox 107 3775 111 3780; x_wconf 19' lang='grc'>·</span> <span class='ocrx_word' id='word_1_364' title='bbox 132 3698 238 3759; x_wconf 85' lang='lat' dir='ltr'>structi</span> <span class='ocrx_word' id='word_1_365' title='bbox 257 3698 394 3757; x_wconf 77' lang='lat' dir='ltr'>alacriter</span> <span class='ocrx_word' id='word_1_366' title='bbox 410 3699 446 3756; x_wconf 88' lang='lat' dir='ltr'>ad</span> <span class='ocrx_word' id='word_1_367' title='bbox 462 3657 705 3758; x_wconf 83' lang='lat' dir='ltr'>concionanduin</span> <span class='ocrx_word' id='word_1_368' title='bbox 721 3698 859 3777; x_wconf 91' lang='lat' dir='ltr'>prosilire</span> <span class='ocrx_word' id='word_1_369' title='bbox 878 3699 985 3759; x_wconf 88' lang='lat' dir='ltr'>solent</span> <span class='ocrx_word' id='word_1_370' title='bbox 1004 3704 1037 3759; x_wconf 93' lang='lat' dir='ltr'>ln</span> <span class='ocrx_word' id='word_1_371' title='bbox 1054 3722 1115 3779; x_wconf 91' lang='lat' dir='ltr'>quo</span> <span class='ocrx_word' id='word_1_372' title='bbox 1133 3722 1197 3759; x_wconf 90' lang='lat' dir='ltr'>non</span> <span class='ocrx_word' id='word_1_373' title='bbox 1212 3713 1292 3758; x_wconf 89' lang='lat' dir='ltr'>recte</span> 
     </span>
     <span class='ocr_line' id='line_1_39' title="bbox 130 3778 1318 3866; baseline -0.001 -23"><span class='ocrx_word' id='word_1_374' title='bbox 130 3783 295 3854; x_wconf 86' lang='lat' dir='ltr'>sentiunt,</span> <span class='ocrx_word' id='word_1_375' title='bbox 320 3803 420 3861; x_wconf 90' lang='lat' dir='ltr'>neque</span> <span class='ocrx_word' id='word_1_376' title='bbox 439 3804 507 3840; x_wconf 88' lang='lat' dir='ltr'>curn</span> <span class='ocrx_word' id='word_1_377' title='bbox 525 3803 630 3841; x_wconf 83' lang='lat' dir='ltr'>anrm1s</span> <span class='ocrx_word' id='word_1_378' title='bbox 649 3782 710 3841; x_wconf 89' lang='lat' dir='ltr'>suis</span> <span class='ocrx_word' id='word_1_379' title='bbox 730 3782 879 3863; x_wconf 86' lang='lat' dir='ltr'>cogitant,</span> <span class='ocrx_word' id='word_1_380' title='bbox 916 3806 982 3853; x_wconf 88' lang='lat' dir='ltr'>cum</span> <span class='ocrx_word' id='word_1_381' title='bbox 1002 3785 1131 3843; x_wconf 88' lang='lat' dir='ltr'>multae</span> <span class='ocrx_word' id='word_1_382' title='bbox 1132 3805 1181 3844; x_wconf 90' lang='lat' dir='ltr'>res</span> <span class='ocrx_word' id='word_1_383' title='bbox 1200 3778 1318 3866; x_wconf 34' lang='lat' dir='ltr'>longo*</span> 
     </span>
     <span class='ocr_line' id='line_1_40' title="bbox 51 3865 1331 3951; baseline 0.001 -25"><span class='ocrx_word' id='word_1_384' title='bbox 51 3868 69 3931; x_wconf 59' lang='lat' dir='ltr'>s</span> <span class='ocrx_word' id='word_1_385' title='bbox 110 3881 269 3946; x_wconf 64' lang='lat' dir='ltr'>&#39;tempore</span> <span class='ocrx_word' id='word_1_386' title='bbox 287 3866 323 3924; x_wconf 88' lang='lat' dir='ltr'>ab</span> <span class='ocrx_word' id='word_1_387' title='bbox 344 3865 484 3925; x_wconf 88' lang='lat' dir='ltr'>omnibus</span> <span class='ocrx_word' id='word_1_388' title='bbox 503 3880 604 3947; x_wconf 82' lang='lat' dir='ltr'>gestae</span> <span class='ocrx_word' id='word_1_389' title='bbox 626 3865 687 3924; x_wconf 91' lang='lat' dir='ltr'>sint</span> <span class='ocrx_word' id='word_1_390' title='bbox 704 3879 734 3924; x_wconf 89' lang='lat' dir='ltr'>et</span> <span class='ocrx_word' id='word_1_391' title='bbox 751 3879 881 3947; x_wconf 89' lang='lat' dir='ltr'>propter</span> <span class='ocrx_word' id='word_1_392' title='bbox 891 3882 1027 3948; x_wconf 89' lang='lat' dir='ltr'>tempora</span> <span class='ocrx_word' id='word_1_393' title='bbox 1047 3870 1225 3951; x_wconf 90' lang='lat' dir='ltr'>quaedam</span> <span class='ocrx_word' id='word_1_394' title='bbox 1215 3882 1295 3927; x_wconf 88' lang='lat' dir='ltr'>mter</span> <span class='ocrx_word' id='word_1_395' title='bbox 1326 3909 1331 3915; x_wconf 84' lang='lat'>-</span> 
     </span>
     <span class='ocr_line' id='line_1_41' title="bbox 92 3949 1294 4048; baseline 0.001 -38"><span class='ocrx_word' id='word_1_396' title='bbox 92 4011 94 4015; x_wconf 79' lang='grc'>,</span> <span class='ocrx_word' id='word_1_397' title='bbox 132 3973 164 4011; x_wconf 90' lang='lat' dir='ltr'>se</span> <span class='ocrx_word' id='word_1_398' title='bbox 184 3949 367 4023; x_wconf 87' lang='lat' dir='ltr'>contrariae,</span> <span class='ocrx_word' id='word_1_399' title='bbox 402 3951 428 4009; x_wconf 90' lang='lat' dir='ltr'>si</span> <span class='ocrx_word' id='word_1_400' title='bbox 447 3950 512 4029; x_wconf 90' lang='lat' dir='ltr'>quis</span> <span class='ocrx_word' id='word_1_401' title='bbox 530 3949 696 4048; x_wconf 84' lang='lat' dir='ltr'>prioribus</span> <span class='ocrx_word' id='word_1_402' title='bbox 701 3952 870 4028; x_wconf 87' lang='lat' dir='ltr'>praeteritis</span> <span class='ocrx_word' id='word_1_403' title='bbox 888 3955 1071 4031; x_wconf 81' lang='lat' dir='ltr'>posteriores</span> <span class='ocrx_word' id='word_1_404' title='bbox 1090 3954 1208 4027; x_wconf 79' lang='lat' dir='ltr'>dicat,·</span> <span class='ocrx_word' id='word_1_405' title='bbox 1225 3975 1294 4012; x_wconf 91' lang='lat' dir='ltr'>eum</span> 
     </span>
     <span class='ocr_line' id='line_1_42' title="bbox 49 4032 1294 4132; baseline 0.002 -40"><span class='ocrx_word' id='word_1_406' title='bbox 49 4054 53 4064; x_wconf 88' lang='lat'><em>·</em></span> <span class='ocrx_word' id='word_1_407' title='bbox 133 4035 208 4094; x_wconf 87' lang='lat' dir='ltr'>nihil</span> <span class='ocrx_word' id='word_1_408' title='bbox 233 4034 315 4096; x_wconf 90' lang='lat' dir='ltr'>aliud</span> <span class='ocrx_word' id='word_1_409' title='bbox 339 4048 491 4108; x_wconf 85' lang='lat' dir='ltr'>acturum,</span> <span class='ocrx_word' id='word_1_410' title='bbox 517 4035 576 4093; x_wconf 90' lang='lat' dir='ltr'>nisi</span> <span class='ocrx_word' id='word_1_411' title='bbox 599 4046 635 4093; x_wconf 89' lang='lat' dir='ltr'>ut</span> <span class='ocrx_word' id='word_1_412' title='bbox 656 4032 743 4132; x_wconf 81' lang='lat' dir='ltr'>(quo</span> <span class='ocrx_word' id='word_1_413' title='bbox 750 4035 831 4095; x_wconf 86' lang='lat' dir='ltr'>factu</span> <span class='ocrx_word' id='word_1_414' title='bbox 854 4036 930 4095; x_wconf 89' lang='lat' dir='ltr'>nihil</span> <span class='ocrx_word' id='word_1_415' title='bbox 949 4050 994 4096; x_wconf 89' lang='lat' dir='ltr'>est</span> <span class='ocrx_word' id='word_1_416' title='bbox 1011 4036 1145 4119; x_wconf 81' lang='lat' dir='ltr'>facilius)</span> <span class='ocrx_word' id='word_1_417' title='bbox 1172 4060 1205 4097; x_wconf 89' lang='lat' dir='ltr'>se</span> <span class='ocrx_word' id='word_1_418' title='bbox 1231 4038 1294 4117; x_wconf 88' lang='lat' dir='ltr'>ipse</span> 
     </span>
     <span class='ocr_line' id='line_1_43' title="bbox 100 4117 1333 4201; baseline 0.002 -20.804"><span class='ocrx_word' id='word_1_419' title='bbox 100 4128 104 4137; x_wconf 72' lang='grc'><em>“</em></span> <span class='ocrx_word' id='word_1_420' title='bbox 133 4118 308 4199; x_wconf 87' lang='lat' dir='ltr'>imprudens</span> <span class='ocrx_word' id='word_1_421' title='bbox 326 4120 415 4178; x_wconf 84' lang='lat' dir='ltr'>fallat</span> <span class='ocrx_word' id='word_1_422' title='bbox 448 4117 538 4193; x_wconf 85' lang='lat' dir='ltr'>Qui</span> <span class='ocrx_word' id='word_1_423' title='bbox 528 4118 622 4201; x_wconf 81' lang='lat' dir='ltr'>agitur</span> <span class='ocrx_word' id='word_1_424' title='bbox 640 4139 676 4177; x_wconf 90' lang='lat' dir='ltr'>eo</span> <span class='ocrx_word' id='word_1_425' title='bbox 695 4117 796 4178; x_wconf 89' lang='lat' dir='ltr'>animo</span> <span class='ocrx_word' id='word_1_426' title='bbox 814 4121 851 4178; x_wconf 90' lang='lat' dir='ltr'>ad</span> <span class='ocrx_word' id='word_1_427' title='bbox 870 4121 1000 4180; x_wconf 88' lang='lat' dir='ltr'>dandum</span> <span class='ocrx_word' id='word_1_428' title='bbox 1019 4122 1183 4183; x_wconf 83' lang='lat' dir='ltr'>consilinm</span> <span class='ocrx_word' id='word_1_429' title='bbox 1201 4143 1294 4182; x_wconf 81' lang='lat' dir='ltr'>vene-</span> <span class='ocrx_word' id='word_1_430' title='bbox 1331 4127 1333 4130; x_wconf 68' lang='grc'>’</span> 
     </span>
     <span class='ocr_line' id='line_1_44' title="bbox 133 4199 1293 4305; baseline 0.003 -44"><span class='ocrx_word' id='word_1_431' title='bbox 133 4214 223 4274; x_wconf 89' lang='lat' dir='ltr'>runt,</span> <span class='ocrx_word' id='word_1_432' title='bbox 257 4203 332 4263; x_wconf 89' lang='lat' dir='ltr'>mihi</span> <span class='ocrx_word' id='word_1_433' title='bbox 349 4204 490 4264; x_wconf 85' lang='lat' dir='ltr'>videntur</span> <span class='ocrx_word' id='word_1_434' title='bbox 507 4225 541 4264; x_wconf 90' lang='lat' dir='ltr'>ea</span> <span class='ocrx_word' id='word_1_435' title='bbox 559 4224 624 4263; x_wconf 91' lang='lat' dir='ltr'>esse</span> <span class='ocrx_word' id='word_1_436' title='bbox 640 4199 814 4262; x_wconf 90' lang='lat' dir='ltr'>orationum</span> <span class='ocrx_word' id='word_1_437' title='bbox 832 4225 963 4264; x_wconf 76' lang='lat' dir='ltr'>suarum</span> <span class='ocrx_word' id='word_1_438' title='bbox 970 4206 1056 4266; x_wconf 81' lang='lat' dir='ltr'>lande</span> <span class='ocrx_word' id='word_1_439' title='bbox 1075 4207 1235 4305; x_wconf 88' lang='lat' dir='ltr'>contenti,</span> <span class='ocrx_word' id='word_1_440' title='bbox 1269 4207 1293 4266; x_wconf 93' lang='lat' dir='ltr'>si</span> 
     </span>
     <span class='ocr_line' id='line_1_45' title="bbox 78 4286 1296 4376; baseline 0.006 -33"><span class='ocrx_word' id='word_1_441' title='bbox 78 4368 90 4376; x_wconf 24' lang='grc' dir='ltr'>ἱ</span> <span class='ocrx_word' id='word_1_442' title='bbox 135 4286 318 4364; x_wconf 88' lang='lat' dir='ltr'>eloquentes</span> <span class='ocrx_word' id='word_1_443' title='bbox 328 4286 502 4348; x_wconf 86' lang='lat' dir='ltr'>videantur:</span> <span class='ocrx_word' id='word_1_444' title='bbox 520 4308 580 4369; x_wconf 88' lang='lat' dir='ltr'>ego</span> <span class='ocrx_word' id='word_1_445' title='bbox 595 4307 668 4348; x_wconf 86' lang='lat' dir='ltr'>vero</span> <span class='ocrx_word' id='word_1_446' title='bbox 688 4309 756 4347; x_wconf 90' lang='lat' dir='ltr'>eum</span> <span class='ocrx_word' id='word_1_447' title='bbox 773 4289 881 4348; x_wconf 88' lang='lat' dir='ltr'>decere</span> <span class='ocrx_word' id='word_1_448' title='bbox 896 4289 1043 4364; x_wconf 85' lang='lat' dir='ltr'>existimo,</span> <span class='ocrx_word' id='word_1_449' title='bbox 1061 4290 1125 4370; x_wconf 91' lang='lat' dir='ltr'>qui</span> <span class='ocrx_word' id='word_1_450' title='bbox 1136 4293 1175 4351; x_wconf 93' lang='lat' dir='ltr'>de</span> <span class='ocrx_word' id='word_1_451' title='bbox 1193 4293 1296 4372; x_wconf 88' lang='lat' dir='ltr'>publi</span> 
     </span>
    </p>
   </div>
   <div class='ocr_carea' id='block_1_7' title="bbox 0 0 1366 4754">
    <p class='ocr_par' dir='ltr' id='par_1_28' title="bbox 0 0 1366 4754">
     <span class='ocr_line' id='line_1_46' title="bbox 0 0 1366 4754; baseline 0 2"><span class='ocrx_word' id='word_1_452' title='bbox 0 0 1366 4754; x_wconf 95' lang='lat' dir='ltr'> </span> 
     </span>
    </p>
   </div>
  </div>
 </body>
</html>
