2722 4754
389 117 395 127 ¹
456 137 1027 201 INSTE91H'ANUM1.Q
1116 133 1117 137 ’
1170 108 1326 230 ἱόίιι,

203 204 209 232 l

99 307 130 348 se
150 286 261 348 habere
278 290 407 375 tabulas,
425 292 562 374 quibus
552 265 730 374 inscriptum
749 247 805 367 sit,
823 295 1085 387 «Testamentum
1088 293 1265 356 Pasionis·
1236 323 1266 358 u:

98 373 191 445 alius,
219 395 251 433 se
271 376 395 435 missum
413 376 449 436 ab
469 398 506 438 eo
524 378 553 436 id
572 378 728 451 attulisse,
752 400 897 440 verumne
915 381 1031 442 aut'em
1034 403 1071 440 an
1089 372 1197 440 salsum
1216 382 1266 457 sit,

99 458 247 539 ignorare.
265 460 339 537 Alii,
357 474 520 542 praetextu
527 462 753 543 provocationis
768 464 829 538 usi,
844 478 1058 527 testamentum
1072 466 1166 530 fuisse
1180 464 1269 528 dixe-

98 556 184 603 runt:
210 557 262 616 ut,
286 546 311 604 si
330 549 455 606 maxime
474 549 634 633 crederent
650 548 783 620 iudices,
796 551 892 628 patris
912 552 973 611 mei
990 553 1082 612 luisse
1100 556 1268 623 testamen
1311 612 1335 628 J,

97 641 181 701 tum,
204 650 322 711 egoque
341 630 446 691 causae
465 611 584 692 actione
603 632 741 701 exclusus
759 653 857 701 essem
876 646 907 693 et
923 636 1083 697 vindicta
1074 637 1264 712 iniuriarum,
1315 638 1328 653 ⁴

97 712 146 770 isti
159 725 260 772 tamen
274 716 381 775 salsum
396 717 505 777 dixisse
518 718 728 777 testimonium
747 716 1064 798 deprehenderentur.
1083 728 1263 802 quamquam

97 797 154 877 ipsi
145 798 322 858 diversum
342 815 507 881 sperarunt
530 805 572 862 Ut
589 815 689 863 autem
707 800 894 886 intelligatis,
911 804 1019 884 bacca
1037 826 1085 867 me
1103 826 1174 868 vere
1192 808 1263 920 dici,
1294 823 1296 832 ¹

96 903 168 962 cape
188 884 262 941 mihi
281 877 542 968 Cephisophontis
557 888 774 977 testimonium.

474 1038 881 1094 rnsrruouturu
973 1032 977 1039 “

177 1131 407 1222 Gephisuphon,
426 1137 617 1221 Cephalonis
624 1142 655 1201 F
656 1116 898 1223 ,Ᾰριίᾶιιιιι,
908 1155 1047 1218 testatur,
1066 1141 1125 1203 sibi
1141 1141 1261 1204 relictas
1311 1179 1318 1183 -

94 1240 160 1281 esse
178 1245 194 1282 a
212 1239 296 1305 patre
314 1226 450 1323 tabulas,
468 1226 606 1308 quibus'
597 1227 776 1352 inscriptum
795 1242 924 1304 esset,‘‹
918 1227 1079 1289 ‹Pasionis
1097 1241 1261 1289 testamen-

92 1318 165 1366 tum.
173 1330 207 1364 u
1060 1332 1066 1343 “

176 1393 274 1475 Atqui
297 1384 432 1477 simplex
446 1395 570 1467 suisset,
597 1394 731 1468 ludices,
755 1409 806 1470 ut,
831 1397 885 1476 qui
908 1393 983 1457 haec
1007 1397 1099 1471 dixit,
1124 1347 1281 1470 addereq'

92 1497 161 1578 essq
177 1494 277 1541 autem
297 1503 345 1541 eas
363 1481 506 1552 tabulas,
516 1501 588 1560 quas
606 1479 671 1560 ipse
690 1479 863 1554 exhiberet,
882 1495 913 1542 ιι
929 1481 1075 1542 tabulas
1065 1505 1097 1542 ιιι
1116 1481 1258 1543 echinum

91 1563 266 1626 coniiceret
301 1567 362 1626 Sed
379 1566 411 1626 id
430 1565 554 1646 quidem
571 1565 790 1626 mendacium
781 1586 824 1626 rra
842 1567 968 1651 dignum
985 1567 1141 1647 putavit,
1153 1579 1186 1627 ιι
1200 1587 1258 1627 ιιοιι

93 1649 131 1706 de
156 1673 188 1710 se
213 1672 326 1732 poenas
351 1664 504 1712 sumturus
523 1648 690 1717 arbitratus
704 1664 762 1711 est:
787 1651 904 1712 tabulas
930 1665 1034 1712 autem
1056 1651 1114 1715 sibi
1138 1651 1273 1724 ιιΙὶιιιιΙ

92 1754 159 1793 esse
179 1735 297 1809 dicere,
320 1737 352 1796 id
370 1757 446 1797 vero
460 1735 527 1795 leve
546 1755 611 1794 esse
629 1756 663 1794 ac
681 1735 777 1795 nihili.
813 1733 982 1797 Caeterum
991 1737 1067 1797 illud
1071 1733 1185 1818 ipsuin
1204 1749 1270 1812 est,

93 1821 178 1896 quod
195 1820 347 1903 significet
364 1835 454 1900 atque
473 1832 595 1902 arguat,
620 1841 673 1887 eos
692 1842 824 1885 omnem
830 1843 896 1882 rem
914 1810 1104 1882 confinxisse
1137 1822 1216 1882 Nam
1233 1819 1267 1883 si¹
1278 1873 1294 1882 ,

91 1916 277 1967 testamento
291 1906 469 1988 inscriptum
483 1905 596 1968 luisset
613 1905 773 1966 «Pasionis
786 1921 819 1970 et
829 1906 1058 1980 Phormionis»,
1076 1919 1128 1967 aut
1140 1904 1257 1967 «Actio
1267 1922 1281 1975 j
1326 1927 1328 1931 ⁴

91 2009 161 2047 cum
180 1990 407 2064 Phormione»,
425 2004 485 2054 aut
494 1990 592 2050 simile
609 1989 766 2069 aliquid:
756 2013 825 2052 rure
842 1991 872 2050 id
892 1991 937 2049 illi
955 2004 1143 2051 asservasset.
1161 1990 1246 2050 At
1221 2013 1258 2062 sr,

89 2086 126 2131 ut
144 2074 308 2149 affirmat,
315 2077 493 2158 inscriptum
521 2075 580 2135 suit
608 2075 858 2161 «Testamentum
876 2075 1050 2136 Pasioniso:
1078 2098 1132 2136 cur
1150 2077 1237 2156 egi>
1226 2075 1263 2134 id

89 2178 155 2217 non
174 2161 300 2234 sustuli,
326 2182 393 2220 cum
413 2161 535 2240 quidem
560 2156 686 2233 scirem,
711 2182 759 2220 me
778 2161 811 2218 in
829 2159 977 2221 iudicium
996 2180 1061 2219 esse
1079 2172 1260 2257 venturum:
1265 2173 1275 2223 f

64 2264 159 2309 -cum
185 2245 259 2303 item
286 2245 411 2318 scirem,
437 2244 586 2324 siquidem
611 2243 670 2302 tale
697 2243 779 2328 suit,
799 2243 1065 2307 commoditatibus
1091 2243 1179 2303 meis
1192 2243 1291 2303 iores
1317 2303 1322 2315 .

77 2330 295 2389 contrarium:
313 2351 381 2388 cum
399 2328 488 2392 heres
506 2348 603 2388 essem
624 2341 654 2388 et
672 2318 774 2401 illius,
781 2328 932 2408 siquidem
951 2328 1012 2388 mei
1028 2322 1121 2432 patris
1139 2328 1277 2404 luisset,-

90 2426 123 2472 et
129 2408 258 2493 reliqui
283 2413 458 2496 patrimonii
482 2412 602 2493 aeque?
629 2413 723 2488 Quod
749 2412 843 2495 igitur
867 2416 1082 2499 testamentum
1106 2426 1137 2473 et
1160 2413 1259 2475 Phor-

90 2497 187 2558 mio'm
178 2498 372 2560 exhibitum
392 2509 423 2559 et
439 2498 589 2560 Pasioni
579 2497 758 2596 suscriptum
780 2512 811 2558 ιι
828 2520 844 2558 a
862 2499 952 2559 hobis
972 2519 1066 2580 porro
1083 2497 1258 2580 neglectum
1319 2532 1324 2539 ·

91 2597 154 2643 ιιιι
182 2605 217 2643 ιιι
233 2606 281 2650 eo
308 2597 408 2665 patet,
434 2598 466 2644 et
490 2582 733 2645 commentitium
760 2604 825 2644 esse
851 2597 1067 2645 testamentum
1093 2596 1124 2644 ιι
1148 2583 1258 2643 falsum
1323 2594 1335 2615 “

89 2665 350 2768 Cephisophontis
368 2669 586 2730 testimonium.
621 2667 681 2727 Sed
701 2669 811 2728 omitto
831 2661 1131 2768 Cephisophontema
1156 2664 1269 2746 neque*

92 2754 171 2829 enim
190 2777 248 2815 nec
265 2755 339 2813 mihi
358 2768 426 2814 cum
446 2768 483 2814 ιι)
500 2775 549 2816 res
569 2766 633 2827 est,
650 2772 750 2832 neque
768 2753 820 2813 ille
837 2767 965 2814 testatus
985 2767 1032 2814 est
1050 2753 1127 2813 de’‘
1105 2774 1160 2827 us,
1179 2772 1258 2832 quae
1290 2780 1297 2787 ·
1325 2806 1329 2810 .

89 2852 271 2899 testamento
288 2840 494 2912 continentur,
507 2838 682 2937 quicquam
701 2839 785 2913 Quin
796 2838 875 2898 illud
892 2839 982 2899 etiam
998 2850 1142 2920 spectate,
1158 2837 1257 2896 Athe-

89 2922 227 2998 nieuses,
254 2938 367 3004 quanto
392 2938 571 3006 argumento
594 2923 649 2997 sit,
674 2935 767 2983 testes
792 2924 867 2983 istos
891 2924 1001 2984 dixisse
1024 2923 1141 2984 salsum.
1178 2918 1263 2987 Cum
1279 2932 1335 2990 199

71 3010 170 3069 enim
189 3010 231 3082 is,
264 3010 316 3088 qui
334 3030 366 3068 se
384 3021 599 3069 testamentum
617 3006 756 3067 habere
746 3013 846 3087 ipsum
864 3007 1052 3084 affirmavit,
1071 3006 1172 3067 dicere
1191 3026 1255 3066 non

89 3115 179 3154 ausus
199 3095 300 3166 suerit,
319 3093 488 3175 exemplum
505 3094 547 3167 id,
566 3093 649 3173 quod
665 3091 809 3152 Phormio
828 3089 1040 3178 exhiberet,
1013 3111 1090 3154 erus
1097 3113 1162 3153 csse
1181 3092 1256 3151 scri

88 3180 152 3258 pti,
182 3180 290 3258 quod
281 3200 345 3259 ipse
364 3191 544 3252 asservaret,
572 3198 629 3237 nec
647 3177 698 3236 isti
717 3177 816 3237 dicere
836 3192 966 3258 queant,
992 3198 1024 3238 se
1042 3176 1090 3238 vel
1109 3176 1174 3237 ab
1165 3175 1255 3239 initio

87 3265 279 3338 interfuisse,
314 3265 361 3324 vel
380 3277 497 3344 apertas
514 3264 595 3345 apud
613 3261 758 3322 arbitrum
775 3262 886 3323 vidisse
904 3263 1039 3337 tabulas,
1075 3263 1163 3322 sede
1148 3261 1255 3342 etipsi

58 3403 62 3415 ,
87 3349 283 3422 affirmarint,
314 3370 361 3409 me
388 3349 504 3431 aperire
531 3348 682 3418 noluisse,
713 3370 780 3408 cum
808 3369 857 3407 cas
885 3347 1055 3428 exemplum
1081 3367 1145 3408 esse
1172 3346 1255 3407 illius

64 3434 242 3494 ,testificati
261 3435 337 3494 sint:
366 3434 498 3508 aliosne,
518 3455 556 3493 an
568 3452 646 3493 vero
665 3432 843 3532 semetipsos
863 3432 1012 3493 mendacii
1030 3429 1256 3514 coarguerunt?
1288 3485 1290 3489 .

87 3521 141 3580 Ad
157 3520 247 3591 haec,
265 3518 527 3591 Athenienses,
503 3540 529 3578 st
547 3518 614 3618 qqis
633 3517 859 3591 testimonium,
877 3517 923 3576 uti
926 3518 1090 3606 scriptum
1105 3529 1166 3591 est,
1186 3535 1254 3574 exa-

68 3606 199 3675 minet:
227 3605 395 3686 intelliget,
420 3604 485 3664 id
476 3626 508 3663 ιιι
525 3602 701 3664 universum
720 3624 773 3662 eos
798 3623 863 3663 esse
882 3594 1086 3676 machinatos,
1111 3613 1165 3674 ut,
1183 3616 1253 3683 qur

85 3691 153 3750 iure
173 3712 293 3771 quaque
316 3689 442 3760 iniuria,
465 3701 552 3789 pater
574 3706 665 3747 meus
678 3687 709 3747 id
727 3686 834 3753 fecisse
858 3699 1073 3749 testamentum
1091 3686 1253 3745 videretur.

86 3773 168 3856 Cape
193 3796 267 3834 vero
292 3775 390 3873 ipsum
415 3773 623 3848 testimonium
647 3785 678 3832 et
701 3771 811 3847 recita,
839 3771 944 3853 ibique
967 3769 1114 3856 desipito,¹
1143 3769 1206 3832 ubi
1220 3781 1252 3829 ιι

84 3863 224 3934 iussero,
240 3873 278 3938 ut
296 3881 332 3919 ex
348 3859 416 3939 ipso
434 3880 500 3918 rem
517 3860 730 3944 demonstrem.

307 4026 365 4070 -q
464 3988 874 4061 ιιιιιιιοιιιιιιι.

152 4101 352 4187 ”Τιειιιιιιιι,
376 4134 408 4190 se
426 4082 557 4179 adfuisse
576 4111 656 4191 apud
674 4089 822 4188 arbitrum¹
837 4108 968 4182 Tisiam,
987 4080 1060 4169 cum
1073 4088 1293 4190 provocaret(

83 4197 233 4259 Phormio
253 4199 491 4281 Apollodorum:
509 4195 635 4257 omnino
652 4195 790 4270 affimat,
808 4194 977 4276 exemplum
996 4212 1062 4257 esse
1080 4193 1254 4256 testamenti

45 4294 52 4307 ³
70 4284 234 4346 vPasionis.
