2722 4754
50 268 54 273 ,
89 160 206 260 J14‘2
403 143 792 257 xinenosrnnurs
829 148 1044 257 enarro

144 374 178 414 ca
197 352 360 434 opinione,
383 359 418 408 ut
436 366 468 408 se
486 367 542 428 per
558 368 616 408 nos
634 348 731 431 salvos
752 371 817 415 esse
843 341 1004 423 ducerent:
1030 371 1129 433 eoque
1143 373 1196 415 res
1216 353 1322 414 redie-

120 490 123 494 ,
142 451 199 514 rat,
215 452 261 514 ut,
279 436 389 517 quibus
407 445 534 514 propter
549 434 681 495 istorum
697 449 823 497 conatus
842 437 960 509 auxiliis
976 455 1052 517 opus
1064 438 1130 501 fore
1144 439 1321 516 videbatur,

100 526 104 569 ἶ
142 525 166 586 ii
183 525 248 585 aliis
266 517 559 595 senetisauxilium,
579 542 648 580 cum
664 521 741 601 mqis
760 521 895 582 consiliis
913 522 1096 603 paruissetis.
1128 526 1244 602 Quales
1264 548 1324 598 au·-

143 623 288 672 temtum
300 605 459 689 Philippus
476 612 566 666 uoces
585 606 726 680 ediderit,
742 608 898 687 inquibus
917 606 1077 688 propterea
1095 611 1194 672 turbis
1209 612 1330 694 fueritq,

25 694 27 703 ’
98 704 107 726 s
143 717 181 757 ex
199 695 274 767 eins,
293 714 366 772 quas
385 691 417 750 in
434 691 684 772 Peloponnesum
702 692 795 767 misit,
812 693 907 752 literis
927 680 1126 776 cognoscetis.
1145 680 1224 780 Age,
1244 717 1320 779 cape

128 775 136 799 ³
143 783 208 843 illas
227 777 351 838 etmihi
368 777 478 851 recita,
496 789 532 836 nt
549 776 660 849 sciatis,
678 797 744 837 mea
763 777 920 839 assiduitas
936 781 1089 841 et‘erratio
1100 771 1137 841 ‘et
1151 796 1319 844 aerumnae

142 881 175 930 et
192 866 297 925 crebra
316 864 453 935 decreta,
472 882 549 942 quac
566 861 625 922 iste
643 863 941 946 modo'eaagitabat,
960 865 1034 946 quid
1053 859 1221 928 effecerint.
1259 867 1319 929 A't-

51 960 77 1028 ,T
115 983 117 987 ⁷
143 953 197 1036 qui
213 948 303 1011 multi
321 949 401 1030 apud
420 967 491 1020 vos,
510 945 731 1021 Athenienses,
748 941 1028 1011 fueruntoratores
1047 953 1182 1013 celebres
1203 966 1236 1014 et
1253 975 1318 1014 ma.

35 1046 42 1060 ·
141 1039 195 1124 gni
212 1046 291 1097 ante·
302 1056 350 1094 me
362 1030 577 1093 :Callistratus
596 1033 663 1106 ille,-
680 1032 887 1114 Aristophon,
906 1031 1073 1115 Cephalus,
1092 1039 1326 1124 Thrasybulus,¹

99 1128 100 1131 ’
133 1120 296 1201 innumeri
313 1120 371 1179 alii.
406 1117 505 1177 Nemo
532 1131 634 1178 tamen
653 1116 760 1179 enruin
784 1133 932 1201 perpetuo
952 1141 984 1180 se
1007 1122 1197 1202 reipublicae
1213 1124 1342 1185 totnm‘

111 1260 114 1266 ,
139 1209 294 1272 ullain‘re
308 1202 447 1265 tradidit:
466 1203 519 1263 scd
537 1203 592 1283 qui
610 1204 886 1280 decretafaciebat,
905 1207 1089 1286 legationem
1106 1231 1170 1270 non
1187 1201 1319 1286 obisset,¹

84 1339 86 1345 >
120 1298 195 1378 ‘qui
212 1295 347 1377 legatum
365 1289 482 1372 agebat,
500 1289 621 1368 decreta
636 1310 702 1350 non
719 1289 848 1352 fecisset
883 1291 1023 1372 Quisque
1042 1294 1122 1354 enim
1141 1295 1201 1354 sibi
1218 1297 1349 1357 celim·

141 1381 255 1464 qnebat
273 1391 303 1438 et
321 1375 419 1436 otium
438 1387 478 1448 et,
496 1373 613 1454 siquid
631 1375 799 1450 accidisset,
815 1379 980 1458 receptum.
1006 1378 1090 1453 Quid
1108 1380 1213 1463 igitur,
1232 1382 1315 1443 dicat

40 1540 46 1550 ,
140 1465 269 1546 aliquis,
284 1477 366 1524 tune
384 1459 551 1523 viribus-et
568 1460 691 1522 audacia
713 1464 906 1543 usqueadeo
931 1468 1064 1544 praestas
1082 1466 1167 1540 aliis,
1194 1479 1231 1526 ut
1248 1468 1333 1550 ipse<

32 1603 40 1617 ,
121 1552 244 1615 'omnia
261 1547 372 1609 facias?
397 1545 558 1606 Nondico
576 1546 646 1621 hoc,
664 1549 718 1609 sed
735 1549 811 1612 adeo
831 1548 974 1631 inagnum
994 1570 1069 1624 esse,
1087 1552 1171 1630 quod
1188 1562 1312 1634 rempu-

32 1688 37 1714 ,
140 1638 262 1699 blicam
276 1642 455 1715 occuparat,
479 1632 657 1713 periculum.
674 1633 850 1708 credebam,
876 1647 992 1710 utnon
1010 1636 1090 1694 mibi'
1109 1636 1213 1697 locum
1232 1639 1317 1715 dare,
1339 1702 1349 1710 ,

99 1792 103 1800 ,
140 1742 242 1803 neque
258 1722 352 1781 ullam
370 1738 425 1785 me
437 1717 586 1779 rationem
604 1718 717 1779 habere
734 1718 866 1800 priuatae
884 1720 1054 1780 securitatis
1073 1721 1145 1802 pati,
1163 1718 1220 1783 sed
1238 1724 1313 1790 boni

91 1809 110 1826 ““
141 1805 207 1882 esse
223 1804 449 1868 consulendum
466 1803 640 1877 videretur,
667 1805 694 1864 si
711 1804 874 1884 quisnihil
897 1807 1168 1885 praetermittendo
1188 1803 1330 1872 navaret·

99 1886 104 1891 ⁴
125 1888 256 1975 'aliquid
275 1904 366 1971 atque
379 1889 529 1951 efficeret.
546 1890 593 1949 De
609 1909 658 1949 me
673 1889 740 1971 ipso
753 1896 1046 1970 autemper'suasum
1064 1891 1214 1953 habebam
1232 1891 1309 1978 (stn-

57 1999 117 2057 193
140 1981 211 2065 pide
229 1975 376 2051 fortassis,
393 1976 447 2059 sed
464 1975 642 2056 persna'sum
660 1980 762 2035 tamen
781 1973 953 2058 habebam),
970 1997 1070 2056 neque
1089 1977 1187 2038 ullum
1206 1979 1310 2041 decre-

140 2081 177 2130 ta
188 2065 350 2126 facientem
368 2060 511 2134 meliora,
530 2082 619 2140 quam
637 2081 696 2135 me,
715 2062 902 2133 decernere,
914 2081 1015 2140 neque
1033 2061 1308 2146 aliquidagentem
1347 2078 1349 2083 ’

140 2172 241 2237 agere,
259 2167 360 2229 neque
378 2147 512 2229 legatum
529 2145 802 2207 studiosiusiobire
820 2145 1006 2228 legationem
1023 2167 1131 2229 posse,
1142 2167 1234 2227 qnam
1251 2149 1311 2227 m'e,
1345 2148 1349 2157 “

114 2232 193 2301 Ῑειιιῐ
208 2232 423 2317 incorruptius.
458 2232 589 2311 Propter
611 2231 664 2292 bas
681 2246 792 2294 causas
808 2232 841 2292 in
870 2229 1014 2293 omnibns
1037 2233 1172 2316 negotiis
1189 2247 1311 2316 praesto

138 2324 192 2385 fui.
208 2321 287 2404 Age,
304 2320 373 2404 lege
390 2316 652 2399 Philippi'litcras.
714 2344 721 2353 ¹
1197 2338 1200 2342 “
1292 2326 1309 2341 ·’

598 2462 847 2521 mannan.
935 2436 938 2441 ⁸

224 2580 272 2639 Eo
289 2577 477 2660 redegerunt
494 2574 629 2636 actiones
646 2594 731 2634 meae
749 2574 942 2656 Philippum,
967 2576 1137 2638 Aeschine:
1163 2577 1243 2638 band
1259 2577 1313 2638 ille

140 2685 246 2733 vocem
264 2676 391 2747 propter
407 2664 466 2720 me'
476 2661 594 2739 edidit,
607 2681 675 2720 cnm
692 2654 799 2721 multis
814 2661 897 2741 prius
917 2662 953 2721 et¹
965 2662 1191 2723 confidentibus
1208 2663 1311 2724 verbis

139 2755 172 2815 in
190 2749 408 2833 rempublicam
426 2745 629 2807 inveberetur.
666 2745 714 2806 Ob
733 2746 808 2805 baec
824 2745 969 2831 egoiure
986 2769 1102 2808 corona
1120 2748 1257 2809 donabar
1273 2747 1313 2808 ab

139 2839 205 2899 bis:
229 2840 337 2916 neque-
349 2847 402 2908 tu,
420 2853 607 2893 coram‘cnm
624 2832 999 2914 adesses,'refrogabaris,
1019 2846 1051 2893 et
1066 2833 1221 2910 Diondas,
1239 2855 1311 2895 cnm

137 2922 357 2999 intercederet,
375 2917 512 2998 quintam
530 2916 745 2999 suffragiorum
763 2929 878 2998 partem
895 2938 959 2978 non
977 2918 1101 2991 ferebat
1135 2917 1214 3001 Age,-
1229 2919 1311 2979 reci-

75 3015 77 3021 '
137 3020 168 3070 ta
187 3007 262 3067 mihi
280 3008 401 3068 decreta
419 3023 472 3078 ea,
497 3014 529 3064 et
546 3010 624 3084 quae
642 3016 707 3065 tum
733 3003 891 3079 absoluta,
915 3016 946 3064 ct
963 3003 1000 3064 ab
1017 3003 1078 3066 isto
1091 3023 1154 3065 -nec
1172 3014 1313 3067 accusata

91 3167 93 3171 7
137 3094 269 3155 fuerunt

338 3299 341 3305 ¹
514 3228 951 3313 justinianus„x

224 3342 308 3410 Hae'c
325 3349 460 3422 decreta,
484 3346 708 3421 Athenienses,
736 3348 861 3409 easdem.
880 3347 1009 3430 syllabas
1029 3359 1061 3407 et
1086 3347 1192 3407 eadem
1216 3345 1312 3406 verba

91 3466 97 3487 ι
138 3436 262 3512 babent,
280 3454 356 3514 quae
375 3446 408 3493 et
423 3433 507 3515 prius
525 3433 719 3494 Aristonicus
738 3446 769 3493 et
784 3440 867 3493 nunc
885 3432 1032 3514 Ctesipho
1052 3432 1102 3494 hic
1120 3430 1255 3512 scripsit:
1276 3450 1313 3491 ca

137 3541 211 3583 vero
229 3519 516 3598 Aeschines-neque
536 3517 783 3599 accusavitipse,
808 3540 910 3600 neque
935 3506 1318 3598 accusatorisubscripsit‘
1333 3537 1336 3542 ·

136 3605 275 3687 Aequius
295 3617 397 3666 antem
414 3604 534 3678 fuisset‘
548 3604 770 3677 Demomelem,
787 3603 869 3665 illius
888 3603 1003 3691 decreti¹
1013 3616 1181 3677 auctorem,
1200 3614 1234 3662 et
1244 3599 1318 3685 Hyss

137 3693 274 3774 peridem
292 3689 347 3750 illo
364 3703 503 3770 ternpore
521 3689 680 3764 insectari,
693 3690 724 3749 si
745 3711 815 3750 vera
833 3703 922 3764 sunt,
941 3709 1072 3771 quornm
1090 3696 1139 3749 me
1157 3708 1243 3748 nunc
1261 3706 1312 3747 ac-

55 3794 62 3804 ·
103 3775 232 3850 pensat,
251 3797 340 3856 qnam
358 3775 440 3836 hunc
457 3775 607 3856 persequi.
633 3775 859 3850 Quamobrem?
883 3775 977 3852 Quod
996 3774 1068 3835 huic
1086 3775 1199 3835 factum
1215 3764 1343 3834 ‘suumi-

67 3894 94 3919 ,-
136 3864 175 3924 ad
192 3863 262 3923 illos
275 3860 395 3920 referre
413 3861 486 3921 licet
503 3874 537 3921 et
551 3861 588 3920 ad
614 3859 798 3922 iudiciorum
824 3861 1032 3944 cognitiones:
1058 3872 1089 3920 et
1106 3860 1192 3940 quod
1205 3896 1208 3901 ·
1219 3857 1312 3919 isthic

55 3978 57 3987 a
119 3949 201 4031 -ipse
220 3969 283 4008 non
301 3943 452 4016 accusavit
469 3945 549 4021 illos,
567 3945 621 4026 qni
639 3947 761 4021 eadem,
780 3968 857 4028 qnae
876 3948 927 4007 hic
943 3952 1035 4018 nunc,
1054 3945 1260 4027 scripserunt:
1280 3954 1312 4022 et

95 4043 98 4054 ⁴
137 4032 222 4116 qnod
240 4032 387 4093 derebus
406 4032 448 4092 ita
459 4031 539 4092 'actm
557 4030 641 4092 nulla
658 4031 716 4091 iam
735 4031 854 4116 legibus
874 4033 962 4095 datur
980 4030 1076 4105 actio,
1104 4043 1135 4090 et
1153 4031 1194 4090 ob
1213 4029 1312 4091 multa

35 4114 41 4121 ’
133 4120 208 4204 lalia:
225 4131 298 4178 tum
315 4138 387 4178 vero
406 4117 471 4197 ipsa
488 4138 576 4178 cansa
593 4136 649 4197 per
666 4137 698 4176 se
716 4117 748 4178 in
767 4117 1013 4197 disquisitionem
1031 4116 1182 4190 venisset,
1206 4116 1310 4198 prius·
1330 4107 1338 4119 ’

96 4261 99 4265 ,
137 4226 226 4285 quam
245 4202 355 4262 borum
375 4204 536 4285 quicquam
559 4201 742 4263 accessisset.
778 4202 838 4262 Sed
856 4225 920 4264 non
937 4202 1064 4275 licebat,
1084 4202 1214 4283 opinor,
1232 4214 1311 4285 tum,

55 4317 80 4343 ν
102 4358 104 4362 ,
137 4289 222 4370 quod
240 4310 322 4349 nunc
339 4288 428 4375 facit,
447 4303 483 4349 ex
500 4287 632 4366 antiquis
651 4287 808 4370 annalibus
828 4301 858 4350 et
874 4281 978 4365 multis
997 4288 1128 4348 decretis
1147 4289 1246 4349 electa
1265 4306 1312 4359 ea,

134 4382 215 4456 'quae
232 4372 548 4456 'nequepraesciebat
572 4371 748 4452 quisquam,
774 4383 875 4455 neque
901 4376 961 4436 boc
978 4371 1027 4440 die
1053 4372 1217 4434 referenda
1243 4391 1314 4464 esse
