2722 4754
335 202 397 290 ns
422 164 591 262 rausa
625 176 954 266 nasamone:-
1155 203 1215 258 sss

56 357 186 431 nuntiat,
203 356 378 436 Philippum
395 377 542 416 summam
554 378 662 423 ¹rerum
682 355 868 415 commisisse
886 352 1057 427 Thebanis,
1077 366 1108 413 et
1126 352 1215 432 quiu-

57 450 118 503 thm
135 465 203 503 eum
221 462 287 501 esse
304 441 385 508 diem
402 441 553 521 ponebat,
581 457 616 501 ex
635 462 697 520 quo
723 440 831 517 foedus
851 453 930 500 esset
956 439 1096 498 sactum.-
1119 438 1217 520 Igitur

61 526 410 591 vtlt.vtt.v1.v.1ssl.
444 526 601 606 Exquisite
628 525 787 596 convenit,
813 525 951 584 adhunc
976 546 1040 584 esse
1068 525 1216 604 quintum.

65 619 158 696 ltaque
174 610 370 691 temporibus,
389 611 499 691 quibus
514 611 739 682 renuntiabant,
759 609 868 688 quibus
883 609 1098 683 decernebant,
1117 608 1216 669 omni·

69 704 118 763 bus
139 697 339 769 convincitur,
366 716 418 755 eos
445 697 602 756 collusisse
626 718 695 755 cum
719 694 863 774 Philippu
889 706 919 753 et
942 694 1096 754 adiutores
1121 694 1215 753 luisse
1316 714 1318 721 ·

73 781 498 850 Phocensium-internecionis.
522 784 582 840 lam
602 782 685 861 quod
703 780 785 838 nulla
803 779 1006 838 Phocensium
1024 780 1146 838 urbium
1167 801 1217 839 ex-

75 880 260 959 pugnataaut,
277 861 364 925 facto⁴
372 867 405 925 in
418 887 483 926 eam
502 868 628 946 impetu,
641 867 671 925 vi
685 878 770 945 capta
789 877 843 940 est,
862 864 915 924 sed
933 865 1130 943 persuasione
1146 865 1216 923 lun-

79 960 143 1023 ditus
157 973 254 1014 omnes
271 951 444 1031 perierunt:
462 951 591 1011 maximo
604 964 784 1032 argumento
803 963 858 1020 est,
877 949 908 1009 id
926 949 968 1007 eis
984 950 1126 1008 accidisse
1145 970 1216 1029 pru-

81 1058 174 1129 pterea,
196 1038 276 1116 quod
293 1036 439 1096 Aeschini
459 1037 671 1110 erediderunt,
697 1057 729 1097 se
747 1057 764 1095 a
780 1034 925 1114 Philippo
944 1028 1154 1093 conservatum
1172 1034 1217 1092 iri.

82 1129 165 1208 Neque
180 1122 256 1183 enim
274 1121 361 1197 illurn
380 1122 566 1204 ignorabant.
584 1122 661 1204 Age,
679 1121 784 1202 profer
802 1120 878 1179 mihi
897 1132 928 1178 et
944 1120 1120 1198 societatem
1134 1119 1218 1178 Pho-

85 1213 189 1278 rendum
206 1220 235 1266 et
252 1207 389 1281 decreta,
406 1228 463 1288 per
481 1229 557 1287 quac
576 1229 680 1268 muros
701 1228 806 1266 eorum
825 1205 959 1277 subruit,
977 1217 1013 1263 ut
1030 1204 1141 1277 sciatis,
1159 1225 1218 1282 qua

85 1292 271 1363 necessitudine
296 1293 454 1371 vobiscum
481 1293 638 1353 coniuncti
663 1292 762 1372 qualia
787 1290 970 1371 pertulerint
1000 1301 1125 1370 propter
1142 1289 1217 1348 istos

85 1384 217 1463 sacrilegos.
232 1377 346 1437 Recita.
438 1433 445 1451 ,

89 1580 92 1586 ,
176 1527 369 1589 sumeres
405 1530 693 1574 suessa-onum
728 1530 775 1572 uu
809 1502 1097 1572 essocansmm.

32 1692 36 1703 ,
148 1630 297 1694 Coniuncti
316 1631 410 1713 igitur
427 1632 512 1692 fuere
537 1632 699 1692 uobiscum·
721 1628 869 1704 amicitia,
897 1631 1060 1708 societate,
1086 1628 1217 1688 auxilio:

32 1713 45 1727 '¹
65 1800 68 1805 ,
88 1723 141 1804 quid
154 1739 214 1779 vero
231 1716 413 1796 pertulerint
430 1730 555 1797 propter
572 1717 681 1791 istum,
700 1719 753 1797 qui
770 1739 825 1777 vos
845 1737 934 1797 opem
951 1710 1031 1774 ferre
1049 1714 1218 1793 probibuit,

38 1812 59 1863 .'
87 1806 167 1868 audite.
181 1802 286 1863 Recita.
323 1816 331 1823 ‘
414 1860 421 1867 ,,
653 1826 655 1831 ·

211 1951 658 2023 couversarnrmum
693 1955 739 1999 ur
769 1952 1056 1999 P11er1ts1Ult1=
1097 1945 1100 1951 '

156 2052 282 2129 Auditis,
299 2056 526 2117 Athenienses?
553 2052 710 2121 Conventa
728 2056 862 2137 Philippi
881 2069 912 2116 et
929 2054 1150 2129 Phocensium,
1168 2055 1216 2114 in·
1264 2094 1270 2101 -

33 2212 35 2223 Ι
85 2145 142 2227 quit,
154 2163 208 2202 non
219 2141 433 2201 Thebanorum
454 2156 484 2202 et
498 2142 711 2215 Phocensium,
730 2163 787 2201 nec
800 2142 1015 2201 Thessalorum
1031 2153 1062 2199 et
1075 2139 1216 2200 Phocen-

84 2232 155 2302 siun,
169 2248 219 2286 nee
234 2226 449 2300 Locrensium,
468 2249 525 2286 nee
543 2228 689 2300 aliorum,
708 2227 761 2306 qui
779 2228 957 2299 adsuerunt,
975 2226 1081 2285 ullius:
1101 2239 1132 2284 ct
1149 2247 1216 2284 rur-

82 2337 130 2386 sus,
141 2312 285 2393 tradendas
300 2333 376 2385 esse,
392 2312 501 2392 inquit,
516 2313 607 2372 urbes
623 2313 774 2392 Philippu,
789 2333 852 2371 non
866 2311 1033 2383 Thebanis,
1043 2332 1107 2370 non
1120 2313 1146 2369 T
1148 2310 1224 2378 hess

81 2400 149 2473 salis,
168 2418 224 2457 non
241 2397 291 2456 alii
309 2398 458 2479 cuiquam.
492 2399 707 2480 Quapropter?
739 2399 819 2472 Quia
837 2397 1067 2458 renuntiabatur
1085 2396 1122 2455 ab
1141 2396 1217 2470 istis,

80 2484 224 2564 Philippum
248 2495 374 2564 propter
396 2480 599 2543 Phocensiuni
626 2483 887 2544 conservationem
914 2484 1026 2542 adesse.
1060 2481 1098 2539 Ei
1124 2481 1230 2563 igitur·

34 2628 37 2635 ,
81 2568 217 2629 credebant
233 2569 360 2643 omnia,
377 2570 414 2628 ad
433 2591 502 2628 eum
522 2570 623 2629 omnia
640 2569 831 2643 referebant,
859 2567 927 2627 cum
947 2589 986 2627 eo
1002 2589 1106 2648 pacem
1124 2564 1216 2626 lacie-

80 2655 147 2713 bant
173 2653 240 2735 Age,
257 2653 352 2713 recita
368 2654 502 2733 reliqua:
522 2655 721 2728 considerate,
739 2675 816 2733 quae
835 2654 993 2733 sperarint,
1013 2666 1043 2711 et
1061 2672 1138 2731 quae
1157 2652 1218 2711 sint

80 2738 209 2819 perpessi?
230 2737 386 2818 Numquid
404 2739 513 2799 similia
532 2753 562 2800 et
581 2753 782 2799 consentanea
801 2739 871 2811 illis,
890 2759 966 2816 quae
985 2738 1042 2795 iste
1060 2738 1217 2796 renuntia·
1277 2758 1288 2767 ”

79 2823 244 2883 ritttten'ta

238 2999 241 3003 -
274 3027 277 3032 ,
323 2977 550 3022 uucnauum
585 2977 945 3022 snesrrcnuonum.
1026 2952 1032 2962 '
1072 2997 1075 3002 -
1241 2959 1303 3015 230

150 3078 211 3151 His,
233 3072 560 3155 Athenienses,'nibil
587 3081 718 3140 atrocius
743 3080 920 3140 factumest
944 3100 1002 3139 uec
1020 3079 1129 3150 maius,
1147 3072 1218 3136 'non

80 3162 157 3222 modo
170 3161 270 3224 nostra
284 3178 381 3225 aetate
400 3159 432 3224 in
451 3166 592 3240 Graecia,
612 3168 666 3225 sed
685 3188 750 3240 nec,
768 3178 804 3224 nt
822 3165 942 3246 opinor,
961 3164 1050 3224 etiarn
1069 3161 1220 3242 superiori
1241 3192 1250 3198 -

34 3262 40 3270 ·
76 3252 397 3328 tempore.,Tautaruin
423 3251 517 3333 igitur
535 3264 565 3310 et
591 3252 698 3311 talium
723 3273 825 3310 rerum
851 3272 931 3309 unus
949 3251 1043 3309 humo
1062 3248 1220 3329 Philippus
1248 3257 1251 3261 '

45 3362 48 3366 ·
79 3333 175 3411 potitus
191 3348 234 3415 est
256 3357 313 3415 per
338 3337 430 3409 istos,
455 3336 602 3396 ineolumi
629 3337 705 3397 urbe
725 3335 981 3396 Atheniensium:
1008 3336 1056 3394 cui
1081 3354 1220 3414 praeesse

81 3416 182 3493 Graecis
211 3422 342 3501 patrium
362 3435 425 3495 est,
452 3435 482 3481 et
501 3443 564 3482 non
589 3424 778 3494 connivere,
794 3435 830 3481 ut
848 3421 1008 3502 quicquam
1034 3422 1094 3480 tale
1111 3440 1219 3504 perpe-

79 3514 165 3563 tretur.
179 3507 440 3580 Quemadmodum
459 3507 554 3589 igitur
569 3509 742 3568 aerumnosi
759 3507 934 3566 Phocenses
952 3506 1133 3579 interierint,
1152 3526 1220 3564 cum

79 3587 161 3647 erbis
181 3591 308 3657 decretis
335 3593 437 3652 videre
465 3606 525 3665 est,
550 3605 614 3652 tum
642 3595 730 3659 etiam
750 3615 786 3653 ex
804 3592 877 3672 ipsis
902 3593 1010 3664 rebus,
1037 3613 1113 3672 quae
1138 3602 1221 3650 actae
1272 3651 1295 3665 ..

78 3685 243 3754 sunta-quae
260 3698 310 3737 res
329 3678 552 3758 spectaculum,
578 3678 799 3750 Athenienses,
818 3668 1030 3737 erudele'sunt
1049 3691 1080 3737 et
1097 3676 1221 3735 misera·
1303 3694 1311 3700 ·

78 3755 133 3816 bile.
147 3755 217 3820 Cum
231 3763 313 3822 enim
331 3785 431 3844 nuper
441 3765 577 3844 Delphos
596 3765 867 3844 proficisceremur,
885 3758 1009 3822 necesse
1027 3761 1223 3832 habebamus,

79 3843 205 3906 candere
220 3849 337 3906 omnia:
355 3849 491 3909 aedificia
507 3850 614 3922 diruta,
632 3851 753 3910 moenia
766 3861 925 3931 prostrata,
942 3848 1100 3930 regionem
1114 3848 1221 3905 iuven·
1255 3869 1261 3880 ·

77 3939 131 3988 tute
146 3931 320 4006 desolatam,
345 3934 536 3994 mulierculas
556 3937 700 3996 duntaxat
718 3949 885 4015 etpaucos
910 3934 1055 4014 puerulos
1075 3946 1105 3993 et
1123 3952 1221 4003 senes,

77 4011 195 4076 homines
212 4018 407 4079 miserandos.
442 4021 585 4101 Denique
602 4042 693 4080 nemo
712 4021 815 4081 verbis·
830 4020 952 4099 assequi
968 4019 1064 4099 possit
1083 4039 1117 4100 ea
1135 4016 1221 4088 mala,
1288 4030 1292 4036 “

76 4118 140 4176 quae
154 4100 231 4162 nunc
248 4104 311 4163 illic
328 4118 407 4166 sunt.
441 4105 537 4187 Atqui
551 4127 608 4167 eos
628 4106 700 4167 olim
718 4105 903 4167 contrarium
922 4103 1074 4163 Thebanis
1092 4123 1149 4184 pro
1167 4120 1222 4162 vo·

77 4180 114 4242 bis
127 4185 225 4247 tulisse
238 4189 438 4272 suffragium,
457 4213 526 4252 cum
544 4193 581 4252 de
599 4192 683 4251 urbis
703 4192 818 4252 excidio
838 4202 996 4274 ageretur,
1022 4210 1038 4248 e
1057 4188 1143 4249 vohis
1163 4206 1221 4269 ego
1244 4258 1259 4273 N

77 4269 197 4332 erutus
214 4275 314 4337 audio.
350 4277 443 4351 Quod
460 4277 553 4360 igitur
569 4278 692 4358 putatis,
710 4276 930 4344 Athenienses,
948 4273 1076 4336 maiores
1094 4286 1222 4344 vestros,

76 4351 240 4419 titurium
256 4361 409 4435 redirent,
435 4362 629 4447 sufilagium,
656 4376 709 4424 aut
726 4384 815 4443 quarn
843 4359 1024 4421 seutentiam
1050 4362 1163 4422 laturos
1183 4358 1222 4416 de

1129 4528 1142 4555 Q
1228 4534 1232 4546 ι
