2722 4754
21 74 32 97 ’
117 67 215 174 ἰιι
442 107 802 177 nanosrnnnrs
839 98 1029 175 οιιιιιιι

77 268 81 274 ’
153 287 219 328 esse
237 266 364 327 iniurios
383 275 415 322 ιι
431 240 555 324 falsam
573 285 605 325 se
623 229 914 324 maledictaiacere'·
933 262 985 336 ait,
1003 215 1238 333 nontamen
1255 251 1331 324 ess'e

112 355 114 358 ⁴
152 353 203 412 illa
221 353 460 421 consideremus,
484 349 521 408 ad
545 349 684 409 Serviros
710 347 803 409 fuisse
829 347 1032 422 veniendum,
1050 360 1091 408 ιιι
1113 345 1171 406 ibi
1182 347 1220 406 de
1240 345 1342 415 mille

70 431 72 434 ⁴
152 436 311 496 drachmis
308 434 616 515 periclitaremur,
592 457 618 493 ιι
636 433 812 496 calumniari
829 433 1016 515 videremur.
1042 454 1123 493 nnnc
1142 453 1210 498 nos
1219 430 1353 512 sucum

151 516 268 593 facere,
289 520 346 598 qni
365 518 490 580 crimina
508 532 539 579 et
557 519 657 578 inania
675 518 835 578 maledicta
852 521 1065 599 conquiramus
1085 531 1189 585 etrus
1208 508 1359 589 obtun-

152 607 283 678 damus,-
293 606 330 664 ad
335 626 436 704 ιιιιοιο
446 627 479 664 ea
498 604 632 702 cognitio
652 624 716 662 non
733 602 891 684 pertineat
914 605 984 688 Ego
1003 624 1076 664 vero
1096 623 1227 677 censeo,
1235 594 1316 662 illu

149 688 285 771 primum
302 698 370 788 'cum
388 691 495 750 animis
512 687 620 748 vestris
640 709 704 748 esse
724 689 934 788 cogitandum:
956 688 1052 750 multo
1072 689 1239 748 maximum
1259 708 1307 757 ess

112 835 117 846 ,
152 774 314 852 discrimen
339 768 420 835 inter
442 773 615 835 convicium
639 786 733 853 atque
744 773 866 834 crimen
885 787 915 833 et
931 775 1152 873 Ριοιιιιιιοιιιιιι.
1198 769 1360 843 Crimen

22 923 24 930 ,
100 915 104 917 ,
153 860 234 919 enim
253 874 323 940 ιιι,
333 861 358 918 ιι
377 861 502 945 quis,
473 860 562 927 nudis
580 859 680 919 verbis
698 877 788 932 usus,
808 859 939 927 orationi
958 882 1029 920 suae
1048 859 1139 919 nullis
1157 877 1353 941 argutuen⁵

105 963 126 1023 ’γ
149 945 190 1004 ιιι
207 935 298 1018 fidem
318 945 402 1004 facit:
429 924 624 1024 probatio,'
599 967 625 1004 ιι
644 965 720 1023 qnae
729 936 824 1018 dicit,
845 965 879 1003 ea
898 946 988 1005 etiam
1005 967 1075 1005 vera
1094 966 1160 1005 esse
1179 943 1356 1012 ostendit,

49 1051 59 1058 ·
108 1031 110 1039 ’
152 1030 309 1090 Necesse
301 1031 395 1111 Agitur
413 1041 476 1103 est,
489 1050 559 1102 eos,
575 1053 629 1109 qur
621 1029 787 1117 probant,
805 1042 858 1089 aut
875 1029 1060 1112 argumentis
1080 1030 1152 1104 niti,
1170 1050 1228 1111 per
1247 1049 1348 1108 qnae

50 1160 57 1178 .
150 1116 196 1176 rei
210 1116 366 1174 raritatem
384 1073 476 1173 vobis⁷
490 1114 654 1188 declarent,
673 1127 724 1174 ant
739 1114 928 1175 coniecturas
948 1115 1068 1189 afferre,
1086 1128 1138 1191 ant
1149 1114 1339 1214 producere

95 1237 107 1276 ·.
150 1214 253 1262 testes.
295 1200 422 1278 Neque
430 1199 511 1259 enim
524 1200 567 1266 ιιι
586 1198 765 1279 quibusdam
782 1197 850 1259 fieri
876 1200 972 1261 causis
996 1213 1113 1282 potest,
1139 1211 1177 1262 ut
1200 1198 1232 1259 in
1257 1219 1338 1264 reru

151 1299 342 1389 praesentem
360 1284 527 1353 ducamini:
554 1287 626 1359 sed,
652 1285 677 1344 si
697 1286 764 1365 quis
784 1287 849 1348 eius
868 1286 988 1368 generis
1007 1284 1122 1366 aliquid
1141 1266 1328 1361 ostenderit,

152 1391 271 1472 semper
288 1391 341 1430 vos
361 1369 470 1430 iustam
488 1368 621 1431 veritatis
641 1369 754 1437 habere
772 1371 1014 1470 probationem
1005 1392 1071 1430 rure
1091 1369 1223 1431 creditis.
1260 1367 1327 1451 Noa

121 1502 129 1510 ,
151 1457 246 1540 rgitnr
263 1476 327 1514 non
344 1454 553 1554 probabilibus
571 1455 671 1516 verbis
689 1469 742 1515 ant
760 1456 962 1556 argumentis,
996 1458 1051 1515 sed
1076 1476 1174 1534 aquo
1193 1453 1322 1517 maxime

58 1587 63 1600 .
137 1545 268 1623 ‘poenae
279 1540 387 1620 expeti
405 1544 550 1620 possunt,
577 1561 615 1601 eo
633 1541 842 1638 ostendimus,
865 1542 1025 1621 virumque
1045 1541 1252 1615 adducimus,
1263 1540 1319 1641 qui

106 1625 117 1699 s
150 1626 291 1685 tabellam
315 1625 405 1684 nobis
433 1625 604 1700 exhibuit-,.
611 1638 695 1705 qua
693 1626 779 1684 istius
805 1638 941 1686 anteacta
965 1627 1025 1686 vita
1050 1625 1243 1697 continetur:
1269 1625 1318 1703 qui

150 1730 207 1770 suo
226 1711 363 1790 periculo
381 1709 592 1771 testimoninm
610 1709 689 1775 dicit
708 1711 856 1791 ltaque
831 1734 858 1770 ιι
876 1711 950 1771 haec
969 1711 1141 1771 convicium
1159 1724 1191 1771 et
1207 1709 1318 1770 crimen

9 1826 12 1833 ·
94 1815 97 1825 ’
135 1817 217 1858 ,ιιιι
236 1795 362 1868 dixerit,
391 1815 446 1855 ιοι
465 1796 678 1876 probationem
697 1816 762 1855 esse
778 1796 942 1877 putabitis.
964 1817 1054 1876 quae
1072 1816 1147 1856 uero
1164 1795 1223 1856 iste
1241 1792 1318 1873 facit,

151 1881 322 1945 convicium
341 1893 372 1940 et
389 1880 511 1940 crimen.
556 1877 633 1939 Cum
651 1893 752 1940 autem
770 1883 816 1941 ad
825 1873 965 1942 Sexviros
984 1903 1048 1941 rem
1066 1880 1160 1940 fuisse
1180 1880 1319 1949 deferen-

133 1967 219 2031 .dam
239 1965 364 2038 dicit,'
339 1987 383 2024 ιιι
401 1965 621 2025 existimabitis:
641 1986 697 2024 nos
715 1978 745 2043 ιι
761 1966 793 2024 id
810 1966 953 2040 facturos,
973 1980 1004 2027 et
1021 1988 1103 2025 nunc
1121 1966 1177 2026 bac
1187 1967 1233 2052 de
1251 1965 1320 2047 lege
1339 1998 1342 2005 =

152 2050 373 2118 convenienter
389 2050 482 2129 loqui.
525 2050 650 2110 Nam
626 2073 651 2109 ιι
669 2063 699 2109 ιι
718 2049 841 2110 alterins
861 2051 994 2111 criminis
1012 2073 1099 2111 reum
1117 2021 1196 2110 lrlick
1193 2049 1321 2110 nomine

66 2144 128 2207 382
151 2157 375 2197 accusaremus:
395 2148 482 2195 cansa
500 2135 556 2195 tibi
575 2147 665 2207 ιιιιι,
683 2157 737 2194 cnr
754 2147 843 2218 aegre
862 2137 964 2201 ferres.
988 2135 1092 2196 Sed
1068 2159 1094 2195 ιι
1112 2135 1144 2194 in
1162 2135 1222 2195 boc
1228 2132 1321 2211 iudi

123 2223 199 2285 cio
219 2223 257 2282 de
275 2220 440 2279 violatione
458 2220 562 2301 legum
580 2219 689 2302 agitur,
707 2220 789 2302 leges
809 2234 910 2293 autem
927 2221 993 2282 istis
1012 2221 1146 2291 moribus
1166 2218 1322 2315 praeditos

135 2311 208 2368 'uec
231 2305 367 2389 legitima
391 2305 554 2365 decernere
579 2305 751 2385 patiuntur,
777 2325 895 2386 nosque
913 2298 1114 2406 ostendimus,
1147 2307 1240 2365 istum
1258 2324 1325 2364 non

57 2417 60 2424 ·
150 2383 260 2452 dixisse
286 2403 405 2449 tantum
430 2402 535 2450 contra
560 2390 653 2470 leges,
680 2391 734 2451 sed
757 2390 867 2477 vixisse
895 2391 984 2452 etiam
1009 2393 1097 2451 aliter
1122 2412 1213 2470 qnam
1228 2389 1352 2471 leges-

12 2504 15 2508 ·
69 2549 70 2552 Ἴ
142 2476 271 2544 ⁴sinunt:
290 2494 364 2534 eane
381 2475 418 2534 de
437 2476 504 2556 lege
524 2475 600 2548 nihil
619 2475 747 2565 dicetur,
764 2473 820 2556 per
838 2499 926 2557 quam
943 2477 1016 2537 haec
1032 2475 1223 2558 probantur?
1242 2473 1323 2532 lllud
1355 2548 1357 2552 y

142 2562 241 2622 'etiam
260 2562 521 2642 cognoscendum
526 2544 612 2621 tobis
633 2573 704 2635 ιιι,
702 2560 904 2635 Solonem,
919 2546 1025 2620 harum
1043 2562 1145 2643 legum
1165 2571 1322 2620 auctorem

151 2659 182 2706 et
197 2645 324 2704 aliarum
342 2645 406 2704 fere
425 2645 579 2719 omnium,
602 2645 693 2734 longe
713 2646 822 2719 alium,
841 2668 930 2747 quam
948 2646 1005 2727 iste
1024 2647 1080 2731 ιιι,
1102 2645 1324 2743 legislatorem,

149 2751 214 2790 non
231 2751 295 2809 nno
311 2731 406 2789 modo
425 2728 573 2790 scelernm
591 2751 705 2811 poenas
724 2731 777 2803 iis,
798 2754 850 2810 qur
842 2731 987 2820 'volunt,
991 2720 1187 2829 expetendas
1206 2728 1322 2810 permi-

108 2874 115 2888 ,
150 2816 225 2875 sisse
244 2837 260 2874 a
277 2814 475 2887 facinorosis,
494 2816 547 2885 sed
565 2814 765 2888 multifariam.
809 2809 932 2876 Norat
923 2839 948 2876 ιι
966 2805 1128 2888 uimirnm,
1146 2836 1210 2875 non
1227 2833 1323 2894 posse
1351 2889 1354 2893 .

42 2946 64 2965 .-
98 2957 101 2961 ,
150 2900 227 2972 fieri,
240 2894 280 2960 ut
299 2920 404 2960 omnes
423 2899 502 2959 cives
521 2920 673 2979 exaequo
694 2912 796 2960 essent
814 2915 866 2962 aut
884 2901 1075 2993 eloquentes,
1093 2913 1146 2960 ant
1159 2898 1321 2959 conliden-

122 2992 229 3084 Ctes,
240 2997 297 3044 ant
310 2983 466 3044 moderati.
510 2985 657 3059 Quodsi
648 2998 689 3045 rta
707 2987 855 3068 sanxisset
872 2987 974 3069 leges,
999 2989 1035 3046 ut
1052 2965 1214 3050 moderatis
1234 3004 1322 3042 sum·
1324 3018 1327 3022 -

51 3107 57 3117 «
119 3068 228 3128 -ἰιιιι
225 3089 355 3149 poenas
371 3066 451 3128 satis
464 3083 560 3143 esset,
586 3052 727 3129 multos
718 3092 842 3151 rmpnne
860 3073 942 3138 fore¹
939 3056 1260 3169 ¹improbos-censuit:
1297 3065 1325 3125 si

149 3173 239 3225 vero,
265 3167 301 3213 ut
319 3152 543 3215 confidentibus
563 3167 593 3214 ιι
611 3154 843 3234 eloquentibus,
869 3157 1024 3231 futurum,
1050 3169 1086 3216 ut
1103 3150 1272 3215 homines
1262 3170 1324 3210 rm

142 3236 240 3319 vperiti
259 3251 289 3297 et
305 3241 397 3304 rudes
415 3260 478 3298 non
495 3234 622 3319 possent
639 3241 764 3314 eodem,
784 3264 849 3341 qno
863 3241 925 3314 illi,
944 3243 1037 3301 modo
1055 3261 1171 3321 poenas
1189 3256 1324 3298 sumere.

9 3382 14 3393 ,
82 3380 83 3384 ,
138 3325 292 3409 ¹Aequum
311 3336 413 3384 antem
430 3337 499 3385 ιιιι
495 3325 668 3399 censuit,
684 3327 813 3399 necui,
847 3348 922 3406 Ριο
927 3349 986 3388 sna
1000 3327 1147 3405 cuiusque
1164 3321 1324 3394 facultate,

143 3405 315 3507 exigendae
332 3429 448 3489 poenae
468 3410 514 3470 ins
532 3416 706 3511 negaretur.
721 3411 755 3469 ld
773 3417 873 3471 autem
892 3412 959 3470 fieri
978 3410 1032 3490 qul
1048 3409 1168 3492 potnit?
1187 3408 1222 3483 Si
1239 3405 1323 3466 mul-

143 3494 193 3552 fras
220 3493 281 3552 vias
307 3515 363 3573 per
385 3495 469 3577 leges
492 3495 641 3554 muniret
650 3495 687 3554 ad
711 3495 899 3556 facinorosos
924 3496 1120 3557 invadendos.
1156 3474 1299 3553 Veluti
1289 3511 1322 3550 m

129 3578 247 3662 ..furto
265 3578 383 3639 Firmus
404 3601 434 3639 es
454 3592 486 3640 et
502 3594 532 3640 te
549 3581 625 3660 lpso
637 3580 754 3640 fretus?
789 3564 926 3641 Abduc
916 3604 949 3640 m
968 3601 1133 3641 carcerem.
1163 3579 1217 3640 sed
1235 3573 1322 3635 mille

148 3662 297 3724 drachmis
315 3663 523 3743 periclitaris.
537 3665 699 3735 lufirmior
705 3665 758 3725 es?
784 3664 983 3727 Novemviris
993 3650 1118 3726 iudica:
1136 3665 1182 3724 illi
1199 3654 1323 3723 facient.

21 3746 32 3789 ἶ
107 3752 110 3757 ’
137 3748 182 3806 'ld
200 3769 325 3828 qnoque
342 3750 509 3811 formidas?
525 3751 650 3810 Accusa
676 3750 748 3811 No'n
765 3752 822 3810 tibi
839 3753 926 3826 fidis,
945 3765 976 3812 et
993 3750 1208 3833 pauperiores
1228 3767 1321 3828 qnam

45 3894 48 3897 .
81 3848 88 3862 ‘
148 3854 201 3912 qur
192 3833 303 3893 anille
321 3835 476 3896 drachmas
490 3836 622 3925 solvas?
633 3835 720 3896 Furti
738 3857 794 3919 age
805 3838 892 3918 apud
910 3837 1066 3910 arbitrum,
1086 3849 1118 3895 et
1136 3847 1219 3894 extra
1237 3829 1322 3913 peri

11 3966 16 3976 .
70 3943 72 3945 ’
108 3917 250 3978 sculum
265 3919 337 3980 eris.
377 3920 528 3981 Neutrum
536 3909 656 3980 borum
674 3921 791 4001 placet?
812 3921 938 3983 Accusa.
971 3921 1079 3993 Etiam
1098 3921 1158 3979 hoc
1176 3914 1323 3979 reformi-
1352 3926 1357 3935 “

42 4039 58 4060 ι.
140 3999 222 4062 das?
246 4004 346 4066 Defer.
390 4006 474 4065 llaec
498 4005 600 4065 omnia
618 4006 735 4067 diversa
760 4019 842 4067 sunt
882 4006 1004 4066 Eodem
1018 4007 1111 4079 modo
1131 4017 1162 4063 et
1180 4003 1212 4062 in
1230 4021 1323 4062 causa

147 4085 276 4149 violatae
301 4066 470 4170 religionis
484 4090 557 4152 licet
581 4091 767 4154 abducere
757 4114 790 4155 m
817 4112 985 4164 carcerem,
1019 4109 1159 4150 accusare
1184 4071 1323 4168 publice,

148 4193 266 4233 causam
292 4175 373 4254 apud
390 4175 586 4255 Eumolpidas
608 4195 719 4273 agere,
745 4196 917 4256 proponere
933 4179 1021 4276 ‘apud
1040 4178 1164 4258 Regem.
1200 4171 1323 4231 Eodem

130 4257 275 4335 ,modo
265 4280 306 4317 ιιι
322 4260 448 4320 caeteris
474 4260 538 4362 fere
563 4259 719 4339 universis.
744 4260 795 4318 Si
814 4260 881 4355 quis
899 4261 994 4383 igitur
1010 4282 1042 4320 se
1061 4259 1232 4319 maleficum
1253 4275 1322 4361 esse
