2722 4754
259 158 262 163 ’
490 201 552 263 or
587 156 803 264 donant
828 238 841 269 1,
906 206 942 265 A
1009 158 1055 199 ⁰
1105 160 1287 270 21⁵5>-

59 359 138 438 apud
162 378 232 431 vos,
247 336 629 423 homiuumnefarioriam
654 369 693 424 et¹
708 342 900 416 adulatorum
919 367 957 431 ¹et
977 355 1141 416 furiarum:
1174 355 1229 435 qui
1250 360 1313 416 207

61 464 144 503 suam
169 432 286 524 diique
312 445 439 527 patriam
463 442 659 515 mutilarunt,
692 440 786 522 quasi,
804 442 963 522 propinata
988 441 1128 505 libertate
1154 441 1229 501 olim
1247 426 1259 479 i·

62 527 218 611 Philippo,
231 543 327 602 ‚nanc
346 512 537 600 Alexandro,
567 540 673 587 ventre
692 526 852 586 metientes
873 539 903 586 et
920 527 1019 587 foedis
1037 526 1228 593 libidinibus
1285 584 1289 591 ,

66 613 241 677 felicitatem.
284 614 470 674 Libertatem
487 625 605 686 autem,
624 624 655 672 et
672 634 706 672 se
722 611 799 671 nulli
817 632 923 692 parere
943 613 1086 687 domino,
1105 613 1158 694 qui
1176 633 1228 672 ve-

70 698 177 761 teribus
192 698 409 760 Graeciifincs
426 708 511 757 erant
526 709 556 757 et
570 698 693 779 regulae
708 695 871 770 honorum,
888 697 1109 771 subverterunt
1128 698 1228 758 Hu‘ius
1271 728 1273 743 ·
1328 752 1340 767 „

74 785 158 870 igitur
172 783 247 842 adeo
265 783 364 864 turpis
384 795 414 843 et
424 782 623 865 pervulgatae
642 782 876 863 conspirationis
896 794 926 841 et
943 781 1161 862 improbitatis,
1176 783 1228 843 uel
1268 791 1273 803 ’

76 870 199 955 'ptoditae'
222 869 343 948 potius,
366 866 590 941 Athenienses,
613 868 652 947 (si
670 868 845 950 nugantium
870 866 1013 951 nonest)
1039 868 1227 927 Graecorum

79 953 218 1027 lbertatis,
234 975 292 1013 nec
308 952 481 1033 respublica
499 965 613 1026 nostra,
631 953 804 1022 mortalium
823 952 959 1025 omnium
978 973 1140 1026 consensu,
1158 975 1228 1025 cau·
1270 964 1284 1007 '.

83 1064 133 1103 san
147 1038 233 1100 ullam
250 1038 392 1119 praebuit
410 1059 445 1098 ex
463 1059 529 1098 mea
548 1037 826 1114 administratione,
846 1059 902 1098 nec
921 1058 978 1121 ego
997 1031 1076 1120 apud
1094 1059 1156 1097 vos.
1175 1030 1229 1097 'Et

83 1149 123 1189 me
136 1145 236 1206 rogas,
253 1123 293 1182 ob
313 1144 402 1204 quam
420 1123 565 1183 virtutem
583 1123 732 1184 honorem
751 1123 857 1186 haberi
874 1123 950 1183 mihi
968 1122 1143 1204 postulem?¹
1159 1123 1226 1204 Ego
1275 1170 1282 1187 s

45 1202 55 1213 “
84 1212 162 1296 igitur
174 1207 227 1268 tibi
246 1208 332 1282 dico,
365 1230 433 1289 cum
451 1209 641 1290 magistratus
660 1211 739 1290 apud
759 1209 893 1268 Graecos
912 1230 1033 1283 omnes,
1064 1221 1129 1279 ate
1146 1208 1226 1267 facto

87 1297 175 1368 initio,
190 1293 322 1376 corrupti
341 1307 451 1367 essent,
469 1307 505 1363 ut
523 1294 631 1353 olima
648 1292 800 1375 Philippo,
819 1293 861 1367 sic
879 1295 1015 1355 nunc-ah
1033 1292 1227 1353 Alexandro:
1244 1306 1259 1361 J
1301 1346 1305 1351 .
1330 1365 1340 1375 Ι

39 1424 46 1439 .
89 1388 225 1458 me'neqnc
245 1372 375 1452 occasio,
393 1382 498 1458 neque
512 1379 674 1440 ve‘rborum
694 1380 835 1453 comitas,
854 1400 953 1459 neque
972 1377 1246 1460 pollicitationum
1316 1370 1328 1403 '¹

46 1526 55 1543 ,
91 1463 255 1550 magnitudo,
281 1485 383 1544 neque
402 1485 488 1545 spes,
513 1485 613 1544 neque
631 1477 746 1539 metus,
771 1484 871 1544 neque
890 1464 1001 1546 gratia,
1022 1484 1126 1543 =neque
1144 1463 1228 1522 aliud

75 1553 220 1635 -qaiequam
248 1549 423 1609 commovit·
441 1562 493 1609 aut
522 1549 659 1631 impulit,
694 1563 728 1609 ut
757 1549 918 1629 quiequam
946 1549 1229 1630 praetermitterem,
1310 1567 1315 1589 ·

44 1641 51 1649 “
92 1637 155 1720 qaod
168 1622 275 1693 iustum
292 1648 345 1694 aut
364 1635 552 1715 erepublica
572 1655 636 1695 esse
655 1635 830 1695 arbitrarer:
857 1656 957 1714 neque
975 1640 1123 1715 unquam,
1150 1653 1228 1714 quae

39 1726 57 1809 ⁶,
92 1719 330 1793 uobisconsului,
350 1716 652 1801 istorum'exernplo,
680 1731 823 1801 tanquam
841 1721 873 1809 ip
891 1721 1005 1789 trutina
1023 1720 1171 1779 inclinans
1190 1719 1228 1778 ad
1325 1722 1337 1746 ⁸

93 1817 234 1889 quaestum,
260 1805 423 1864 consului:¹
443 1804 497 1865 sed
521 1818 622 1880 recto,
648 1805 729 1869 iusto
757 1818 787 1865 et
810 1806 989 1887 incorrupto
1015 1806 1114 1865 animo
1140 1827 1156 1864 a
1179 1824 1227 1862 me
1265 1817 1268 1821 '
1296 1826 1300 1837 ’

93 1890 169 1954 omnia
183 1889 256 1967 faeta
273 1902 362 1963 sunt,
381 1903 425 1964 et,
444 1894 513 1950 cum
531 1891 569 1950 in‘
581 1891 786 1964 mammarum,
804 1891 885 1950 inter
901 1913 985 1951 meae
1004 1891 1109 1950 aetatis
1127 1888 1228 1948 homi-

39 1954 74 2029 ,ἡ
92 1996 260 2051 nes,·rerum
279 1975 590 2055 administrationibus
607 1977 665 2036 'sim
683 1989 833 2050 versatus,
867 1997 915 2035 eas
936 1997 1040 2035 omnes
1059 1976 1178 2058 integre
1197 1985 1228 2033 et
1319 1974 1340 2011 -“

39 2134 41 2145 Ι
92 2060 372 2123 recteadmiiristravi
403 2062 532 2141 Propter
549 2061 624 2120 haec
642 2061 760 2121 honore
779 2082 826 2120 me
840 2061 971 2144 ‚dignum
991 2080 1108 2120 censeo.
1140 2060 1228 2119 Moe·

40 2162 45 2169 “
92 2142 270 2207 aium-autem
291 2146 548 2223 instaurationem
571 2147 649 2207 hane
668 2161 699 2207 et
720 2148 886 2219 fossarum,
910 2148 948 2206 de
975 2160 1085 2226 quatu
1110 2143 1159 2204 ine
1178 2166 1252 2227 εει-Ι

39 2294 41 2311 ,
83 2229 218 2305 'villatum
237 2231 295 2292 et'si
313 2252 369 2290 me.
381 2232 505 2314 gratiam
525 2245 561 2301 et¹
572 2232 692 2292 laudem
710 2233 820 2292 mereri
838 2232 940 2293 iudico
959 2229 1132 2314 (quidni?),
1157 2231 1226 2289 lona
1256 2262 1263 2281 ·.

39 2316 50 2409 Τ
90 2339 120 2400 ge
138 2316 282 2384 timen2ab
315 2331 452 2378 actorum
478 2317 510 2378 in
535 2316 691 2400 republica
722 2340 861 2378 meorum
894 2318 1040 2400 dignitate
1076 2335 1241 2375 semoveo.=

39 2424 42 2445 ·
86 2402 174 2481 Neque
190 2402 267 2462 enim
285 2401 436 2483 lapidibus
454 2403 562 2463 urbem
580 2402 694 2467 munii,
708 2417 761 2464 aut
786 2403 1023 2486 lateribusego:
1049 2423 1149 2481 neque
1168 2400 1228 2459 hoc

39 2496 58 2569 ξ’
88 2485 188 2559 iuncis
204 2487 343 2548 laudibus
360 2488 605 2569 praeclarissimis
624 2511 689 2549 esse
708 2490 802 2549 duco(
839 2480 900 2547 Sed
922 2488 948 2547 si
965 2510 1062 2574 meam
1080 2486 1228 2546 munitio·
1322 2563 1325 2567 Ι

84 2584 146 2631 'netu
164 2570 453 2638 rccte‘considerart
476 2575 578 2649 voles,
605 2574 765 2648 inveniem*
782 2596 862 2634 arma
886 2586 917 2634 et
938 2573 1030 2633 urbes
1055 2585 1086 2632 et
1107 2572 1173 2631 loca
1197 2565 1244 2630 'et‘

40 2702 43 2719 .
87 2669 219 2738 portus'et
234 2679 323 2718 naves
343 2671 375 2719 et
390 2660 503 2720 multos
529 2679 628 2740 equos
649 2672 679 2719 et
702 2661 783 2720 viros
803 2680 858 2741 pro
877 2659 984 2718 harum
1001 2652 1255 2717 rerum‘defen-‹'

88 2742 163 2823 sione
192 2736 367 2826 agitaturus
386 2732 470 2806 Haec
489 2767 551 2828 ego*
564 2743 684 2825 Atticae
702 2744 929 2827 propugnacula
949 2743 1113 2814 construxi,
1133 2736 1247 2820 quan-²
1274 2802 1279 2811 ,
1299 2738 1328 2823 ss

84 2839 143 2903 tum
158 2766 276 2888 liimano
295 2820 444 2910 consequi
462 2830 549 2890 licuit
572 2829 716 2911 ingenio,
748 2843 779 2890 et
801 2829 848 2889 his
865 2828 957 2888 rebus
975 2829 1133 2911 regionem
1151 2825 1238 2885 hane

85 2912 181 2988 munii,
202 2935 261 2973 non
286 2914 433 2975 ambitum
457 2920 576 2976 tautum
601 2915 719 2975 Piraeci
749 2928 801 2975 aut
825 2914 930 2976 urbis..
960 2913 1070 2994 Neque
1094 2909 1233 2991 consiliis

86 3019 135 3080 ego
155 3020 213 3058 sum
234 2999 331 3079 victus
355 2993 372 3060 a
393 2996 535 3083 Philippo
560 2999 705 3084 (multum
724 3013 805 3061 certe
824 2997 924 3082 abest)
947 3012 1000 3060 aut
1023 2997 1231 3080 apparatibus:
1252 2996 1270 3018 ““
1302 3034 1306 3039 -

42 3106 44 3113 ¹
85 3083 131 3143 sed
146 3084 286 3145 sociorum
304 3086 397 3147 duces
416 3100 447 3146 et
464 3089 569 3168 copiae
594 3109 610 3146 a
634 3088 757 3146 fortuna
774 3100 846 3146 sunt
864 3084 1011 3165 destituti.
1056 3085 1141 3159 Quae
1159 3093 1232 3141 sunt
1296 3132 1300 3151 ,.

85 3167 174 3229 harum
188 3191 287 3230 rerum
304 3172 501 3255 argumenta?
525 3172 685 3232 Evidentia
703 3185 734 3232 et
751 3172 917 3233 manifesta.
936 3191 1013 3250 quae
1032 3164 1231 3230 consideretis

85 3253 168 3314 velim.
193 3255 274 3330 Quid
293 3270 358 3316 erat
376 3258 434 3318 civi
444 3258 635 3339 ,reipublicae
654 3257 792 3318 studIoso
811 3257 991 3340 agendum?
1003 3255 1086 3331 Quid
1105 3253 1166 3326 illi,¹
1179 3249 1233 3333 qui

87 3337 156 3405 omui
171 3352 234 3400 cura'
252 3353 284 3401 et
301 3340 454 3403 alacritate
473 3356 503 3403 et
521 3344 694 3426 integritate
713 3343 826 3424 patriae
836 3343 1015 3403 consultum
1030 3339 1143 3401 uellet?
1160 3338 1232 3398 Non

49 3494 52 3499 ι
88 3423 223 3503 oportebat
234 3438 266 3486 'es
274 3428 351 3487 mari
366 3429 492 3488 Euboea
506 3429 625 3488 munire
639 3428 791 3488 Atticam?
811 3450 826 3490 e
845 3429 1067 3489 mediterraneo
1082 3420 1231 3485 Boeotia?
1255 3445 1316 3500 203

87 3529 102 3567 e
118 3508 313 3591 Peloponneso
344 3512 425 3574 locis·
439 3527 544 3574 nostro
563 3534 636 3597 agro
662 3514 821 3574 finitimis?
845 3536 909 3574 non
927 3504 1105 3595 piovider'e,
1130 3523 1167 3571 ut
1182 3510 1232 3569 in-

40 3596 43 3601 ’
85 3593 168 3654 vectio
182 3595 325 3663 frumenti
341 3620 397 3679 per
409 3600 510 3659 omnia
523 3600 589 3663 loca
602 3599 692 3659 nobis
710 3600 804 3660 amica
821 3620 919 3680 usque
937 3601 974 3659 ad
988 3599 1148 3659 Piraeeum
1164 3616 1233 3677 per·

84 3679 200 3743 veniret?
225 3703 290 3743 non
315 3705 367 3757 ea,
392 3705 469 3765 quae
486 3670 683 3759 tenebamusi
707 3686 806 3745 missis
830 3685 912 3746 tueri
935 3683 1108 3766 praesidiis,
1134 3681 1234 3760 iisque

83 3762 169 3840 rebus,
184 3788 259 3846 quae
270 3788 308 3852 eo
324 3768 524 3850 pertiner‘ent,
536 3768 665 3852 agendis
671 3758 1124 3842 et'dicendisi,Proconnesum
1138 3762 1233 3825 Cher-

82 3866 224 3927 sonesum,
235 3854 422 3933 Ji'ene‘duna?
449 3876 513 3915 non
531 3855 588 3915 alia
606 3857 711 3917 conari
726 3857 944 3917 utconiuncta
964 3869 994 3915 et
1011 3854 1094 3917 socia
1113 3850 1246 3912 essenti.

58 4008 62 4013 ι
80 3933 259 4019 Byzantium,
281 3936 429 4024 Abydus,
453 3940 602 4014 Euboea?
628 3962 691 4002 non
710 3941 850 4003 hostibus
868 3941 1025 4015 maxim'a's',
1050 3961 1122 4020 quas
1141 3937 1234 3997 habe·
1318 3964 1324 3973 ‘

67 4018 154 4100 ,rent
170 4023 267 4104 copias
287 4025 426 4106 eripere?
445 4044 526 4102 non,
546 4048 622 4106 quae
640 4012 827 4109 respublicae
845 4028 1002 4109 deessent,
1021 4047 1055 4086 ea
1073 4023 1235 4106 supplere?

79 4104 164 4185 Atqui
185 4108 259 4170 haec
283 4110 370 4171 vobis
391 4111 490 4172 omnia
508 4113 641 4193 perfecta
660 4125 732 4182 sunt
749 4113 824 4181 meis
844 4112 973 4174 decretis
999 4123 1029 4170 et
1054 4109 1233 4170 actionibus.
1254 4148 1256 4155 ·

79 4190 158 4264 Quae
180 4206 310 4256 streete
330 4196 512 4271 deliberata,
538 4198 760 4273 Athenienses,
787 4197 899 4279 siquis
918 4198 983 4258 sine
1002 4196 1114 4266 invidia
1132 4195 1234 4255 consi-

54 4297 57 4302 ’
79 4275 171 4353 deret,-
188 4278 339 4356 inveniet,
358 4295 388 4342 et
405 4304 520 4345 summa
538 4306 611 4353 cum¹
624 4284 799 4368 integritate
818 4297 881 4345 acta
901 4302 983 4343 esse:
1009 4295 1041 4344 et
1058 4281 1171 4346 nullius
1189 4279 1236 4339 rei
1319 4310 1330 4353 .·

76 4360 258 4455 occasionem
268 4368 472 4447 praeteritam
496 4382 548 4432 aut
565 4369 735 4453 ignoratam
760 4392 776 4432 a
800 4391 848 4431 me
866 4381 919 4431 aut
935 4369 1101 4450 proditam:
1125 4379 1159 4428 et
1181 4385 1234 4426 eo·
1283 4390 1297 4402 ’
1331 4432 1334 4437 ,
