2722 4754
374 152 890 275 ,aurursus'nrnrau'
1006 222 1010 227 ·
1051 246 1058 251 .
1120 203 1224 265 ,ass

65 353 229 430 rem,‚mihi
246 346 442 433 promissam,
457 353 657 433 repudiarim,
682 365 714 431 et
731 353 841 414 multas
858 354 1088 434 deprecationes
1107 364 1224 438 etgri-

66 440 131 515 tias,
144 440 201 501 imo
218 438 309 498 etiam
320 436 578 498 ¹comminationes
597 432 821 511 contemserim,
839 451 879 512 et,
897 461 974 518 quae
992 440 1052 502 iam
1069 441 1150 521 apud
1168 461 1224 502 vos

70 529 172 609 reliqna
190 536 270 594 sunt,
288 522 418 604 experiri
435 521 592 583 voluerim,
624 523 701 583 Nam
720 535 834 601 quanto
852 524 955 603 plures
973 525 1030 587 iste
1048 525 1222 587 sollicitavit

76 629 107 678 et
119 608 299 696 prehensavit
314 607 391 691 (ridi
408 607 490 667 enim
509 609 612 681 modo,
630 627 707 687 quae
720 620 790 666 ante
808 609 1137 695 praetoriaactitaret),
1154 624 1222 672 tan-

26 714 41 733 *
79 695 200 778 tonagis
219 714 267 752 me
284 692 332 752 ius
355 703 460 752 'meum
487 705 721 752 consecuturum
740 705 824 773 puto.
866 692 975 773 Neque
1002 696 1082 756 enim
1102 699 1139 757 de
1156 696 1225 760 ullo,
1255 749 1260 764 ,

81 799 190 848 ,esuum
212 791 273 838 tam
298 777 382 836 male·
401 777 558 848 existimo,
584 789 620 837 ut
636 798 758 851 verear,
781 797 821 837 ne
839 776 888 836 vel
904 777 988 858 prius
1016 801 1087 863 erga
1103 802 1153 841 me
1169 803 1222 842 ve-

48 940 50 944 ,
82 886 157 950 ,nun
173 863 304 944 studium
322 863 502 941 deposituri,
519 861 577 934 vel,
594 874 632 923 ut
642 861 750 927 Midias
767 862 909 943 deinceps
926 863 1052 946 impunc
1068 879 1098 926 et
1116 884 1223 939 securo
1243 869 1306 926 328

84 955 175 1021 civibus
190 948 326 1020 insultet,
344 947 482 1030 neglecta
500 945 697 1007 iurisiurandi
712 947 875 1029 religione,
897 949 1057 1030 quicquam
1075 950 1158 1010 aliud
1175 953 1223 1033 iu-

85 1034 186 1106 &nturi
202 1033 277 1105 sitis,
292 1055 386 1113 -quam
405 1032 489 1112 quod
507 1053 638 1112 aequum
652 1053 717 1093 esse
733 1046 764 1093 et
777 1033 890 1096 iustum
909 1035 1095 1115 censueritis.
1114 1036 1223 1110 Quod·
1288 1036 1290 1041 ’

85 1130 119 1206 ,i‚
131 1119 339 1191 Athenienses,
356 1138 436 1179 eum
455 1117 634 1178 violatarum
651 1118 770 1200 legum,
796 1122 849 1187 aut
866 1119 1153 1202 falsaexlegationis,
1171 1134 1225 1181 aut

87 1217 116 1277 (ι,
129 1208 176 1272 ,lio
192 1204 333 1285 quopiam
352 1203 444 1263 simili
463 1203 589 1262 crimine
608 1217 800 1264 accusaturus
819 1216 932 1279 essem,
949 1206 1043 1269 nullis
1061 1207 1136 1268 mihi
1154 1227 1224 1288 pre-

88 1284 307 1363 cihns'utenduin
326 1290 405 1370 apud
423 1310 477 1348 vos
503 1288 735 1349 existimassems
760 1284 911 1369 siqnidem
928 1290 961 1352 id
978 1303 1080 1352 statuo
1104 1303 1223 1353 tantum

51 1366 60 1381 Χ
90 1375 142 1448 esse
155 1374 339 1448 accusatoris,
357 1387 393 1434 ut
411 1374 526 1433 crimen
544 1373 672 1457 probet,
690 1374 753 1448 rei,
769 1386 806 1434 ut
824 1374 913 1435 etiam
932 1378 1121 1457 deprecetur.
1162 1377 1224 1437 Sed
1307 1426 1336 1455 .-

91 1464 201 1533 mniste
216 1473 298 1538 ‘tuuc
318 1471 349 1520 et
373 1459 489 1519 iudices
518 1459 688 1541 corruperit
705 1470 737 1520 et
761 1474 921 1541 propterea
948 1466 1032 1522 meae
1056 1462 1152 1524 tribui
1169 1483 1225 1543 per
1257 1472 1283 1531 J

88 1549 198 1617 {niumm
214 1546 310 1626 tripos
329 1545 370 1604 sit
394 1557 534 1625 ereptus,
549 1557 650 1625 ‘atque
669 1566 727 1626 ego
746 1566 810 1604 nou
838 1547 931 1606 modo
949 1547 1146 1621 verberibus,
1170 1548 1224 1609 sed

88 1635 202 1702 &etum
219 1625 412 1692 coutumeliis
431 1629 488 1688 sim
506 1629 651 1703 affectus,
674 1629 785 1709 quibus
804 1629 885 1691 haud
903 1631 1023 1697 scio,an
1041 1634 1122 1694 ullus
1140 1633 1223 1693 aedi-

88 1727 117 1785 lis
130 1738 266 1800 unquam:¹
284 1737 349 1775 non
369 1714 476 1791 dubito
494 1714 527 1774 in
545 1714 604 1775 hoc
622 1714 754 1795 iudicio,
779 1717 863 1795 quod
881 1738 963 1777 nuuc
980 1719 1119 1792 demum,
1137 1731 1222 1799 post-'
1247 1740 1255 1769 t

32 1860 36 1865 ,
83 1828 160 1892 vquaro
178 1801 453 1864 adversarius'iusta
478 1799 691 1883 indignatione
708 1814 740 1861 et
756 1801 908 1883 suffragiis
921 1803 1042 1884 xpopuli
1064 1804 1222 1865 damnatus

89 1905 136 1967 est,
148 1886 344 1961 unbemetiarn
362 1885 505 1966 precibus
522 1885 576 1945 uti
601 1885 689 1959 Nam,
707 1885 732 1945 si
751 1886 811 1945 hoc
829 1887 929 1948 dicere
947 1888 1047 1962 liceat,
1065 1885 1229 1983 agonum,

87 2001 145 2040 reus
159 1971 270 2047 suiuasi
288 1993 348 2052 qua
366 1972 459 2030 modo
479 1970 629 2030 calamitas
649 1983 709 2043 est,
723 1970 847 2031 'iniuriis
866 1984 897 2031 et
915 1974 1110 2034 contumeliis
1128 1974 1224 2057 agita·
1280 1994 1303 2006 ¹-
1323 1978 1325 1983 ’

88 2079 140 2125 tum
152 2081 205 2120 non
220 2061 309 2138 posse
327 2056 392 2116 ullo
410 2057 503 2116 modo
520 2055 568 2115 ius
587 2077 675 2115 sunm
693 2055 826 2136 adipisci
845 2055 909 2116 Oro
928 2056 1023 2140 igitur
1034 2078 1089 2125 vos
1109 2079 1225 2133 omnes,

90 2149 189 2219 ludices,
205 2156 235 2229 et
244 2131 401 2223 supplico,
417 2141 602 2222 primummt
619 2162 667 2200 me
687 2140 838 2206 dicentem
856 2141 988 2224 benigne
1006 2144 1151 2204 audiatis:
1169 2134 1223 2204 de·
1307 2163 1315 2170 ·

49 2244 54 2251 '
91 2235 159 2306 inde,
179 2229 200 2288 si
217 2229 399 2300 ostendero,
427 2226 550 2286 Midiam
574 2247 638 2286 non
656 2225 730 2285 mihi
747 2239 881 2300 tanturn,
907 2228 961 2288 sed
978 2228 1064 2288 vobis
1085 2228 1180 2296 etiam
1194 2241 1226 2289 ct

91 2317 190 2401 legibus,
206 2324 236 2373 ct
252 2310 539 2373 caeteris-omnibus
557 2311 728 2383 insultasse,
744 2324 780 2371 ut
791 2333 861 2371 cum
878 2311 964 2386 mihi,
981 2326 1047 2373 tum
1059 2312 1239 2386 uobismet·'
1292 2375 1294 2379 ,

91 2403 144 2485 ipsis
156 2420 237 2481 opem
255 2398 366 2458 feratis.v
392 2396 443 2456 Sic
460 2396 542 2456 enirn
561 2417 609 2456 res
628 2396 691 2456 iere
710 2396 811 2469 hahet,
828 2389 1050 2458 Athenienses}
1072 2397 1139 2481 Ego
1158 2420 1225 2458 sum
1257 2464 1261 2471 ¹

91 2483 250 2547 contumeliis
268 2482 412 2554 affectus,
441 2495 471 2542 et
488 2503 589 2542 meum
608 2503 717 2561 corpus
735 2494 809 2541 tunc
834 2482 1040 2565 ignominiose
1065 2495 1228 2544 tractatum

92 2586 137 2633 cst:
157 2591 185 2631 ea
199 2590 270 2628 vero
288 2591 337 2628 res
355 2567 388 2627 in
406 2566 519 2627 iudicio
537 2579 675 2645 versatur
691 2566 847 2642 nunc,1et
864 2569 903 2628 de
920 2567 980 2628 hoc
998 2580 1151 2629 certamen
1170 2581 1228 2641 est,
1251 2578 1254 2581 “

79 2649 172 2717 'utrum
194 2655 283 2732 licere
311 2652 420 2713 debeat
452 2652 628 2712 huiusmodi
655 2651 789 2718 facinora
818 2653 1008 2719 committere
1037 2667 1069 2733 ,et
1091 2666 1225 2714 restrum

92 2738 226 2821 quenlibet
241 2739 366 2818 impune
386 2737 546 2820 exagitare,
563 2758 601 2796 an
613 2736 698 2797 non?
716 2737 837 2810 Quodsi
849 2737 917 2817 quis
931 2738 1011 2797 forte
1029 2750 1162 2797 restrum
1174 2760 1225 2797 su-

91 2824 181 2905 periori
194 2836 328 2904 tempore
347 2844 466 2883 causam
484 2822 560 2881 hanc
579 2842 644 2882 esse
662 2822 807 2902 privatam
825 2821 956 2902 putavit:
979 2822 1005 2882 is
1024 2844 1123 2895 nunc,
1141 2821 1227 2904 cogi-

89 2923 210 2969 tansesse
227 2929 243 2968 e
261 2908 435 2988 republica,
460 2907 657 2986 necuiquam
676 2907 735 2966 tale
764 2906 953 2967 committere
980 2907 1086 2986 liceat,
1111 2900 1227 2967 sicauss
1284 2932 1287 2939 ·

90 2994 190 3066 scultet,
212 2994 353 3074 tanquam
371 2992 526 3074 publicum
545 2993 664 3079 crimen·
678 3004 798 3073 agatur,
824 3004 873 3066 ct,
892 3012 968 3072 quae
985 2992 1045 3052 sibi
1062 2990 1227 3074 iustissima

89 3072 253 3151 videbuntur,
270 3099 306 3138 en
324 3079 473 3138 decernat
507 3077 646 3158 Inprimis
665 3090 765 3137 autern
783 3075 871 3140 robis
889 3077 937 3136 lex
954 3077 1148 3151 recitabitur,
1168 3098 1227 3156 qua
1269 3117 1274 3125 ,

91 3162 158 3240 queri
171 3162 237 3223 licet
253 3164 334 3243 apud
352 3161 515 3243 populum:
533 3161 644 3223 deinde
662 3183 716 3222 vos
734 3162 773 3221 de
790 3160 916 3240 reliquis
935 3161 1026 3222 etiam
1044 3163 1155 3223 docere
1173 3182 1226 3221 co·
1267 3167 1270 3175 '

90 3245 174 3310 nahor.¹
206 3248 312 3309 Recita
329 3248 436 3331 legem.
517 3290 520 3297 ,
771 3238 777 3254 '
882 3252 888 3279 ¹

566 3370 728 3459 unx..

157 3500 339 3586 Magistratus
367 3501 549 3564 concionem
572 3503 706 3565 habento
724 3503 756 3563 in
774 3503 848 3564 aede
866 3501 977 3562 Bacchi
1001 3501 1153 3584 postridie
1179 3501 1227 3562 Io'-

88 3584 163 3648 vialis
182 3590 213 3649 In
232 3610 267 3649 ea
287 3588 435 3648 concione
452 3589 583 3670 primum
602 3588 639 3649 de
658 3588 991 3669 sacris‘respondento:
1009 3599 1079 3668 post
1097 3589 1134 3648 de
1153 3608 1229 3668 que·
1323 3614 1329 3623 ·

86 3669 200 3734 riuoniis
218 3687 271 3735 aut
288 3694 417 3754 pompae
435 3695 534 3748 causa,
551 3686 604 3733 aut
621 3687 746 3754 propter
762 3674 851 3734 ludos
869 3672 1070 3735 Bacchanales
1088 3673 1185 3746 sactis,
1202 3670 1228 3732 si

86 3762 295 3834 quaerundum
313 3771 479 3819 transactae
497 3759 619 3819 fuerint
653 3798 655 3802 -
925 3808 927 3813 .
1182 3810 1185 3814 Α
1283 3798 1294 3813 ,

136 3845 224 3920 dex,
239 3843 466 3916 Athenienses,
485 3865 543 3923 qua
560 3839 682 3925 publice
701 3843 788 3924 queri
805 3844 894 3916 licet,
908 3843 987 3904 haec
1006 3856 1066 3916 cst,
1085 3841 1227 3922 quaein·
1251 3842 1318 3900 329

84 3924 138 4001 bet,
157 3944 190 3990 nt
207 3928 382 4002 audivistis,
406 3929 511 3989 haberi
528 3929 708 3994 concionem
733 3928 765 3988 in
783 3929 857 3989 aede
874 3925 986 3989 Bacch'i
1003 3941 1073 4009 post
1091 3927 1229 3987 iovialiaa

39 4059 46 4073 ,
83 4009 108 4070 in
123 4035 190 4093 qua,
212 4027 374 4096 postquam
392 4014 544 4095 praesides
563 4015 600 4077 de
619 4002 879 4074 administratione
897 4013 1044 4095 praetoris
1061 4009 1238 4093 responde-v
1308 4077 1311 4081 ,

82 4094 144 4172 rint,
170 4098 406 4165 utiaminiuriae
425 4099 553 4160 infesto
573 4112 625 4171 aut¹
642 4098 698 4158 alia
717 4113 823 4160 contra
841 4099 924 4182 leges
943 4099 1019 4157 facta
1037 4097 1158 4157 tractari
1176 4097 1229 4156 de·
1282 4093 1296 4105 ’“
1323 4141 1326 4147 .

81 4179 177 4247 Μὴ
205 4185 391 4246 Praeclaram
416 4182 583 4265 utilemque
609 4178 770 4245 esse-banc
788 4184 903 4268 legem,
928 4181 993 4262 ipsa
1010 4202 1059 4253 res
1086 4181 1231 4254 ostendit,

45 4276 64 4314 '·
80 4265 276 4351 Athenienses.
313 4266 390 4331 Cum
410 4268 506 4341 enim,
530 4281 616 4329 tanto
634 4282 719 4331 metu
735 4270 950 4352 impendente,
975 4277 1075 4327 tamen
1093 4265 1230 4348 protervi

79 4345 366 4432 qnidam-exsistente
384 4354 458 4435 quid
476 4354 512 4415 ab'
524 4352 588 4441 isto
601 4375 715 4439 genere
733 4353 897 4439 hominum(
912 4351 1146 4433 exspectandum
1161 4348 1232 4423 erit,
1285 4402 1294 4439 3

905 4488 907 4494 ι
949 4433 1023 4512 to*
