2722 4754
76 288 81 295 ,
184 300 189 307 ,
279 182 1025 313 nnnnootonunmsnrtrsrn.
1130 208 1237 263 m

73 392 209 461 suasque
227 376 451 461 pugnaveritis:
478 373 509 435 id
527 395 617 435 nemo
636 372 764 434 fortasse
783 382 917 431 vestrum
935 365 1115 434 considerat„
1152 367 1239 444 Quae
1264 394 1269 403 ·

75 469 161 555 igitur
177 466 247 526 illae
264 464 358 525 suntl
384 454 464 525 'Cttm
483 461 586 521 liberis
605 458 726 540 populis
744 471 796 517 mn
813 470 939 538 propter
956 457 1085 541 privatas
1103 454 1239 526 iniurias,

77 576 127 641 pru
143 551 251 633 quibus
269 549 440 611 satisfacere
458 547 580 628 publice
598 551 662 605 non
679 556 864 625 potuerunt,
896 561 948 607 aut
964 569 1021 628 pro
1047 558 1131 631 parte
1149 565 1238 632 agro-

81 650 148 713 rum,
163 648 214 699 aut
226 637 264 696 de
278 634 403 707 finibus,
421 644 473 692 aut
486 644 614 714 propter
631 631 861 692 contentionem
880 631 1017 708 honoris,
1036 638 1137 696 autde
1154 636 1238 716 prin-

75 726 169 811 'dpatu
183 722 263 782 bella
276 719 390 803 geritis.
410 714 487 778 (hrm
502 731 652 799 potestate
671 739 837 797 paucorum
854 739 910 798 pro
930 717 1035 779 harum
1053 743 1155 782 rernm
1169 722 1237 781 nul·
1280 729 1286 740 ⁴

93 807 265 877 ladimicatio
282 818 348 867 est:
366 805 420 864 s'ed
437 804 475 863 de
493 803 679 885 reipublicae
698 804 794 862 forma
814 816 845 863 et
861 803 1008 864 libertate.
1044 808 1239 888 Quapropter

98 893 264 983 egoquidem
282 903 365 951 certe
380 889 481 950 dicere
500 911 563 949 non
578 889 728 961 dubitem,
745 888 852 949 utilius
867 889 963 951 videri
981 890 1071 964 mihi,
1088 905 1124 951 ut
1142 894 1237 954 Grae-

95 986 225 1047 eiomnes
249 975 390 1057 populari
415 988 495 1035 statu
519 988 641 1035 utentes
668 974 829 1035 nobiscnm
857 973 1052 1057 belligerent,
1078 1000 1168 1056 quam
1192 992 1238 1052 ut,

94 1086 231 1153 pancorum
248 1061 377 1142 imperio
396 1060 542 1134 subiecti,
561 1072 696 1120 nostram
714 1059 875 1120 amicitiam
894 1063 1001 1121 colant
1037 1058 1114 1122 Cum
1133 1063 1237 1123 liberis

94 1154 267 1232 enimpaeem
285 1168 357 1220 vos,
383 1147 628 1229 quandocunque
646 1145 819 1219 volueritis,
845 1167 908 1204 non
927 1147 1092 1207 difficulter
1110 1169 1174 1209 esse
1190 1151 1236 1225 la·
1290 1140 1308 1199 -’

94 1253 177 1301 cturos
191 1233 325 1295 arbitror.
351 1231 394 1291 At
412 1254 480 1292 cum
498 1231 623 1304 iisdem,
642 1231 669 1291 si
685 1252 852 1311 paucorum
870 1245 1016 1313 regantur
1034 1234 1178 1308 arbitrio,
1197 1255 1236 1294 ne

49 1372 53 1381 .
94 1321 227 1387 amicitiam
242 1319 367 1399 quidem
386 1317 476 1377 fidam
494 1318 560 1377 lore
579 1330 662 1397 puto.
705 1317 799 1376 Nullo
824 1317 904 1377 enim
929 1320 1021 1378 modo
1040 1319 1106 1378 fieri
1124 1318 1263 1400 potest*

41 1408 44 1463 ὲ
96 1407 209 1491 ut-pauci
223 1404 341 1476 multis,
370 1416 461 1483 atque
479 1403 558 1463 avidi
576 1401 696 1483 imperii
714 1402 903 1481 aequalitatis
922 1405 1067 1464 studiosis
1086 1405 1164 1465 bene
1183 1426 1235 1466 ve-

96 1498 148 1557 lint
180 1485 267 1551 llisor
290 1501 407 1561 autem,
432 1484 569 1548 sinemo
588 1502 722 1549 vestrum
741 1488 907 1561 existimat,
936 1490 963 1549 si
982 1487 1051 1549 Chii
1068 1513 1234 1571 paucorum

41 1642 44 1665 ι
95 1588 216 1664 potestate
232 1588 386 1658 regantur,
406 1587 436 1633 et
451 1574 629 1657 Mitylenaei
646 1588 676 1634 et
692 1595 774 1633 nune
788 1570 903 1634 Rhodii
920 1588 1011 1655 atque
1029 1597 1144 1651 omnes,
1162 1600 1234 1659 pro-

41 1692 43 1715 ι
96 1660 266 1749 pedirorim„
287 1661 427 1721 homines
445 1659 527 1718 illius
545 1659 699 1720 servitutis
717 1659 824 1742 iugum
842 1661 987 1735 subeant,
1008 1676 1137 1727 vestram
1157 1686 1233 1745 quo-

41 1744 48 1793 '=
97 1772 140 1833 que
157 1746 364 1829 rempublicam
388 1746 421 1804 in
445 1745 547 1824 aliquo
572 1746 640 1804 fore
663 1745 817 1826 periculo:
845 1768 946 1826 neque
971 1748 1096 1830 cogitat,
1115 1744 1234 1830 'passim

41 1832 44 1898 ἰ
97 1832 245 1919 Oligarcbiis
269 1830 433 1904 institutis,
460 1852 524 1890 non
547 1824 636 1911 posse
660 1829 744 1905 fieri,
769 1843 806 1889 ut
828 1832 1131 1912 populidominatus
1154 1837 1234 1916 apud
1311 1856 1313 1862 ’

41 1900 47 2033 l
96 1920 332 1999 rosselinquatur.
376 1916 484 1977 Sciunt
502 1916 599 1990 enim,
629 1916 730 1975 nullos
754 1915 829 1975 alios
849 1917 914 1976 lore
933 1917 1080 1977 libertatis
1098 1919 1236 1981 vindices

41 2052 43 2057 ·
96 2020 119 2069 et
129 2017 283 2066 assertores.
317 2003 406 2062 Unde
424 2003 519 2085 igitur
536 2001 694 2061 imminere
712 2001 771 2060 sibi
789 2000 957 2081 periculum
975 2004 1162 2082 praevident,
1180 2026 1234 2066 eos
1305 2048 1309 2053 -

41 2074 45 2157 l
67 2092 75 2123 '
96 2090 198 2154 emedio
214 2090 348 2164 sublatos
365 2078 478 2148 volent.
496 2087 629 2146 Proinde
649 2086 769 2158 caeteri,
789 2087 842 2165 qui
859 2087 1170 2167 aliquibus‘iniuriam
1189 2093 1233 2151 sa-

41 2166 45 2193 '
95 2179 171 2249 dunt,
186 2196 293 2247 eornm,
307 2175 460 2254 ipsorum,
479 2172 533 2252 qui
550 2172 727 2246 laeduntur,
744 2170 849 2232 hostes
867 2173 993 2253 putandi
1012 2189 1097 2236 sunt:
1115 2198 1235 2239 rerum.-

82 2263 251 2345 ,publicarum
275 2273 378 2320 autem
404 2266 558 2318 euersores
575 2278 810 2338 ‚paucorumque
834 2258 990 2338 potentiae
1015 2262 1232 2324 constitutores
1260 2320 1266 2329 ,

50 2322 59 2363 ⁴
94 2368 240 2408 communes
262 2346 366 2405 hostes
391 2344 528 2404 omnium
553 2364 676 2417 eornm,
703 2343 813 2423 quibus
837 2343 960 2404 libertas
986 2347 1071 2406 cordi
1096 2359 1157 2421 est,
1183 2370 1231 2408 me

92 2433 190 2515 quidem
205 2443 345 2503 anctore,
368 2429 591 2489 iudlcabuntur.
633 2428 752 2489 Deinde
771 2450 901 2509 aequum
921 2430 1010 2491 etiam
1029 2443 1092 2506 est,
1114 2448 1150 2494 ut
1167 2428 1233 2507 vos',

41 2588 44 2599 Ι
92 2516 245 2599 quipopuli
266 2516 447 2591 auctoritate
471 2515 529 2596 ipsi
551 2515 618 2597 regi
641 2514 749 2589 vultis,
774 2514 817 2574 sie
841 2514 874 2574 in
892 2516 1081 2577 calamitosos
1099 2519 1242 2600 populos*

41 2624 43 2643 ¹
89 2603 191 2664 animati
212 2623 275 2663 esse
295 2599 477 2673 rideamini,
503 2613 539 2661 ut
562 2600 637 2660 alios
662 2600 694 2659 in
716 2621 771 2661 ros
796 2620 861 2660 esse
880 2601 1027 2662 animatos
1044 2603 1179 2678 velletis,
1205 2604 1232 2665 si

88 2688 192 2769 qnando
207 2684 303 2771 (quod¹
314 2687 366 2747 Dii
381 2683 579 2768 prohibeant)
596 2684 656 2745 tale
675 2685 829 2765 quippiam
847 2686 1011 2751 accidisset.
1028 2687 1106 2747 Nam
1123 2701 1232 2749 tamet-

41 2804 43 2813 ·
87 2774 112 2833 si
128 2772 180 2833 diei
195 2784 292 2852 queat,
317 2772 384 2835 iure
402 2772 444 2830 ita
463 2770 598 2853 agi'eum
617 2770 762 2830 Rhodiis:
797 2791 851 2829 vos
868 2783 970 2831 tamen
989 2772 1066 2830 ratio
1084 2774 1230 2855 temporis

65 2894 68 2901 ·
86 2858 160 2917 malis
176 2852 273 2917 eorum
289 2856 420 2940 gaudere
438 2877 503 2915 non
521 2855 600 2915 sinit.
644 2854 764 2930 Quibus
786 2854 1008 2917 enimfortuna
1025 2858 1157 2917 secunda
1176 2871 1231 2932 est,

87 2943 115 3003 bi
135 2942 301 3003 calamitosis
325 2954 476 3023 perpetuo
500 2939 668 3001 rectissime
694 2940 854 3001 consulere
881 2941 1009 3001 debent:
1046 2964 1114 3003 cum
1139 2964 1230 3004 nemo

86 3028 202 3089 omnium
217 3026 419 3101 mortalium,
433 3026 506 3107 qnid
524 3025 736 3099 sitiuturum,
764 3026 952 3106 exploratum
969 3026 1085 3087 habeat.
1128 3028 1232 3108 Atque

86 3135 136 3195 ego
146 3133 224 3193 saepe
237 3113 288 3174 hie
301 3115 381 3194 apud
395 3134 450 3174 vos
465 3123 737 3172 commemorantes
754 3113 901 3191 quosdam
914 3111 1021 3185 audio:
1039 3134 1107 3173 cum
1125 3126 1228 3174 nostra
1255 3116 1314 3174 126

84 3197 147 3258 urbs
161 3198 267 3258 cladem
286 3199 460 3279 accepisset,
479 3209 618 3257 auctores
636 3197 730 3256 fuisse
749 3198 896 3276 quosdam
916 3196 981 3257 eius
1000 3200 1229 3260 conservandae.
1253 3240 1257 3247 -

84 3283 212 3363 Equibus
230 3305 288 3366 ego
304 3275 489 3366 Argivorum
507 3284 652 3343 duntaxat
669 3282 701 3341 in
719 3282 889 3361 praesentia
905 3281 1027 3343 brevem
1042 3285 1230 3345 mentionem

83 3369 178 3429 iaciant.
216 3369 320 3429 Nolim
338 3382 440 3429 nutem
458 3389 530 3442 vos,
557 3389 688 3448 quorum
706 3366 855 3427 celebrata
874 3381 920 3428 est
937 3382 1083 3449 perpetua
1101 3370 1134 3429 in
1152 3370 1230 3431 affli-

41 3488 48 3499 ,
84 3466 141 3514 ctos
154 3453 364 3527 beneficentia,
390 3454 557 3514 deteriores
582 3453 636 3513 hac
660 3453 692 3512 in
715 3465 799 3533 parte
818 3451 938 3535 Argivis
957 3453 1060 3514 videri.
1090 3455 1229 3535 quicum

80 3538 110 3597 in
126 3540 420 3600 Lacedaemoniorum
438 3540 548 3599 vicinia
571 3538 742 3599 habitarent
764 3538 964 3618 viderentque
982 3538 1051 3601 illos
1069 3553 1149 3601 terra
1167 3564 1230 3601 ma·
1254 3566 1257 3571 ·

78 3623 154 3703 rique
169 3625 326 3700 dominari,
343 3645 407 3685 non
425 3624 603 3685 dubitarunt
619 3645 676 3684 nec
692 3623 783 3683 veriti
801 3636 881 3698 sunt,
900 3626 1062 3685 ostendere
1079 3647 1163 3687 suam
1182 3646 1229 3688 er:

76 3731 109 3791 ga
125 3730 171 3769 vos
186 3710 448 3772 benevolentiam:
477 3711 530 3770 sed
548 3722 581 3769 et
593 3710 721 3792 ¹legatos
739 3711 965 3770 Lacedaemone
991 3712 1145 3792 proiectos
1171 3735 1228 3794 po-

47 3850 59 3867 ,
74 3794 242 3870 stolaturos,
270 3809 307 3857 ut
322 3797 444 3868 serunt,
462 3796 498 3855 ad
516 3816 630 3876 poenas
650 3796 796 3875 quosdam
813 3808 983 3856 vestrorum
1002 3799 1154 3869 exsulum,
1175 3799 1227 3858 de-

72 3895 237 3955 creverunt,
255 3882 288 3941 ni
306 3894 376 3941 ante
395 3880 468 3942 solis
487 3901 627 3941 oceasum
643 3880 856 3954 recessissent,
873 3881 1008 3942 hostium
1025 3882 1099 3945 loco,
1112 3881 1228 3942 haben-

70 3966 127 4026 dos.
154 3965 269 4027 Annon
288 3966 382 4049 igitur
398 3978 487 4047 turpe
506 3966 616 4038 fuerit,
634 3965 854 4049 Athenienses,
872 3989 941 4027 cum
958 3967 1143 4049 Argivorum
1161 3968 1228 4028 vul-

66 4073 118 4135 gus
134 4073 196 4112 non
214 4051 360 4112 metuerit
372 4051 680 4114 Lacedaemoniorum
705 4051 866 4132 imperinm
884 4052 943 4113 illis
969 4052 1158 4132 temporibus
1176 4066 1229 4114 aut

63 4137 241 4219 potentiam:
266 4158 331 4212 vos,
350 4137 403 4216 qui
419 4136 622 4198 Athenienses
641 4137 717 4210 sitls,
733 4137 898 4198 Barbarum
916 4136 1082 4212 hominem,
1101 4159 1227 4218 eamque

62 4224 234 4297 mulierem,
259 4222 442 4284 formidare?
467 4223 643 4304 praesertim
661 4246 755 4303 quum
780 4222 825 4282 illi
849 4243 937 4303 saepe
963 4243 994 4281 se
1012 4223 1108 4283 victos
1123 4240 1228 4283 'essea

58 4308 307 4370 Lacedaemoniis
325 4308 437 4368 referre
457 4322 578 4389 queant,
595 4329 649 4368 vos
667 4329 756 4389 saepe
774 4306 906 4367 viceritis
924 4308 1040 4390 Regem
1057 4309 1228 4383 Persarum,

56 4394 126 4455 victi
145 4416 187 4455 ne
206 4392 304 4455 semel
321 4394 444 4473 quidem
462 4393 526 4457 sitis
544 4393 592 4455 vel
610 4415 626 4454 a
645 4393 738 4455 servis
754 4393 846 4474 Regis
864 4390 912 4461 yet
930 4391 968 4453 ab
986 4393 1040 4453 illo
1058 4394 1132 4475 ipso.
1149 4393 1227 4455 Nam
