2722 4754
136 140 197 257 aso
419 138 778 278 nnnosritunrs
799 150 1005 247 ssonsuio

133 349 189 415 es?
222 349 283 407 lam
301 366 337 404 ex
355 342 419 414 his,
446 361 523 419 quae
540 353 728 421 sequuntur,
754 341 923 401 evidentius
942 337 1139 418 intelligetis,
1168 332 1306 393 invisum

136 435 227 495 istum
253 450 318 490 esse
343 425 484 485 omnibus
509 446 572 491 non
592 439 718 506 propter
736 426 937 497 exactionem,
962 423 1016 499 sed
1041 434 1169 502 propter
1192 419 1306 479 laetam

135 515 263 597 singulis
282 511 494 587 contumeliam
513 523 544 570 et
562 510 835 579 debacchationem.
877 509 1002 592 Satyrus
1023 507 1128 578 enim',
1148 503 1306 575 navalium
1327 518 1330 523 '

136 611 274 668 curator,
302 616 366 655 non
382 608 499 675 septem
515 592 627 655 talenta
644 595 731 657 vobis
751 596 868 678 exegit,
895 594 949 653 sed
968 604 1099 672 quatuor
1116 590 1247 672 triginta
1262 586 1304 659 ¹ab

87 692 93 699 '
135 685 244 745 iisdem
261 680 321 739 illis
338 679 526 751 hominibus,
541 680 624 739 unde
637 691 825 760 ⁴armamenta
843 676 1047 758 suppeditavit
1064 675 1204 747 navibus,
1223 691 1305 751 quae

129 766 290 848 'ablegatac
313 777 400 825 suut:
432 787 492 845 qua
516 764 553 823 de
578 785 666 823 causa
689 784 746 822 nec
770 763 821 823 ille
845 762 904 822 sihi
930 782 1112 840 quemquam
1134 758 1211 819 dicit
1235 777 1304 817 esse

73 854 80 861 ’
134 851 310 924 inimicum,
327 869 427 929 neque
447 870 569 921 eorum,
592 847 736 927 aquibus
756 846 856 927 exegit
872 844 940 919 ille,
959 846 1117 924 quisquam
1138 844 1167 903 ei
1184 842 1304 903 bellum

134 935 250 997 indixit
284 933 434 996 Nimirum
452 934 497 1006 is,
521 932 604 1012 quod
622 933 796 991 mandatum
812 933 928 1003 suerat,
954 929 1033 1011 egit:
1061 942 1096 989 tu
1113 948 1206 1002 vero,
1225 939 1305 987 tuae

134 1019 318 1104 petulantiae
344 1032 376 1078 et
401 1017 542 1078 audaciae
567 1016 688 1089 licentia
713 1029 815 1096 parta,
846 1015 985 1075 hbmines
1016 1012 1166 1073 sumtibus
1195 1011 1303 1092 reipu-

134 1106 231 1168 blicae
249 1103 367 1165 collatis
384 1101 546 1163 exhaustos
571 1114 602 1160 et
624 1114 655 1162 te
679 1101 820 1165 meliores
845 1113 876 1159 et
893 1098 1069 1158 melioribus
1088 1111 1173 1158 ortos
1192 1095 1305 1163 natali:
1343 1150 1347 1157 .

26 1180 29 1185 ¹
46 1172 49 1187 Ι
134 1191 191 1252 bu's
208 1189 290 1249 falsis
308 1200 340 1248 et
354 1175 509 1248 atrocibus
526 1184 646 1266 probris
657 1185 815 1246 'incessere
833 1184 964 1245 voluisti.
987 1180 1121 1243 Credent
1138 1181 1235 1265 igitur
1252 1181 1301 1241 iu-

68 1346 73 1353 ·
134 1276 235 1347 dices,
254 1286 285 1335 te
302 1272 351 1333 sui
366 1273 470 1333 studio
487 1270 603 1331 iecisse*
612 1271 685 1343 ista,
711 1284 742 1331 et
757 1283 827 1331 tuae
845 1268 1052 1349 impudentiae
1071 1280 1101 1327 et
1118 1264 1301 1348 improbita-

134 1360 173 1420 tis
189 1357 323 1419 facinora
340 1357 372 1416 iu
391 1355 575 1437 semetipsos
588 1354 859 1416 transmovebunt?
897 1355 962 1425 lmo
986 1353 1112 1433 aequius
1127 1366 1159 1423 te
1177 1351 1305 1413 oderint
1349 1378 1354 1383 ·

133 1456 303 1527 propterea,
321 1464 411 1522 qnam
429 1441 741 1516 conservabunt.Qui
755 1440 836 1500 enim
853 1437 967 1517 aliquid
986 1439 1053 1520 agit
1060 1459 1117 1519 pro
1132 1435 1304 1517 republica,

132 1526 317 1609 reipublicae
335 1547 435 1587 mores
454 1525 565 1586 imitari
581 1523 687 1605 debet:
706 1527 790 1605 quod
808 1525 860 1605 qui
878 1522 1003 1596 faciunt,
1022 1543 1073 1583 eos
1091 1521 1184 1595 tueri,
1200 1518 1303 1581 Athe-

127 1614 270 1685 nienses,
293 1611 380 1671 istius
398 1616 499 1672 aute'm
518 1609 630 1670 similes
651 1610 806 1689 quisunt,
830 1609 930 1669 odisse
949 1606 1074 1677 debetis.
1098 1607 1198 1671 ¹lllud
1216 1605 1303 1666 enim

133 1693 299 1758 scientibus
316 1695 443 1754 sortasse
462 1693 564 1767 vobis,
587 1695 641 1753 sed
658 1707 760 1754 tamen
778 1694 888 1754 dicam:
915 1691 1266 1772 Qualescuuque'arnari
1283 1711 1303 1749 a

51 1824 53 1835 .
119 1779 219 1841 >vobis
244 1792 275 1841 et
298 1779 421 1840 defendi
444 1778 610 1851 constabit,
634 1778 671 1836 iis
695 1777 808 1838 similes
833 1799 898 1838 esse
921 1799 975 1839 vos
1000 1777 1158 1858 putabunt.
1191 1776 1304 1854 Atque

132 1866 209 1926 adeo
234 1884 309 1924 eum.
328 1883 379 1923 aes
402 1862 533 1923 alienum
551 1883 590 1922 ne
609 1862 732 1941 quidem
748 1863 901 1944 redegisse
919 1883 974 1944 pro
994 1863 1098 1935 vobis,
1121 1861 1153 1921 id
1172 1879 1303 1941 quoque

91 2012 97 2019 ,
132 1948 232 2013 statim
250 1948 416 2008 ostendam.
441 1946 474 2005 Si
493 1947 560 2026 quis
580 1947 660 2008 enim
678 1968 748 2007 eum
765 1960 872 2029 roget,
888 1947 950 2007 utri
968 1946 997 2005 ei
1015 1947 1210 2021 nocentiores
1231 1963 1303 2021 esse
1339 2008 1351 2015 ,

132 2032 246 2109 civitati
263 2031 440 2105 videantur,
472 2031 661 2113 agricolaeue
680 2044 711 2091 et
728 2032 829 2113 parci,
862 2032 916 2111 qui
933 2044 1058 2112 propter
1074 2031 1198 2093 alendos
1219 2029 1304 2107 libe-

131 2139 202 2191 ros,
220 2130 251 2177 et
268 2114 450 2177 domesticos
469 2129 605 2190 sumtus,
631 2129 662 2175 et
679 2115 735 2175 alia
753 2136 878 2178 munera
896 2116 997 2187 obita,
1020 2112 1134 2175 tributa
1152 2110 1301 2175 deserue-

132 2192 221 2274 runt,
246 2223 284 2260 an
308 2199 467 2280 quiultro
492 2201 630 2261 collatam
648 2201 807 2280 pecuniam
825 2223 893 2261 cum
912 2200 949 2260 ab
968 2199 1050 2273 aliis,
1075 2212 1142 2259 tum
1165 2198 1302 2259 azsociis

66 2350 69 2355 f
115 2284 270 2347 iurantur
288 2297 318 2344 et
334 2285 482 2365 perdunt:
506 2305 571 2345 non
589 2305 626 2346 eo
645 2284 788 2344 nimirum
796 2327 813 2360 „
825 2284 959 2365 quamvis
977 2283 1111 2345 frontem
1129 2280 1302 2364 perfricue-

131 2369 186 2442 rit,
204 2368 409 2450 impudentiae
426 2368 544 2442 veniet,
561 2382 597 2428 ut
614 2369 707 2443 dicat,
727 2390 795 2442 eos,
814 2370 867 2448 qui
885 2391 938 2429 sua
956 2360 1019 2430 non
1038 2369 1212 2445 conferunt,
1231 2385 1302 2427 esse

60 2474 64 2481 ¹
131 2453 336 2514 nocentiores*
345 2453 400 2526 iis,
418 2453 471 2532 qui
488 2455 636 2521 aerarium
654 2453 892 2534 depeculantur?
916 2454 987 2528 ¹Qua
1004 2453 1098 2535 igitur
1114 2453 1240 2513 tandem
1260 2451 1301 2510 de

111 2559 236 2612 ·causa,
265 2536 447 2610 osceleste,
476 2538 662 2619 cumplures
680 2538 844 2598 sintannis
862 2538 1004 2620 triginta,
1033 2558 1069 2597 ex
1087 2559 1148 2619 quo
1166 2536 1301 2613 versaris

94 2680 98 2685 .
130 2621 163 2682 in
179 2620 350 2703 republica,
376 2642 444 2681 cum
468 2619 630 2682 interiecto
652 2635 789 2702 tempore
813 2623 901 2682 multi
919 2635 949 2681 et
964 2623 1058 2697 duces
1076 2620 1299 2701 rempublicam

41 2740 47 2747 -
129 2706 273 2783 laeserint
291 2717 321 2764 et
338 2717 491 2779 oratores,
503 2706 563 2785 qui
580 2708 659 2786 apud
677 2728 734 2766 nos
753 2728 872 2766 causam
889 2707 1097 2779 dixerunt,'et
1113 2706 1225 2787 partim
1241 2725 1301 2765 sua

46 2800 107 2858 390
129 2790 243 2851 seelera
259 2783 357 2849 mor‘te
374 2788 503 2864 luerint,
522 2789 573 2849 a‘lii
591 2804 708 2872 arrepta
723 2790 795 2873 luga
813 2791 844 2850 iu
863 2791 1001 2852 exsilium
1018 2790 1165 2864 abierint,
1196 2789 1299 2849 nerni-

128 2896 200 2937 nem
222 2895 355 2953 uuquam
380 2874 536 2947 accusasti,
561 2895 618 2935 nec
636 2896 706 2955 prae
729 2888 760 2935 te
784 2875 1025 2957 indignationem
1049 2874 1146 2936 tulisti
1168 2887 1300 2955 propter
1344 2948 1350 2959 Ι

128 2960 220 3021 lactas
239 2955 421 3037 reipublicae
444 2958 587 3033 iniurias,
612 2959 643 3019 in
666 2971 749 3020 tanta
764 2960 956 3020 confidentia
981 2972 1034 3021 tua
1059 2973 1089 3021 et
1107 2958 1299 3039 eloquentia,

129 3040 183 3123 sed
200 3040 243 3102 ihi
260 3042 387 3103 demum
399 3055 430 3102 te
448 3054 617 3103 curatorem
636 3064 673 3103 es¹
685 3045 856 3124 professus,
886 3045 941 3104 ubi
960 3043 1047 3119 multi
1066 3043 1209 3104 laedendi
1225 3040 1297 3105 sue-

90 3144 92 3149 '
128 3126 221 3189 runt?
251 3126 368 3201 Vultis,
393 3125 616 3203 Athenienses,
643 3127 706 3188 eius
724 3129 771 3188 rei
788 3151 805 3189 a
822 3149 870 3190 me
888 3151 1007 3189 eausam
1024 3128 1111 3189 vobis
1130 3127 1297 3209 explicari?

35 3209 40 3217 ’
129 3211 210 3293 Quia
228 3224 260 3270 et
279 3210 356 3280 socii
378 3220 450 3271 sunt
473 3210 664 3286 iniuriarum,
691 3235 764 3293 quas
788 3213 875 3274 vobis
900 3214 1023 3293 quidam
1047 3213 1180 3287 faciunt,
1205 3225 1236 3272 et
1253 3208 1298 3291 de'

47 3318 51 3331 ·
129 3286 335 3357 exactionibus
359 3294 562 3375 sullurantur,
592 3309 639 3372 et,
667 3309 702 3357 ut
727 3297 904 3359 insatiabilis
931 3312 976 3359 est
1002 3320 1108 3371 eorum
1132 3296 1295 3379 cupiditas,

127 3378 263 3441 bilariam
280 3378 435 3469 republica
454 3380 609 3443 fruuntur.
651 3379 760 3461 Neque
778 3376 859 3442 enim
876 3383 971 3444 tutius
991 3397 1053 3457 est,
1077 3383 1295 3453 multorumet

127 3464 236 3526 leviter
252 3464 495 3545 delinquentium
513 3464 666 3548 suscipere
683 3465 865 3540 inimicitias,
884 3466 973 3549 quam
989 3489 1155 3553 paucorum
1174 3479 1205 3527 et
1222 3488 1294 3549 gra-

127 3548 218 3611 viter:
246 3568 346 3630 neque
363 3569 436 3625 vero
454 3550 645 3632 popularius,
670 3546 873 3631 multitudinis
898 3553 1133 3613 animadvertere
1158 3564 1294 3633 peccata,

77 3702 80 3708 ,
127 3655 216 3715 quam
233 3655 407 3714 pancorum.
431 3632 496 3707 ,sed
513 3636 572 3695 hoc
589 3635 622 3709 in
640 3657 728 3696 causa
747 3650 809 3711 est,
829 3638 912 3717 quod
931 3658 989 3721 ego
1008 3637 1093 3697 dico:
1111 3637 1156 3697 Ex
1172 3635 1293 3697 facino-

125 3710 203 3781 rosis
221 3717 280 3779 illis
298 3739 330 3779 se
347 3742 444 3780 unum
462 3741 528 3781 esse
546 3720 648 3794 novit,
665 3735 838 3788 vosautem
857 3722 946 3782 nihili
963 3720 1051 3782 fecit:
1076 3743 1176 3801 eoque
1196 3722 1233 3803 ad
1251 3720 1291 3780 il-

123 3803 186 3865 lum
204 3803 329 3863 modum
346 3823 400 3863 vos
417 3805 562 3865 tractavit
579 3805 655 3865 Nam
671 3807 697 3866 si
710 3807 929 3888 mancipiorum
946 3806 1054 3868 urbem
1072 3826 1139 3867 esse
1147 3806 1242 3881 ham,
1260 3818 1294 3866 et

123 3909 188 3951 non
206 3906 327 3962 eorum,
363 3887 416 3968 qui
433 3888 562 3951 aliorum
584 3890 712 3972 imperio
732 3892 816 3975 digni
834 3893 999 3967 habentur,
1035 3913 1101 3953 esse
1120 3884 1291 3953 constaret:
1348 3924 1352 3931 ·

123 3994 187 4033 non
203 3972 360 4033 toleranda
378 3972 485 4035 luisset
502 3972 605 4049 istius,
624 3968 732 4057 quain
750 3966 819 4038 foi-o
837 3978 996 4051 utebatur,
1014 3976 1197 4038 insolentia:
1221 3998 1294 4037 cum

125 4055 214 4117 simul
233 4070 264 4117 et
281 4056 448 4137 inquilinos
466 4072 496 4120 et
516 4057 716 4122 Athenienses
735 4062 879 4136 vinciret,
907 4062 1059 4143 abriperet
1075 4062 1108 4122 in
1127 4048 1293 4140 carcerem,

123 4139 340 4225 vociferaretur
356 4143 389 4214 in
407 4143 625 4219 concionibus,
657 4168 714 4226 pro
732 4170 767 4207 su
789 4159 877 4229 gesto
895 4168 998 4209 servos
1015 4147 1110 4209 servis
1128 4160 1310 4229 natosap2

122 4225 274 4307 pellitaret
290 4247 323 4287 se
341 4227 481 4289 meliores
501 4241 532 4289 et
548 4243 632 4290 ortos
650 4169 845 4311 melioribus,
871 4234 1097 4314 percontando,
1121 4233 1294 4297 an·lrustra

15 4391 20 4396 .
121 4332 223 4393 carcer
240 4324 321 4373 esset
336 4311 532 4376 aedificatus?
548 4313 699 4396 Equidem
718 4314 755 4379 id.
766 4318 847 4378 haud
864 4318 1049 4403 negaverim,
1064 4319 1220 4403 siquidem
1237 4340 1300 4401 pte-¹
