2722 4754
998 40 1000 42 ’
1026 43 1070 117 lI

44 109 64 139 ²
121 156 207 253 ιιι
265 115 268 128 “
327 171 336 244 J
415 112 791 230 ιιιιιιοιιιιιιιιε
808 92 1030 220 enarro

67 319 200 408 quo·
208 306 441 391 Theophemum
457 305 675 368 verherationis
692 309 909 385 accusabam,
907 320 942 370 et
955 297 1000 367 in
1005 305 1204 387 inquisitione
1215 305 1288 366 falsi

15 413 26 424 “
130 393 306 453 testimonii.
340 396 454 451 Verum
480 391 545 467 isti,
571 392 617 452 bis
645 394 785 459 omnibus
809 380 992 474 repudiatis,
1019 413 1108 471 quant
1133 389 1305 451 mulierem

37 475 41 513 '¹
68 474 71 479 ¹
133 493 206 549 esse
215 477 354 538 traditam
372 468 572 552 affirmarunt,
597 494 661 537 earn
684 499 718 537 re
741 479 805 576 ipsa
828 478 903 537 mihi
921 497 1089 556 nunquam
1086 475 1289 535 tradiderunt

110 635 112 639 ,
132 560 210 622 Satis
230 562 310 620 enim
327 559 486 633 videbant,
513 561 580 621 sore
597 562 737 660 palam,
740 562 767 621 si
784 583 819 621 ea
834 574 1049 641 torqueretur,
1076 581 1118 620 se
1128 578 1290 642 nonanto
1322 599 1323 604 κ

22 706 41 723 ,-
132 642 257 712 affectos
280 665 386 744 esse,
386 646 440 704 sed
464 665 513 706 me
535 646 704 706 affecisse
695 644 821 706 ruiuriis
856 647 950 721 Quae
965 658 1002 706 ιιι
1023 667 1040 704 ι
1064 665 1113 703 me
1138 663 1209 706 vere
1234 644 1304 705 dici.

47 752 50 759 ⁴
134 720 269 846 constet,
285 729 460 792 testimonia
477 729 564 791 vobis
580 726 796 791 recitabuntur
1001 741 1005 744 ⁴

531 849 985 952 rnsrruou1A.<'

138 984 140 986 ’
210 938 323 1052 Mihi
304 981 416 1080 agitur,
434 999 522 1061 saepe
540 979 717 1062 provocanti
736 995 766 1041 et
782 958 949 1063 postulanti
967 981 1143 1054 mulierem,
1161 980 1292 1040 deditam
1355 1054 1357 1059 Ι

75 1061 79 1065 ’
136 1087 201 1128 esse
219 1088 235 1125 a
253 1066 386 1140 nemine,
404 1086 420 1124 e
437 1065 565 1126 testibus
584 1066 745 1126 audivistis.
779 1066 868 1126 Nunc
886 1067 976 1126 etiam
995 1067 1079 1149 signa
1097 1065 1292 1147 proferam,e
1298 1066 1303 1071 ⁵

136 1151 247 1232 quibus
265 1149 472 1230 cognoscetis,
490 1150 564 1210 istds
581 1142 673 1209 salsa
673 1170 738 1222 esse
753 1151 939 1245 testificatqs.
968 1150 1088 1211 Nam
1063 1173 1090 1210 ιι
1106 1170 1177 1210 vcra
1197 1162 1295 1209 essent

136 1256 182 1310 ca,
199 1255 275 1314 qnae
293 1233 549 1321 Theophemum
540 1234 591 1296 rsti
609 1234 754 1295 obtulisse
773 1226 914 1310 dicunt,
906 1248 938 1296 et
954 1255 1075 1316 corpus
1082 1234 1228 1295 mulieris
1237 1247 1294 1295 tra-

40 1385 42 1391 ,
136 1319 265 1381 didisse.
288 1338 353 1378 non
377 1319 453 1380 duos
477 1318 570 1379 modo
591 1331 686 1379 testes
710 1320 848 1394 lecisset,
875 1321 995 1380 affinem
1021 1334 1052 1381 et
1074 1319 1227 1391 fratrem,
1244 1318 1293 1397 qui

52 1409 56 1417 '
100 1403 103 1413 '
135 1424 205 1464 vera
223 1407 422 1483 testarentur,
449 1405 503 1464 sed
527 1416 558 1463 et
580 1402 655 1463 alios
673 1406 803 1487 multos
834 1394 1003 1464 Arbitrium
1023 1404 1155 1465 enimin
1174 1402 1294 1475 Heliaea

56 1535 70 1543 „
136 1487 248 1548 lactum
267 1500 330 1546 est.
346 1492 414 1546 nain
433 1511 486 1568 an
476 1487 638 1549 Oeneiae
657 1501 688 1548 et
703 1452 903 1559 Ereclitheiae
920 1489 1016 1579 tribui
1034 1490 1236 1559 arbitrantur,
1253 1487 1293 1546 ibi
1344 1521 1349 1534 x

41 1644 45 1650 ⁸
136 1566 270 1640 sedent
285 1573 320 1630 ln
344 1572 454 1640 talibus
478 1582 587 1632 autem
603 1574 890 1673 provocationibus,
915 1596 983 1634 cum
1008 1573 1116 1653 aliquis
1142 1571 1291 1631 hominem

71 1682 76 1688 ·
137 1656 300 1727 adductum
324 1657 431 1731 tradit,
456 1656 549 1716 multi
568 1657 808 1732 circumsistunt,
833 1658 1051 1732 auscultantes,
1077 1656 1152 1737 quid
1175 1657 1290 1716 dicatur.
1352 1677 1353 1681 ¹

138 1742 241 1826 Quare
259 1753 354 1800 testes
371 1741 414 1801 eis
432 1762 496 1801 non
514 1741 696 1817 defuissent,
729 1744 767 1803 si
778 1743 987 1805 testimonium
1013 1764 1049 1814 en
1064 1743 1127 1801 ulla
1145 1753 1228 1821 parte
1245 1761 1293 1799 ve·-

39 1847 47 1858 ·’
106 1847 205 1909 ιιιιιιι
224 1837 311 1884 esset.
344 1828 380 1885 ιιι
398 1827 505 1886 eodem
522 1846 633 1906 porro,
651 1827 784 1902 ludices,
801 1828 978 1889 testimonio
997 1829 1157 1899 dixerunt,
1174 1844 1224 1884 me
1242 1824 1295 1896 dii-
1316 1833 1320 1838 '

123 1909 218 1972 terre
235 1909 388 1970 noluisse:
415 1905 651 1991 Theophemnm
663 1924 762 1972 autem
781 1912 838 1972 id
830 1913 969 1986 iussisse,
994 1925 1031 1972 ιιι
1047 1910 1124 1976 mibi
1141 1908 1296 1970 mulierem

88 2017 90 2021 ’
139 1996 286 2056 traderet
313 1995 380 2077 Ego
397 2016 487 2069 vero,
504 1996 535 2055 id
546 2016 617 2058 non
635 2016 700 2056 esse
718 2004 840 2071 verum,
857 2019 921 2058 vos
918 1997 1055 2060 ·.doeebo
1089 1995 1123 2055 Si
1142 1993 1223 2054 enim
1242 2013 1296 2074 ego

65 2083 71 2090 ”
139 2078 171 2138 id
189 2101 205 2138 a
222 2079 424 2159 Theophenro
439 2081 653 2161 postulassem,
681 2082 792 2160 quod
782 2082 832 2141 isti
851 2102 879 2141 er
870 2080 1050 2142 testificati
1067 2091 1156 2154 sunt,
1171 2091 1297 2159 petens,

89 2182 92 2187 ·
139 2173 176 2223 ut
193 2163 351 2222 mulierem
369 2164 443 2222 mihi
460 2165 606 2224 traderet:
624 2165 691 2225 inre
708 2167 833 2226 adeum
842 2165 925 2225 -mihi
943 2166 1067 2225 modum
1083 2163 1300 2245 respondisset,

27 2253 31 2259 '
87 2272 92 2277 ·
141 2246 265 2308 dillerre
281 2247 390 2307 iubens
407 2245 565 2321 arbitrium
581 2250 729 2329 usquein
747 2251 874 2310 alterum
892 2263 1091 2322 conventum,
1116 2249 1300 2309 utadduce-

31 2359 34 2370 ,
93 2356 104 2362 -
139 2344 189 2392 ret
206 2330 363 2390 mulierem
381 2333 516 2411 mihique
528 2333 672 2395 traderet
706 2334 795 2394 Nunc
812 2347 938 2434 testatus
958 2355 1007 2408 es,
1030 2333 1243 2413 Theopheme,
1268 2343 1299 2389 te
1326 2384 1333 2391 .

64 2428 70 2490 ’,
140 2417 260 2476 tradere
277 2414 410 2476 voluisse
428 2416 606 2490 mulierem,
623 2438 672 2476 me
689 2439 761 2478 vero
781 2440 844 2478 eam
858 2416 996 2499 recipere
1014 2417 1155 2477 noluisse.
1185 2415 1249 2489 Qui
1265 2415 1320 2474 fit*

96 2528 99 2535 ⁴
139 2496 255 2583 igitur,
271 2513 306 2561 ιιι
323 2514 375 2574 tn,
392 2500 518 2561 ancillae
536 2459 695 2574 doniinus,
714 2502 767 2581 qni
785 2523 848 2562 eam
868 2504 1077 2563 conditionem
1094 2500 1169 2560 mihi
1186 2500 1300 2559 laturus

100 2605 226 2659 ¹eras,
257 2605 346 2665 qnam
364 2584 415 2644 isti
431 2585 489 2646 tibi
506 2585 658 2646 testificati
675 2598 764 2658 sunt,
786 2609 861 2646 cum
874 2589 917 2648 ad
935 2587 1092 2655 mulierem
1112 2585 1301 2679 confugeres,
1336 2584 1339 2588 ’

143 2681 192 2742 et,
223 2690 272 2728 rne
289 2669 354 2728 de
345 2691 412 2732 rure
425 2683 666 2752 provocaturus,
694 2670 811 2730 nullum
828 2653 920 2731 aliuin
937 2682 1049 2733 testem
1065 2670 1212 2741 haberes,
1242 2688 1314 2747 qno

143 2753 298 2834 probares,
315 2765 348 2814 te
364 2775 441 2813 arne
455 2775 525 2814 esse
543 2754 761 2827 verberatum,
761 2776 815 2834 per
832 2754 972 2824 iniuriam
985 2755 1041 2814 tibi
1053 2775 1160 2814 manus
1171 2752 1300 2812 --aileren

16 2808 135 2896 223
137 2850 191 2920 te,
215 2837 342 2897 muliere
366 2839 495 2899 adducta
518 2840 556 2899 ad
578 2839 723 2898 arbitrum
748 2859 812 2898 non
836 2840 953 2899 veneris
979 2854 1010 2899 et
1025 2859 1143 2919 corpus
1169 2836 1300 2898 mulieris

129 2921 309 3004 ,praesentis
333 2921 508 3000 tradideris,
535 2922 588 3002 qui
611 2923 735 3002 quidem
758 2923 899 2983 dominus
924 2923 988 2983 eius
1012 2923 1115 2984 esses?
1148 2920 1299 2981 Obtulisse

77 3024 81 3036 ¹
138 3005 316 3106 'quidemtc
335 3006 791 3079 dicis,mulierem1veronerno
809 3008 897 3070 vidit.
917 3027 1061 3088 eaquere
1080 3006 1199 3067 iudices
1218 3007 1322 3065 dece-1

166 3090 235 3163 isti,
263 3088 355 3150 falsos
373 3103 465 3151 testes
483 3091 698 3175 producendo,
727 3093 780 3170 qui
799 3093 951 3181 dicerent,
979 3098 1010 3152 t'e
1030 3114 1094 3152 eam
1113 3091 1232 3150 tradere
1249 3110 1299 3148 vo-

144 3113 246 3234 luisse.
287 3166 487 3253 Posteaquam
512 3186 613 3234 autern
636 3176 694 3236 tibi
716 3176 826 3236 mulier
848 3190 918 3259 turn
932 3197 1005 3236 non
1012 3189 1133 3258 praesto
1146 3172 1226 3247 suit,
1252 3175 1301 3233 sed

41 3323 44 3326 ⁴
105 3310 109 3329 ,
144 3258 245 3343 prius
248 3256 348 3317 echini
366 3258 528 3341 obsignati
533 3259 674 3331 suerunt,
708 3273 792 3346 estne
812 3283 872 3340 quo
890 3237 972 3320 illarn
990 3262 1065 3322 vel'
1056 3283 1087 3320 ιιι
1106 3261 1224 3332 iorum,
1258 3256 1301 3318 vel

17 3340 18 3343 '
60 3359 66 3362 ”
106 3352 108 3357 ’
144 3334 292 3421 iudicium
309 3365 436 3422 usquam
454 3336 654 3424 perduxeris?
664 3344 697 3402 Si
715 3341 795 3404 enim
814 3365 849 3405 ea
864 3358 933 3409 tum
948 3366 1012 3404 non
1029 3345 1139 3405 adsuit:
1156 3355 1225 3424 post
1241 3342 1301 3402 uti-

88 3420 97 3428 *
147 3447 207 3506 que
230 3426 376 3503 tradepda
399 3427 473 3501 fuit,
498 3440 529 3487 et
551 3439 643 3487 testes
666 3429 810 3501 faciendi,
834 3442 866 3493 te
892 3430 1024 3489 voluisse
1048 3452 1112 3490 rem
1138 3449 1155 3488 e
1178 3427 1303 3486 muliere

82 3501 98 3535 Ἰ
147 3523 231 3571 certo
250 3511 412 3594 cognosci,
438 3513 691 3608 quemadmodum
707 3536 902 3594 provocares,
926 3536 995 3573 cum-
1012 3527 1042 3574 et
1059 3512 1303 3595 provocationem

34 3602 38 3606 ’
124 3590 286 3660 ,ιιιίιιιιίε
306 3610 337 3657 et
353 3596 580 3669 testimonium,
615 3617 676 3684 quo
702 3597 930 3672 continebatur,
964 3611 998 3657 te
1011 3601 1130 3658 tradere
1148 3596 1303 3656 mullerem
1352 3632 1354 3636 >

67 3680 69 3682 ’
133 3679 288 3756 ,uoluisse
313 3683 399 3755 lam,
409 3702 527 3742 cansam
530 3691 683 3754 acturus,
700 3704 868 3761 usquamne
885 3682 1042 3741 mulierem
1059 3678 1283 3755 introduxisti
1276 3700 1303 3737 ιιι

46 3813 50 3817 .
147 3765 353 3844 praetorium?
370 3765 467 3846 Atqui
485 3763 644 3864 oportebat
662 3786 748 3841 eum,
767 3767 792 3825 si
809 3788 878 3825 vera
897 3777 1014 3838 essent,
1032 3781 1199 3845 quaecum
1218 3764 1305 3825 obtu-
1339 3807 1341 3812 ,

147 3848 218 3910 lisse
237 3850 385 3922 dieunt,
375 3872 408 3909 ιιι
426 3849 586 3911 sortitione
603 3848 802 3923 iudiciorum,
818 3850 946 3911 adducta
963 3850 1089 3920 muliere
1108 3849 1304 3947 adhibitoque

147 3949 314 4012 praecone,
339 3934 445 3995 iubere
463 3953 526 4007 me,
551 3933 576 3992 si
594 3935 802 4012 quaestionem
819 3934 930 3996 habere
944 3936 985 3995 dc
1005 3956 1039 3996 ea
1055 3935 1186 4007 vellem,
1213 3947 1245 3993 et
1261 3933 1305 3990 iu

51 4090 56 4095 ,
124 4015 231 4117 ,dices
250 4018 456 4101 ingredientes
475 4029 569 4078 testes
586 4016 703 4117 sace-re,
730 4040 762 4078 se
781 4039 845 4079 eam
863 4019 940 4080 velle
958 4021 1085 4080 tradere.
1127 4017 1230 4079 Nunc
1238 4017 1339 4076 luco.

101 4102 247 4173 xy'cverbis
270 4102 368 4176 iacto,
382 4103 475 4164 falsis
500 4100 681 4163 testimoniis
705 4103 879 4184 productis,
907 4125 946 4164 ne
968 4127 1050 4164 nunc
1067 4102 1195 4184 quidem
1219 4102 1306 4162 audet

103 4197 107 4201 ·
149 4180 265 4246 tradere
264 4187 457 4261 mulierem,
480 4205 698 4266 saepenumero
716 4209 733 4248 a
751 4209 805 4247 mc
816 4200 997 4268 provocatus
1015 4201 1045 4248 et
1061 4187 1251 4268 postulatus:
1272 4196 1306 4244 nt

149 4266 235 4367 vobis
251 4281 354 4346 testes,
372 4295 425 4353 qur
415 4270 616 4344 interfuere,
632 4269 789 4338 dixerunt.
802 4273 906 4334 Recita
920 4272 994 4363 mihi
1009 4274 1112 4335 denuo
1126 4268 1305 4347 testimonia.
