2722 4754
148 217 209 282 aaa
245 292 247 297 y
308 168 314 172 ⁸
547 205 937 268 onnos'runuis
987 192 1018 260 .’

147 364 309 426 utilissima
325 358 462 435 dicendi,
482 373 629 442 quantum
647 359 684 419 iu¹
698 383 735 421 eo
753 360 907 443 laborant,
924 372 959 419 ut
976 359 1057 420 belle
1078 360 1181 420 dicere
1195 359 1307 420 videan-

149 466 214 523 tur,
246 460 282 507 ut
299 460 335 506 et·
347 447 405 527 ipsi
424 445 499 506 boni
517 444 574 504 viri
590 446 711 526 potius,
743 467 831 524 quam
852 444 1029 524 eloquentes
1048 444 1252 515 haberentur,
1282 459 1307 503 et

148 557 197 595 res
222 545 354 604 vestrae,
381 531 636 610 quemadmodum
655 528 962 601 convenit,'meliore
986 531 1057 588 loco
1084 541 1194 588 essent
1228 529 1307 588 Nunc

149 618 272 699 quidam
291 615 365 674 mihi
382 636 507 695 prorsus
524 615 668 675 videntur
685 613 879 694 eloquentiae
897 614 984 673 laude
1003 613 1154 685 contenti,
1172 613 1243 692 quid
1258 633 1307 692 po-

41 707 52 718 *
148 717 212 764 stea
229 702 316 762 vobis
336 700 515 760 eventurum
533 700 590 773 sit,
608 699 684 763 nihil
704 720 815 758 curare.
844 696 889 756 Ac
907 712 1038 759 statuere
1058 717 1198 776 nequeo,
1216 708 1310 756 utrum

148 789 230 847 illins
248 785 368 869 generis
389 784 542 844 orationes
566 784 666 864 ipsum
686 785 836 844 dicentem
861 783 986 862 perinde
1011 783 1117 842 fallere
1137 781 1254 841 soleant
1270 795 1306 841 at-

149 893 208 954 que
227 872 307 944 illos,
324 870 404 950 apud
423 890 500 949 quos
518 869 682 931 habentur:
702 892 740 929 au
760 889 830 928 vero
850 869 887 927 de
906 868 1053 927 ihdustria
1073 868 1121 939 iis,
1142 858 1218 946 quae
1237 866 1306 945 opti·

53 1033 55 1036 Α
129 977 196 1017 «ma
214 969 349 1028 censent,
360 953 526 1026 ‘contraria'
537 953 638 1031 dicant
656 952 688 1013 in
701 951 914 1032 concionibus.
943 951 1005 1026 Qui
1022 952 1048 1012 si
1066 953 1220 1034 ignorant,
1239 970 1308 1026 eum,

74 1050 80 1059 '
148 1041 202 1123 qui
220 1039 323 1100 officio
341 1038 430 1124 fungi
455 1060 488 1098 ac
507 1040 617 1118 operae
640 1038 772 1119 pretium
794 1037 893 1096 lacere
911 1036 999 1109 velit,
1024 1058 1089 1095 non
1108 1035 1209 1095 verbis
1228 1037 1313 1099 auda«

110 1161 112 1164 ·
144 1136 225 1199 cem,
242 1126 296 1185 sed
314 1121 513 1205 ab'apparatu
530 1123 651 1183 firmum
670 1144 735 1183 esse
753 1125 906 1203 oportere,
923 1138 1023 1200 neque
1039 1134 1169 1202 propter
1184 1121 1306 1181 hostium

148 1204 385 1277 imbecillitatem
405 1209 638 1282 confidendum,
657 1202 859 1282 sed,''um'etsi
877 1206 923 1266 illi
940 1206 1084 1287 potentes
1103 1202 1217 1277 essent,
1234 1202 1305 1285 spen

101 1297 104 1301 ’
142 1295 291 1356 ‘victoriae
317 1293 503 1354 hahendam:
525 1292 655 1375 'facetiae
680 1293 860 1365 verborum,
885 1305 921 1352 ut
945 1305 1085 1372 apparet,
1115 1291 1160 1350 eis
1188 1289 1306 1364 obstant,

147 1401 209 1460 quo
227 1378 332 1438 minus
342 1397 391 1438 res
405 1377 595 1459 gravissimas
611 1379 857 1440 animadvertant
884 1376 937 1436 Sin
952 1374 1027 1435 haec
1043 1398 1076 1436 se
1095 1396 1160 1435 non
1178 1375 1306 1456 ignorare

65 1522 69 1530 ,
148 1463 288 1544 dixerint,
305 1475 396 1542 atque
415 1461 471 1520 alia
491 1465 638 1540 quaedam
656 1467 743 1524 cansa
762 1460 877 1535 subest,
895 1462 936 1523 ob
953 1483 1042 1541 quam
1060 1461 1119 1538 ista
1137 1459 1306 1518 instituunt:

147 1547 416 1626 ea,'quaecunque
430 1546 544 1626 fuerit,
563 1568 633 1608 non·
645 1549 721 1607 mala
740 1547 903 1608 existimari
922 1545 976 1627 qul
992 1545 1115 1626 potest?
1148 1545 1217 1624 Ego
1235 1564 1306 1616 vero,

146 1632 266 1714 tametsi
288 1631 376 1709 uobis
399 1630 468 1690 illos
494 1632 580 1691 c'ordi
604 1652 669 1693 esse
687 1633 793 1704 video,
817 1643 936 1704 tamen,
962 1626 1039 1710 quae
1063 1629 1141 1688 mihi
1165 1629 1316 1699 videntur,

142 1728 210 1776 'non
228 1715 375 1776 dubitabo
395 1715 510 1775 dicere:
547 1718 658 1778 etenim
676 1712 823 1787 stultitiae
838 1716 951 1788 suerit,
981 1736 1050 1775 cum
1070 1714 1211 1774 oratione
1228 1735 1306 1794 prava

146 1800 268 1870 deliniti
283 1800 365 1874 sitis,
398 1801 573 1881 desperare,
608 1822 660 1862 vos
679 1793 849 1863 meliori'ct
864 1797 961 1883 magis
978 1795 1209 1860 utili'oratione
1227 1819 1306 1879 posse

40 1887 44 1897 “
102 1960 104 1964 p
141 1886 178 1944 in
195 1887 273 1945 viam
290 1886 436 1955 revocari,
452 1886 529 1946 Peto
548 1899 659 1960 autem,
676 1900 713 1946 ut
730 1899 761 1945 et
775 1879 832 1947 ros
849 1886 953 1966 aequis
972 1884 1081 1945 animis
1097 1881 1213 1957 adsitis,
1231 1885 1305 1966 cogi-

142 1976 269 2043 tantes,
285 1991 341 2030 nec
361 1980 426 2041 ea,
440 1990 517 2049 quae
536 1992 617 2032 nunc
636 1971 776 2044 sentitis,
795 1977 849 2034 vos
867 1971 960 2031 fuisse
978 1991 1143 2043 sensuros,
1170 1968 1229 2028 nisi
1246 1989 1304 2036 ora·

146 2054 262 2126 tiones,
282 2074 359 2134 quae
377 2054 464 2114 vob'i's
481 2070 717 2136 persuaserunt,
736 2056 908 2123 audissetis,
923 2055 1195 2132 ‚Quemadmodum
1210 2052 1304 2136 igitur,

139 2138 172 2198 'si
186 2139 223 2197 de
236 2138 690 2207 bonitate·monetaeiudicium
705 2143 802 2214 lieret,
821 2140 1035 2222 explorandam
1051 2139 1304 2200 eam'ceuseretis:

145 2221 189 2281 sic
204 2221 296 2305 etiam
313 2235 402 2303 peto,
414 2235 476 2297 ut,
501 2223 611 2295 dictam
631 2227 800 2290 orationem
820 2222 855 2286 en
872 2227 936 2300 his,
955 2247 1032 2306 quae
1051 2246 1109 2285 nos
1129 2237 1233 2284 contra
1250 2223 1304 2283 dis-

135 2304 309 2394 ¹(eruimus,
333 2307 540 2381 aestimantes,
566 2310 593 2374 si
609 2311 717 2383 utilem
735 2311 912 2392 reperietis,
931 2307 994 2370 diis
1006 2308 1243 2392 approbantibus
1260 2329 1304 2368 se-

140 2389 296 2478 quamini:
311 2390 367 2449 ¹sin
386 2392 503 2475 singula
522 2392 787 2458 considerantibus
805 2389 934 2456 alienior
951 2396 1125 2470 videbitur,
1150 2407 1200 2474 ut,
1223 2406 1304 2452 aute-

143 2487 232 2552 quam
249 2474 455 2557 impegeritis,
473 2480 591 2539 mutato
610 2477 739 2542 consilio
759 2481 813 2555 iist
832 2501 908 2561 quae
927 2476 1117 2553 rectasunt,
1135 2479 1267 2540 utamini.

140 2713 281 2799 Maxime
298 2738 425 2812 vellem,
443 2729 664 2820 Athenienses,
689 2741 776 2801 vobis
795 2762 844 2813 ea,
864 2733 940 2819 quae
959 2740 1073 2812 dicam,
1091 2739 1221 2820 probari.
1255 2739 1300 2796 Sin

141 2828 173 2887 id
196 2825 285 2885 aliter
307 2824 435 2886 fortasse
460 2825 620 2885 ceciderit:
638 2825 722 2886 nihil
740 2826 880 2898 mallem,
898 2847 987 2904 quam
1009 2846 1027 2884 a
1051 2847 1101 2884 me
1121 2825 1226 2884 saltem
1244 2843 1300 2882 esse

109 2935 115 2944 ·
142 2911 230 2977 dicta:
259 2909 315 2969 Est
332 2921 449 2982 autem,
472 2922 508 2969 ut
523 2910 660 2984 videtur,
680 2924 751 2969 'non
764 2910 963 2989 solumapud
979 2910 1034 2970 uos
1055 2929 1091 2969 ea
1109 2909 1212 2970 dicere
1230 2908 1298 2969 disfi-

140 2995 213 3067 eile,
233 3014 317 3072 quae
336 2993 396 3060 diei
416 2993 545 3067 debent,
569 2997 623 3055 sed
647 2994 737 3057 etiam
752 3018 829 3068 ,cum
855 2995 958 3056 animo
980 3016 1038 3054 suo
1064 2986 1248 3076 cogitantem
1271 2991 1297 3050 c'a

131 3077 283 3140 invenire.
308 3078 410 3152 Quod
420 3078 465 3139 sic
480 3079 616 3162 intelligi
630 3093 749 3160 potest,
767 3081 793 3158 si
811 3077 878 3161 quis
897 3100 959 3140 non
978 3079 1071 3140 verba
1088 3101 1163 3151 vos,
1180 3080 1233 3138 sed
1248 3098 1299 3148 res,

139 3161 301 3243 inquibus
320 3163 409 3238 estis,
433 3163 625 3224 considerare
643 3178 747 3246 putet,
771 3187 804 3227 ac
823 3167 918 3225 maius
933 3161 1073 3224 studium
1091 3165 1249 3238 adhibeat-3
1270 3174 1298 3222 ut

139 3247 319 3326 virbonus,
338 3268 427 3325 quam
445 3261 481 3308 ut
500 3261 602 3309 orator
619 3249 782 3314 vehemens
800 3251 945 3311 videatur.
980 3249 1058 3308 Mihi
1077 3259 1177 3322 c‘erte,
1201 3251 1297 3310 itame

55 3333 119 3394 424
141 3333 189 3397 dii.
201 3332 280 3407 bene
292 3345 418 3404 ament,
445 3333 483 3392 de
501 3333 592 3394 rebus
612 3334 659 3401 his
677 3335 809 3416 cogitare
828 3333 1001 3394 instituenti
1019 3335 1131 3407 multa,
1158 3325 1296 3414 quaerut

56 3476 61 3482 ,
132 3417 218 3482 113υᾶ
236 3415 324 3475 inviti
341 3416 480 3487 audituri,
493 3417 617 3490 essetis,
643 3418 676 3478 in
699 3430 833 3478 mentem
850 3418 1025 3481 veniebant.
1053 3419 1134 3480 Nam
1152 3421 1240 3481 etde
1258 3439 1298 3488 eo,

107 3516 115 3573 ζ
138 3502 222 3582 quod
239 3500 397 3563 iustissimi
416 3501 604 3571 Graecorum
622 3502 705 3576 sitis,
739 3503 871 3585 copiose·
874 3514 970 3602 posse
989 3502 1049 3563 dici
1069 3517 1100 3564 et
1117 3503 1298 3565 videbam-et

136 3587 246 3659 video,
263 3597 294 3647 et
307 3586 575 3664 praestantissimis
593 3584 742 3648 natalibus
761 3588 905 3662 oriundi,
921 3601 954 3648 et
967 3587 1066 3649 multa
1085 3588 1153 3648 eius
1170 3587 1296 3672 generis:

135 3673 192 3735 sed
209 3691 245 3730 ea
262 3670 410 3750 tantisper
427 3664 625 3755 oblectatum,
643 3673 717 3732 dum
735 3672 923 3746 audirentur,
934 3687 1010 3751 ‘post
1028 3674 1173 3753 peritura.
1206 3672 1297 3753 Opor-

136 3767 309 3829 tetautemr
325 3767 361 3827 ut
376 3768 481 3816 orator
493 3755 621 3816 alicuius
639 3757 766 3816 actionis
783 3773 891 3818 suasor
905 3771 1055 3836 appareat,
1073 3773 1297 3839 propterquam
1314 3800 1317 3801 ν

95 3886 102 3893 ,
136 3839 169 3899 in
187 3839 452 3919 posterumetiam
469 3839 572 3919 aliquo
591 3841 674 3922 hono
690 3841 897 3921 perfruamini.
922 3842 1014 3918 Quod
1033 3862 1188 3924 ego,·usu
1205 3863 1298 3902 rerum

138 3924 283 3996 edoctus,
301 3936 333 3986 et
348 3945 415 3997 raro
430 3937 467 3997 'et
484 3925 650 3992 difficulter
664 3926 796 4006 perspici
813 3927 922 3989 video:
944 3931 1047 4006 neque
1066 3927 1152 3998 enirn
1169 3928 1242 3988 satis
1259 3927 1299 3986 est
1333 3936 1336 3942 '

49 4073 51 4077 Α
136 4007 307 4086 perspicere
324 4008 413 4083 talia,
430 4009 491 4069 nisi
510 4009 577 4088 quis
597 4012 701 4089 eadem
721 4012 807 4072 vobis
827 4011 933 4082 etiam,
952 4012 1085 4094 quorum
1104 4005 1144 4072 ad
1162 4033 1199 4073 ea
1215 4013 1298 4094 perli-

64 4142 68 4149 .
138 4088 243 4148 cienda
265 4092 431 4170 requiritur
456 4094 618 4169 auxilium,
642 4098 825 4176 persuadere
848 4098 950 4178 possit
986 4096 1048 4156 Sed
1065 4109 1140 4157 utut
1158 4111 1221 4172 est,
1247 4096 1300 4157 mei

136 4170 262 4269 [ortesse
282 4175 375 4235 officii
391 4177 493 4253 fuerit,
511 4178 622 4253 dicere,
642 4203 718 4261 quae
738 4184 896 4262 profutura
915 4202 979 4243 esse
998 4193 1119 4242 statuo:
1147 4183 1250 4257 vestri,
1267 4183 1299 4240 de

46 4329 49 4336 Ι
136 4254 245 4314 auditis
262 4256 414 4333 iudicare,
430 4262 570 4344 illisque,
588 4265 615 4323 si
632 4266 796 4345 placuerit,
813 4268 868 4327 uti.

539 4384 893 4406 *mm
