2722 4754
358 208 624 276 inversus
661 191 961 282 incernam
1013 245 1017 250 -
1143 158 1248 297 'ars'
1294 224 1297 229 ¹

88 377 190 441 ,statura
205 356 270 427 mei
288 367 409 446 quidem
424 364 829 449 tententiaprimo‘q'noque
842 381 982 449 tempore
995 388 1054 449 per.
1065 365 1122 427 hos
1137 367 1228 426 abro-

88 460 162 550 ganda
178 467 226 514 est
259 453 427 528 Praeterea,
446 455 575 528 ludices,
594 477 662 513 eum
680 453 713 512 iu
732 453 797 525 eius
816 454 884 537 lege
903 447 1063 535 perspi'c'ue
1081 452 1228 533 seriptum

22 612 26 621 Ι
88 552 131 621 sit,
150 539 293 602 neminem
317 559 416 617 neque
443 540 570 612 civium,
594 536 696 619 neque
714 539 918 619 municipum,
945 546 1052 620 neque
1071 538 1228 619 hospitum

90 653 138 698 esse
155 637 289 706 oportere
313 624 495 699 immunem,
522 646 623 704 neque
643 625 843 696 declaratum,
871 625 956 684 cuius
982 626 1027 685 rei
1051 626 1227 697 immunem,

89 734 165 782 „imm
187 707 327 782 aedilitii,
355 731 391 768 an
415 710 540 769 alicuius
560 709 682 768 alterius
700 709 853 781 muneris,
880 711 934 768 sed
959 711 1048 790 plane
1072 710 1226 785 neminem

88 823 137 867 esse
151 799 326 867 immunem,
355 790 486 877 exceptis
506 795 664 854 Harmodii
683 808 714 854 et
731 794 951 877 Aristogitonis
970 796 1117 876 posteris:
1154 796 1226 854 dum

86 885 208 951 neminem
226 878 282 950 ait,
301 899 407 938 omnes
427 880 658 961 comprehendit
675 892 830 962 caeteros,
848 881 924 947 dum,
939 880 1094 960 hospitum
1112 880 1227 952 adiicit,

86 996 135 1037 non
149 965 354 1046 distinguendo
373 965 453 1025 inter
472 987 534 1039 eos,
554 967 607 1046 qui
621 965 752 1025 Athenis
769 965 917 1037 habitant,
936 965 1026 1024 etiam
1040 966 1227 1039 Leucor're‘m,

84 1051 189 1138 Bospori
204 1049 387 1130 principem,
411 1065 442 1112 et
460 1052 574 1111 liberos
594 1051 658 1112 eius
678 1053 789 1112 donata
806 1072 823 1111 a
840 1051 927 1111 vobis
945 1050 1135 1120 immunitate
1154 1070 1238 1130 spo-¹

85 1146 133 1207 liat
165 1139 214 1197 tu
230 1135 311 1194 euim
329 1137 454 1221 Leucon
472 1137 571 1220 (quod
589 1138 660 1209 satis
680 1135 813 1220 constat)
831 1157 943 1220 genere
961 1137 1156 1221 peregrinus,
1171 1155 1225 1195 ve-

85 1234 240 1295 struentem
267 1221 417 1282 beneficio
439 1225 471 1283 in
490 1224 640 1283 civitatem
661 1224 838 1303 adscriptus.
867 1223 1001 1305 ¹Quodsi
1019 1223 1117 1304 legem
1134 1222 1224 1281 istam
1248 1226 1304 1281 296

84 1313 283 1396 amplectemur:
311 1322 453 1368 neutrum
479 1309 607 1368 istorum
634 1310 662 1369 ei
686 1308 823 1390 proderit
848 1309 884 1367 ad
911 1308 1132 1383 immunitatem
1150 1307 1225 1367 reti-

88 1386 195 1464 nendam.
234 1391 398 1453 Enimvero
418 1395 482 1467 alii,
508 1395 559 1474 qui
578 1395 656 1455 bene
675 1394 775 1454 meriti
793 1405 881 1468 sunt,
905 1395 943 1453 ad
960 1407 1080 1476 tempus
1095 1393 1225 1472 *aliquod

62 1492 73 1511 ¹·
88 1486 188 1570 quisque
198 1478 282 1537 vobis
293 1501 329 1538 se
344 1481 590 1540 commodarunt:
608 1479 690 1540 hunc
703 1501 787 1552 vero,
801 1479 827 1538 si
843 1479 1054 1553 consideretis,
1069 1478 1227 1560 apparebit
1300 1544 1304 1553 .

86 1586 210 1650 nonqumn
227 1564 258 1623 in
277 1587 331 1624 vos
352 1567 489 1626 conferre
504 1566 655 1626 beneficia
675 1565 838 1637 destitisse,
857 1566 970 1625 eteius
989 1565 1110 1649 generis
1130 1565 1224 1624 bene-

83 1658 152 1727 fitia,
167 1671 232 1731 quac
245 1650 436 1730 reipublicae
454 1651 581 1712 maxime
600 1664 672 1712 sunt
689 1650 865 1711 necessaria.
896 1650 1073 1711 rNec'enim
1092 1650 1151 1710 hoc
1168 1671 1224 1710 vo-

84 1742 122 1802 bis
137 1738 279 1799 obscurum
299 1749 358 1807 est,
383 1759 440 1796 nos
458 1737 580 1798 aliunde
598 1738 762 1819 importato
777 1737 935 1797 frumento
954 1736 1091 1797 omnium
1109 1749 1224 1795 morta-

84 1820 202 1887 lium'nti
224 1820 364 1901 plurimo.
408 1824 545 1897 Quodsi,
581 1823 727 1903 quicquid
752 1823 898 1882 frumenti
924 1843 960 1882 ex
986 1823 1050 1883 aliis
1079 1820 1222 1902 emporiis

86 1909 198 1972 omuibus
214 1906 388 1981 advehitur,
421 1908 453 1966 in
471 1931 567 1968 unum
586 1910 776 1969 conferatur:
812 1921 994 1968 nontamen
1013 1907 1154 1988 aequabit
1172 1928 1222 1966 eas

43 2068 46 2075 Ι
85 1996 264 2078 copiu,quae
284 2015 400 2053 exuno
419 1995 519 2054 Ponto
538 1994 737 2062 advehuntur.
771 1993 880 2073 Neque
899 1993 1020 2054 veroid
1038 1995 1148 2054 mirum
1169 2005 1223 2052 est.
1275 2008 1283 2023 “

83 2080 123 2142 Fit
137 2079 202 2141 enim
217 2099 279 2137 non
297 2079 368 2138 ideo
387 2080 496 2153 solum,
515 2080 585 2161 quia
603 2081 689 2141 locus
708 2080 759 2139 ille
778 2078 924 2138 frumenti
941 2093 987 2139 est
1005 2078 1220 2139 feracissimus:

85 2166 320 2244 sedbac‘quoque
341 2167 377 2224 de
398 2187 501 2239 causa,
531 2168 614 2245 quod
631 2168 774 2239 Leucon,
803 2165 868 2223 eius
887 2165 948 2223 loci
966 2165 1126 2236 dominus,
1157 2186 1220 2238 eos,

85 2252 314 2332 qnifrumcntum
339 2250 474 2310 Athenas
499 2251 669 2326 advebunt,
697 2250 888 2311 immunitate
914 2249 1054 2324 donavit,
1080 2251 1231 2330 edieique·
1301 2256 1304 2261 '

82 2337 168 2410 iussit,
188 2347 219 2394 nt
240 2335 344 2415 primis
370 2337 411 2395 eis
436 2358 561 2417 onerare
585 2359 676 2397 naves
700 2337 814 2396 liceret
856 2336 933 2395 Nam
952 2358 1011 2416 qua
1029 2337 1220 2396 immunitate

81 2423 135 2503 ipse
149 2418 211 2481 cnm'
222 2417 324 2480 liberis
349 2423 411 2481 stris
435 2423 563 2496 fruitur,
591 2444 656 2483 eam
681 2421 768 2482 vobis
790 2421 930 2481 omnibus
950 2421 1104 2502 impertiit.
1147 2424 1220 2494 lam,

82 2520 202 2586 qnantum
218 2505 274 2565 hoc
292 2508 349 2580 sit,
369 2509 645 2582 considerate„llle
664 2509 700 2568 ab
720 2508 781 2582 eis,
800 2508 853 2587 qui
870 2507 1057 2567 frumentum
1076 2507 1148 2566 inde
1168 2528 1219 2566 ex-

81 2605 194 2673 portant,
215 2590 395 2652 tricesimam
427 2617 482 2675 pro
504 2595 644 2678 vectigali
668 2607 783 2676 partem
809 2593 914 2676 exigit:
947 2593 1092 2652 frumenti
1117 2607 1222 2665 autem

40 2692 45 2699 ·
81 2678 220 2761 myriades,
247 2700 323 2756 quae
342 2680 379 2738 ab
398 2678 451 2738 illo
472 2680 531 2739 buc
548 2681 748 2762 perveniunt,
777 2692 849 2738 sunt
866 2679 987 2738 circiter
1005 2679 1220 2760 quadraginta:
1265 2742 1268 2749 ,

83 2762 189 2843 idqnod
201 2783 215 2820 e
228 2765 453 2825 commentariis
468 2787 585 2838 eornm,
598 2765 651 2845 qui
664 2765 708 2824 rei
722 2764 936 2824 frumentariae
949 2776 1103 2843 praesunt,
1120 2764 1220 2822 omni-

66 2845 131 2906 ·bos
145 2847 248 2909 evidens
268 2863 319 2909 est.
365 2852 467 2926 Quare
486 2853 523 2911 de
547 2851 671 2934 triginta
696 2848 883 2933 myriadibus
903 2848 1002 2908 decies
1020 2848 1106 2907 millo
1122 2849 1220 2908 medi-

78 2953 153 3018 mnos
167 2933 283 3015 largitur
300 2935 406 2996 nobis:
436 2939 473 2996 de
493 2939 601 2996 decem'
609 2957 689 2997 vero
707 2934 894 3018 myriadibus
914 2934 1034 2994 circiter
1050 2934 1107 2993 tria
1126 2933 1220 2993 millia

60 3015 244 3096 ‘medimnim
278 3022 409 3081 Tantum
428 3028 532 3082 autem
548 3022 648 3096 abest,
677 3034 712 3082 ut
730 3020 789 3081 hoc
807 3020 1005 3101 Reipublicae
1024 3033 1146 3079 nostrae
1165 3019 1220 3078 be·
1261 3064 1264 3069 -

77 3101 197 3163 neheiom
214 3105 335 3186 eripiat,
359 3121 394 3167 ut
412 3130 493 3169 novo
512 3108 704 3168 Theudosiae
725 3106 862 3189 emporio
881 3106 1038 3178 instituto,
1064 3106 1145 3184 quod
1165 3106 1220 3164 ne·
1263 3146 1273 3153 -

78 3187 216 3268 gotiatores
233 3192 372 3274 bosporo
391 3195 473 3253 nulla
491 3216 525 3253 re
544 3195 652 3254 cedere
670 3194 837 3266 affirmarit,
869 3205 900 3251 et
917 3191 979 3250 illic
997 3190 1219 3251 immunitatem

76 3271 152 3333 nobis
167 3280 351 3346 concesserit.
393 3276 535 3361 Ac'qirae
559 3280 616 3339 alia
634 3279 782 3339 beneficia
799 3277 846 3338 vir
867 3278 918 3337 ille
942 3277 1134 3356 maioresque
1154 3276 1220 3335 eius
1262 3273 1269 3282 ⁸

54 3341 106 3415 ‘in
121 3378 163 3418 vos
180 3363 375 3439 contulerint,
395 3387 462 3424 eum
480 3367 574 3425 mcvlta
594 3385 831 3426 commemorare
850 3385 986 3444 possem,
1010 3364 1105 3421 taceo.
1140 3359 1220 3420 lllud

79 3454 159 3501 autem
174 3453 425 3526 praetereundum
444 3474 506 3511 non
527 3455 588 3526 est,
606 3453 701 3531 'quod
720 3450 830 3524 abhinc
849 3449 1031 3521 triennium,
1063 3470 1130 3506 cum
1149 3445 1220 3505 ubi·
1297 3465 1304 3473 ·

75 3547 129 3603 quc
142 3550 266 3593 annonae
285 3534 412 3616 penuria
430 3537 637 3610 laboraretur,
656 3558 719 3596 non
737 3537 849 3608 modo,
875 3547 1021 3616 quantum
1040 3533 1110 3592 satis
1130 3542 1219 3602 esset,

73 3609 196 3676 frumenti
214 3615 271 3678 hue
291 3620 382 3695 misit,
401 3625 454 3682 sed
473 3637 532 3683 tam
552 3623 614 3693 vili,
632 3636 667 3683 ut
685 3620 859 3703 quindecim
878 3621 1002 3701 talenta,¹
1020 3639 1096 3698 qnae
1115 3622 1131 3676 'a
1150 3613 1219 3676 Cal-

72 3693 183 3760 listhene
201 3706 420 3781 tractabantur,
438 3722 642 3791 superessent
676 3709 760 3784 Quid
779 3707 873 3790 igitur
890 3704 1028 3777 creditis,
1047 3703 1219 3762 Athenien-

72 3800 120 3852 ⁸f⁸r
137 3791 317 3862 eom-cuius
336 3806 418 3852 tanta
436 3795 468 3853 in
487 3817 539 3854 vos
558 3794 765 3854 munificentia
785 3793 915 3866 exstitit,
932 3791 987 3851 ubi
1004 3790 1144 3862 audierit,
1162 3787 1219 3869 ἰιιι-ι

71 3868 228 3934 munitatem
247 3877 304 3936 sibi
322 3879 390 3961 lege
408 3901 463 3961 per
480 3903 531 3939 vos
550 3893 693 3962 ereptam,
713 3901 802 3960 quam
820 3899 859 3938 ne
876 3891 988 3937 mutata
1007 3874 1130 3956 quidem
1149 3892 1219 3932 sen·

69 3953 150 4022 imile
166 3962 324 4039 perraliud·
336 3967 634 4025 senatusconsultum
649 3965 813 4041 restituere
831 3965 937 4036 licea-t,
963 3963 1113 4043 facturum
1133 3959 1220 4020 csse?

68 4033 244 4106 indubium
262 4049 349 4109 vobis
371 4062 433 4123 cst,
453 4051 527 4131 quin
546 4053 650 4111 eadem
669 4052 725 4111 ista
742 4052 808 4125 lex,
826 4050 851 4109 si
869 4051 984 4132 perlata
1002 4046 1114 4118 fuerit,
1134 4059 1165 4129 et
1182 4044 1228 4103 il:

33 4200 39 4209 ,.
67 4119 125 4180 lum·
138 4126 351 4213 iitjspoliatura
370 4149 402 4196 et
417 4149 534 4198 vestros
554 4137 633 4197 cives
651 4136 863 4210 immunitate,
899 4134 951 4216 qui
969 4132 1007 4191 ab
1018 4144 1063 4192 'eo
1082 4129 1220 4191 frumen-

67 4215 294 4310 issmoadvebunt
337 4222 402 4282 Nec
421 4223 508 4283 ‘enim
529 4223 759 4303 quisquamest
780 4235 842 4283 tam
861 4219 971 4303 puerili
989 4217 1158 4291 sententia,
1184 4228 1220 4276 ut

67 4306 217 4396 fissilmet,
242 4304 345 4368 illum.
361 4330 459 4389 aequo
486 4307 587 4369 anim'o
614 4308 745 4369 laturum
772 4327 855 4379 csse,
885 4317 984 4366 vestra
1010 4304 1068 4365 sibi
1093 4322 1219 4364 munera

67 4390 311 4473 ssflpte'anaoero-
322 4402 446 4456 monera
465 4394 552 4456 vobis
570 4407 837 4475 nonetepturum
867 4393 970 4469 Quare
987 4403 1108 4471 praeter
1124 4388 1220 4449 multa
1243 4448 1246 4453 ,
1271 4402 1282 4463 j

526 4534 530 4542 ι
563 4557 567 4585 Ι
667 4550 670 4555 ι

547 4612 550 4617 ,
761 4600 770 4626 χ
833 4597 843 4615 ἢ
