2722 4754
266 120 291 186 ἶ
360 86 977 227 ιιιιιιιιειιιιοιιιιιιιιι,
1181 126 1301 251 ⁵⁶7⁵

71 307 116 368 bil
135 308 228 381 aliud,
245 309 372 411 saltem,
379 310 443 391 qni
453 331 469 370 e
487 309 666 379 delectibus
676 321 822 370 venerant
835 265 872 370 ad
886 331 1002 383 navem,
1019 285 1242 388 remanserunt,

67 394 231 453 reditum
222 417 254 454 m
272 397 398 476 patriam
416 394 475 457 sibi
492 408 691 481 reservantes,
709 395 735 454 si
754 417 806 456 eos
822 397 882 456 dux
900 396 1008 456 missos
1027 387 1172 459 fecissetz·
1169 400 1241 460 mei

64 478 144 540 vero
164 492 283 555 nautae,
301 481 373 542 freti
389 501 446 540 sno
465 474 578 541 'robore
597 495 628 541 et
636 482 828 563 agendarum
848 481 968 545 nmium
986 470 1187 564 peritia5i1uo
1206 485 1244 545 in
1280 546 1286 555 ,

68 565 141 625 loco
167 564 330 646 plurimum
355 567 507 646 accepturi
526 579 636 639 erant,
657 587 699 625 eo
725 587 758 624 se
777 567 996 640 contulerunt,
1023 569 1247 655 existimantes,-

57 663 242 731 ›praesentes
270 651 371 732 copias
396 650 464 731 plns
487 652 587 725 valere
612 651 825 733 impendente
833 665 934 724 metu,
961 676 990 712 ss
979 632 1128 740 'quaridp
1154 677 1238 716 amc

68 735 258 817 deprehensi
272 750 379 796 essent.
406 732 512 796 Cum
502 738 597 819 igitur
614 737 645 796 in
665 747 702 796 eo
721 737 791 797 loco
802 756 857 796 res
875 757 959 796 meae
979 752 1080 799 essent
1098 753 1130 801 ct
1147 739 1271 803 simul

68 822 131 880 dux
149 821 361 894 Timomachus
381 821 454 880 mibi
480 823 666 896 mandasset,
692 834 727 883 ut
745 823 781 882 ad
800 822 959 902 Templum
978 823 1149 905 navigarem
1167 847 1237 907 per
1279 830 1283 841 ’
1314 827 1318 831 ’

59 906 201 986 ¹ducendi
219 904 364 966 frumenti
380 907 493 989 gratia,
517 929 573 967 nec
590 908 775 989 stipendium
793 907 942 986 solveret,
961 928 995 967 ac
1007 908 1139 1007 insuper
1156 933 1238 973 nun-

25 1047 28 1051 .
65 991 175 1052 tiatum
195 1005 283 1064 esset,
300 992 463 1074 Byzantios
482 1005 513 1053 et
531 989 752 1053 Chalcedonius
772 1016 875 1052 rursus
891 984 1050 1092 exceptare
1068 996 1200 1076 navigia
1204 1009 1273 1057 et

66 1078 190 1159 adigere
215 1078 251 1137 ad
277 1078 462 1137 frumentum
488 1079 728 1138 exonerandum:
753 1091 916 1153 mutuatus
934 1100 991 1161 ego
1016 1043 1241 1141 aCbaridemo
1256 1086 1321 1145 268

65 1161 271 1246 Anaphlystio
295 1162 468 1249 quindecim
497 1165 592 1229 minas
618 1165 764 1238 foenore,
790 1163 996 1246 septingentas
1022 1161 1185 1228 drachmas
1196 1167 1234 1226 ad

66 1260 187 1306 octavas
205 1270 310 1308 usuras
329 1271 344 1308 a
362 1249 494 1329 Nicippo
517 1249 700 1314 naviculario
727 1249 825 1309 navali
852 1262 1009 1309 contractu
1034 1250 1155 1331 accepi,
1180 1251 1250 1332 qui-
1279 1327 1282 1330 ἱ

65 1332 146 1391 Sesti
164 1346 236 1406 erat,
255 1354 289 1393 ea
308 1334 538 1405 conditione,
514 1357 539 1393 sr
557 1335 640 1393 navis
659 1333 821 1393 incolumis
840 1333 975 1394 Athenas
993 1335 1133 1408 redisset,
1151 1349 1187 1404 ut
1205 1336 1234 1395 ei
1254 1334 1257 1341 ⁴
1283 1374 1289 1391 .

22 1444 38 1452 -
65 1429 97 1476 et
109 1431 223 1477 sortem
242 1433 273 1478 et
285 1441 395 1481 usuras
412 1419 581 1478 redderem:
597 1420 753 1505 Mis'soque
767 1419 957 1478 Euctemone
975 1419 1232 1502 semicenturione
1317 1471 1322 1480 .

63 1504 277 1584 Lampsacum,
302 1503 428 1584 pecunia
456 1517 492 1565 et
512 1503 612 1564 literis
631 1504 669 1562 ad
695 1490 830 1587 hospites
848 1504 942 1584 patris
960 1526 1020 1564 mei
1011 1503 1167 1577 datis,'
1158 1504 1240 1564 russi.
1291 1560 1294 1567 ,

64 1588 141 1647 milii
159 1601 263 1648 nautas
281 1590 479 1661 conducere,
487 1611 583 1668 qnam
594 1600 715 1672 posset
715 1588 983 1655 robustissimnsz'
974 1609 1039 1669 ipse
1058 1597 1158 1648 antem
1178 1589 1234 1649 Se
1256 1606 1261 1612 ·

64 1674 106 1733 sti
124 1677 269 1746 moratus,
286 1673 439 1733 veteribus
458 1674 574 1746 nautis,
593 1673 658 1753 qni
655 1668 886 1747 remanserant,
904 1671 1017 1747 dedi,
1012 1676 1157 1754 qnantum
1175 1696 1232 1774 po·
1251 1714 1259 1720 ·
1297 1735 1303 1739 .

64 1757 128 1830 tui,
146 1770 307 1838 postquam
324 1757 399 1818 mihi
415 1759 621 1858 praefecturae
639 1771 758 1847 tempus
777 1759 892 1831 exibat,
920 1771 950 1820 et
968 1760 1042 1818 alios
1061 1774 1165 1820 nautas
1184 1761 1232 1818 in
1256 1815 1265 1819 ..

35 1847 39 1853 '
64 1843 145 1924 tegri
163 1843 306 1934 stipendii
322 1843 441 1924 accepi,
464 1844 580 1904 interea
598 1845 669 1903 dum
688 1830 750 1910 dux
774 1842 998 1926 navigationem
1016 1846 1053 1904 ad
1070 1844 1239 1926 Templum

64 1910 251 2007 apparabat.
268 1925 344 1987 Cum
363 1941 463 1989 antem
482 1929 651 1989 Euctemon
668 1930 832 2009 Lampsaco
850 1949 988 1988 reversus
1007 1943 1135 2011 nantas,
1153 1951 1230 2010 quos

64 2013 262 2085 conduxerat,
280 2004 462 2088 adduxisset,
480 2035 513 2074 ac
533 2015 593 2074 dux
611 2015 767 2074 classicu'm
787 2015 894 2075 caner'e
908 2014 1064 2088 iussisset,
1077 2028 1113 2099 ut
1130 2016 1231 2082 solve
1216 2055 1238 2066 --

62 2118 181 2156 remus:
200 2097 324 2174 accidit,
349 2111 384 2158 nt
401 2099 572 2160 Euctemon
589 2113 716 2179 repente
734 2099 766 2158 in
785 2100 942 2171 morbum,
965 2092 1099 2178 eumque
1115 2099 1230 2181 gravis
1215 2139 1235 2157 ,
1258 2130 1264 2141 ·

62 2182 183 2254 simum,
210 2140 365 2245 incideiet.
400 2182 505 2242 Eum
496 2184 606 2264 agitur,
624 2184 744 2242 reddito
764 2183 917 2281 stipendio
937 2195 968 2241 et
986 2182 1089 2242 addito
1109 2184 1235 2258 viatico,-

63 2269 188 2326 domum
206 2267 318 2340 remisi,
337 2281 427 2347 atque
441 2267 516 2348 ipse,
535 2267 593 2327 alio
610 2267 870 2338 demulcenturione
889 2279 1000 2339 creato,
1019 2267 1097 2329 solvi
1112 2269 1148 2327 ad
1157 2268 1228 2328 fru-
1230 2296 1233 2301 ¹

62 2365 199 2412 mentum
217 2352 458 2433 pervehendum·
475 2352 579 2432 ibique
599 2365 732 2412 moratus
750 2375 817 2413 sum
836 2352 971 2433 quinque
987 2365 1018 2412 et
1031 2353 1228 2434 quadraginta

64 2438 146 2510 dics,
173 2438 271 2496 donec
289 2451 415 2497 naves}
432 2438 533 2498 Ponto
552 2450 623 2518 post
647 2451 799 2499 arcturum
826 2437 987 2498 solverent.
1022 2433 1099 2497 Cum
1126 2450 1228 2497 autem

64 2525 184 2601 Sestum
201 2522 423 2603 pervenissem,
441 2545 504 2623 ego
519 2541 567 2581 me
584 2524 736 2582 domum
728 2545 785 2582 ram
802 2523 972 2582 rediturum
990 2522 1150 2612 putabam,
1158 2535 1228 2584 eum
1295 2592 1299 2596 ,

62 2628 126 2672 ιιοιι
145 2610 237 2668 modo
255 2621 375 2688 tempus
393 2608 504 2667 mihi'
494 2630 555 2682 sam
570 2623 706 2669 exactum
725 2615 821 2681 esset,
846 2608 911 2668 sed
919 2621 950 2668 et
967 2609 1028 2668 duo
1053 2628 1172 2671 menses
1189 2608 1228 2667 ad

62 2694 280 2775 praefecturam
299 2693 433 2754 navalem
452 2693 671 2771 accessissent,
690 2706 721 2754 et
737 2707 896 2754 successor
913 2694 951 2753 ad
968 2713 1075 2754 navem
1094 2711 1158 2752 non
1174 2713 1227 2757 ve
1298 2744 1301 2749 .

31 2814 39 2822 -
62 2780 161 2838 niret·
186 2780 370 2841 durantem
382 2778 613 2853 Timomachus,
630 2802 699 2840 cum
718 2801 787 2838 curn
806 2779 921 2861 legati
915 2776 1097 2857 Maronitani
1115 2798 1227 2838 conve

63 2865 180 2924 nissent
197 2886 231 2924 ac
255 2869 429 2946 rogassent,
456 2877 493 2939 ιιιΙ
509 2863 811 2939 fruinenta'riassuas
840 2885 930 2923 naves
956 2875 1111 2935 tueretur,
1137 2861 1231 2925 nobis

58 2950 230 3010 triremium
248 2948 406 3029 praefectis
425 2950 556 3021 mandat,
573 2964 609 3009 ut
622 2971 670 3009 eas
689 2971 778 3009 naves
798 2950 835 3008 ad
853 2948 999 3009 triremes
1009 2946 1142 3030 alligatas
1161 2949 1227 3007 Ma-
1228 3006 1232 3012 ,
1264 3004 1270 3021 ,Δ

42 3057 186 3101 roceam
213 3033 470 3114 pertraheremus,
497 3056 587 3094 cursu
606 3048 637 3095 et
660 3034 784 3134 ιιιιιςο1
773 3047 804 3095 et
825 3033 958 3133 spatiosp
976 3032 1009 3095 in
1026 3032 1108 3092 mari.
1143 3033 1226 3092 Haec

61 3121 149 3182 vobis
167 3119 272 3191 omnia
295 3132 455 3201 propterea
480 3119 605 3200 exposui
624 3120 694 3179 ab
685 3109 816 3194 mitio,
817 3130 852 3179 nt
869 3118 987 3191 sciatis,
1013 3130 1142 3197 quantos
1157 3117 1231 3215 ipse«

62 3219 180 3266 sumtus
197 3205 332 3278 fecerim,
350 3216 381 3264 et
395 3217 540 3285 qnantum
559 3216 685 3286 propter
699 3203 930 3285 rempublicam
927 3225 1005 3263 onus
1019 3201 1225 3275 sustinuerim,
1256 3272 1259 3283 μ

62 3299 268 3381 quantumque
286 3302 392 3370 postea
417 3311 473 3371 pro
490 3290 551 3350 isto
578 3290 785 3363 insumserim,
812 3289 899 3348 finito
925 3288 1130 3371 praefecturae
1147 3299 1225 3346 tem·
1228 3320 1232 3328 ·

21 3366 30 3373 ³
60 3397 147 3458 pore,
166 3398 233 3434 cum
253 3377 289 3434 ad
308 3395 419 3437 navem
433 3384 495 3448 non
513 3375 649 3449 veniret,
669 3388 826 3454 etquauta
845 3373 910 3454 ipse
928 3371 1061 3454 pericula
1079 3370 1230 3431 subierim

18 3507 24 3516 .
60 3474 126 3521 tum
144 3473 369 3540 tempestatum,
385 3471 450 3519 tum
471 3459 610 3520 hostium.
625 3461 703 3525 Post
717 3460 801 3520 enim
816 3459 961 3539 perducta
979 3459 1154 3516 Maroneam
1172 3477 1231 3515 nav

58 3547 140 3628 vi'gia
166 3567 234 3604 eum
252 3545 386 3606 Thasum
409 3545 663 3625 pervenissemus:
691 3566 728 3604 eo
755 3545 909 3625 profectus
926 3541 1139 3605 Timomachns
1158 3560 1225 3599 ιιι-ι-

26 3662 29 3666 ’
60 3654 129 3692 sus·
125 3630 321 3710 perducebat
333 3652 402 3688 cum
414 3630 532 3689 Thasiis
545 3630 687 3714 Strpmen
705 3631 893 3698 frumentum
907 3641 937 3688 et
952 3639 1096 3699 scutatos,
1113 3638 1149 3684 ut
1160 3625 1224 3705 ipse
1307 3685 1316 3691 ,

60 3719 162 3776 locum
179 3715 267 3781 illum
285 3727 495 3795 occupaturus.
523 3711 600 3774 Cum
618 3738 689 3775 vero
707 3715 874 3774 Maronitae
893 3714 986 3773 classe
1004 3710 1150 3773 instructa
1168 3730 1227 3777 no-

50 3803 178 3861 biscnm
197 3802 235 3860 de
254 3821 292 3859 eo
311 3800 380 3858 loco
400 3799 583 3859 dimicaturi
588 3813 704 3872 essent,
723 3813 754 3860 et
771 3799 898 3881 milites,
924 3799 1015 3880 longa
1033 3794 1225 3878 navigatione

59 3886 197 3969 fatigati,
219 3907 310 3945 naves
328 3864 429 3944 Thaso
447 3884 590 3968 Strpmen
608 3885 784 3959 traherent,
805 3865 835 3944 et
853 3883 949 3945 hiems
968 3895 1064 3954 esset,
1089 3894 1120 3940 et
1138 3881 1224 3940 locus

59 3987 215 4056 portum
202 3992 265 4031 non
284 3970 427 4042 haberet,
452 3990 509 4031 nec
528 3972 707 4030 exscendere
727 3984 757 4035 et
775 3990 902 4030 coenare
921 3969 954 4028 in
971 3966 1077 4027 hostili
1094 3965 1223 4047 agroli-
1244 3974 1306 4029 269

61 4069 159 4132 ceret,
185 4079 218 4115 ac
237 4078 356 4115 murum
374 4055 509 4135 undique
529 4067 560 4114 et
583 4055 761 4114 mercenarii
788 4055 897 4129 milites
918 4067 950 4113 et
967 4050 1085 4113 barbari
1103 4049 1226 4117 finitimi

61 4101 325 4202 circuinsiderent:
353 4161 477 4201 necesse
503 4139 593 4199 fuit
585 4163 616 4198 ιιι
641 4139 759 4200 ancoris
784 4141 816 4200 iu
831 4130 904 4198 alto
932 4137 1077 4198 fluctuare
1104 4136 1225 4195 noctem

60 4227 171 4288 illam
163 4240 339 4303 incoenatus
359 4238 389 4286 et
407 4224 581 4302 insommes,
600 4238 631 4285 et
649 4225 787 4286 excubias
806 4224 933 4296 habere,
952 4246 991 4283 ne
1009 4221 1225 4281 Maronitarum
1279 4259 1282 4265 .

32 4312 35 4320 ’
60 4314 201 4377 triremes
213 4325 369 4391 -noctugex
386 4310 505 4381 insidiis
529 4310 677 4394 impetum
695 4311 729 4371 in
747 4332 803 4371 nos
821 4309 961 4373 facerent.
982 4309 1155 4382 Praeterea,
1172 4305 1226 4366 fie-

856 4485 861 4509 Ι

364 4535 388 4575 ι.
