2722 4754
24 145 28 157 “
93 196 96 203 “
137 203 187 275 aa
384 234 386 238 ,
427 187 794 267 'renueremus
826 197 1016 280 tonario
1059 269 1068 282 f

326 307 340 330 ι
453 318 458 332 ,
1058 309 1060 313 Α

147 351 221 421 siliis
240 373 306 412 mea
325 344 510 432 discrepant,
529 362 565 410 ut
582 351 658 413 mihi
674 351 821 426 videatur,
839 358 895 412 ne'c
914 354 952 414 de
972 349 1183 426 Chersoneso,
1202 373 1260 419 nec
1279 352 1318 411 de

7 496 10 503 ,
142 438 295 531 Byzantio
309 457 386 503 esse
408 457 491 497 nune
515 436 761 502 consultandum:
786 438 840 499 sed
865 437 994 496 tumbis
1019 439 1259 498 succurrendum
1287 450 1318 497 et

33 543 41 550 ·
67 577 76 590 „
148 524 396 606 praecavendum,
415 541 453 582 ne
473 521 546 601 quid
565 522 606 583 eis
627 523 756 597 aecidat,
777 535 807 582 et
825 522 966 595 ducibus,
982 523 1035 602 qui
1053 545 1134 583 nunc
1152 535 1225 584 sunt
1243 522 1317 596 illic,

150 609 261 680 omnia,
281 606 389 687 quibus
407 606 557 689 indigent,
575 609 817 689 mittendas'tum
837 609 874 666 de
894 607 1034 673 omnibus
1055 608 1179 682 Graecis
1199 607 1317 680 delibe<r

54 761 56 770 y
106 736 109 741 -
149 693 292 765 randum,
311 702 346 751 ut
362 691 403 755 in„
412 693 541 755 maximo
560 693 696 777 periculo
716 691 896 754 constitutis.
922 693 1077 772 Exponam
1096 706 1197 754 autem
1216 692 1318 766 vobis,

151 799 209 857 qua
226 773 263 836 d'e
281 799 366 835 causa
383 775 474 838 rebus
490 761 530 836 ith
547 792 691 837 metuam:
710 791 754 850 ut,
772 777 799 836 si
816 772 897 835 reete
917 773 1027 850 sentio,
1046 778 1214 838 sententiae
1231 799 1318 844 meae

149 852 316 934 accedatis,
334 861 530 926 strationem
549 862 680 942 aliquam
697 875 831 921 vestrum
849 861 984 941 ipsorum
998 863 1124 935 saltem,
1143 865 1169 922 si
1189 863 1324 935 omnino,

142 945 225 1011 alios
244 946 407 1028 negligitis,
426 945 640 1006 habeatisz‘sin
658 947 765 1028 nugari
785 959 814 1005 et
832 946 941 1006 mentis
960 946 1042 1006 allici
1061 968 1163 1008 errore
1179 947 1319 1022 videbor,

150 1051 250 1110 neque
269 1053 351 1090 nunc
368 1051 467 1111 neque
486 1030 689 1109 inposterum
706 1029 780 1089 mihi
797 1042 832 1090 ut
849 1053 922 1090 sano
942 1031 1126 1112 auscultetis¹¹
1139 1032 1318 1113 Philippum

60 1158 77 1171 ,.
151 1115 245 1198 igitur
269 1131 411 1196 magnum
437 1135 452 1173 e
478 1135 569 1194 parvo
597 1128 628 1174 et
645 1115 752 1175 humili
771 1115 807 1174 ab
826 1116 913 1174 inltio
932 1117 1076 1196 paulatim
1104 1125 1169 1176 e'sse
1194 1117 1318 1188 sactum,

152 1212 184 1259 et
202 1200 334 1265 Graecos
354 1198 493 1258 diflidere
512 1211 629 1273 nautuo,
648 1213 679 1258 et
696 1200 801 1282 agitari
819 1200 1036 1274 seditionibus,
1055 1215 1085 1261 et
1103 1201 1199 1260 multo
1218 1201 1317 1274 minus

80 1290 136 1346 ,75
155 1284 299 1344 credibile
317 1283 420 1356 luisse,
438 1296 555 1343 tantum
575 1306 643 1343 eum
663 1305 682 1342 e
696 1285 815 1343 tantillo
835 1286 917 1358 fore,
937 1307 1026 1364 quam
1044 1309 1135 1359 nune,
1154 1309 1223 1345 cum
1242 1287 1318 1345 adeo

104 1397 106 1409 ·
152 1369 245 1434 multa
264 1368 440 1449 intercepit,
459 1368 548 1437 etiam
567 1381 684 1429 caetera
702 1369 911 1443 subacturum,
931 1383 962 1430 et
979 1371 1095 1449 reliqua
1108 1371 1178 1448 ‚eius
1197 1370 1318 1454 generis

146 1450 264 1526 omnia,
280 1475 356 1532 quae
371 1473 606 1512 commemorare
620 1475 751 1533 possem,
765 1454 1015 1533 praetermittam:
1029 1457 1082 1514 sed
1093 1454 1173 1519 illud
1187 1457 1215 1515 ei
1229 1455 1318 1515 video
1355 1480 1358 1485 ·

56 1544 58 1551 ’
153 1539 337 1598 concessisse
356 1538 497 1596 mortales
516 1557 630 1617 omnes,
650 1539 768 1618 avobis
786 1539 873 1598 initio
893 1540 983 1612 factat,
1003 1539 1040 1599 de
1057 1562 1119 1618 quo
1135 1553 1222 1600 antea
1240 1560 1324 1600 sema.-

152 1645 208 1705 per
220 1622 358 1681 universa
378 1623 492 1703 Graeca
508 1622 583 1683 bella
603 1623 797 1683 exstiterunt
825 1624 908 1698 Quid
924 1624 1019 1706 igitur
1032 1624 1110 1701 illud!
1123 1625 1193 1684 est?
1218 1624 1318 1707 Agere

153 1706 298 1786 quicquid
310 1708 339 1765 ei
348 1707 433 1781 libet,
445 1707 659 1790 etsingulatim
672 1708 793 1787 quosvis
805 1708 845 1768 ita
858 1709 1028 1782 concidere,
1040 1722 1070 1769 et
1079 1709 1210 1789 spoliare
1224 1709 1318 1768 Grae·
1343 1726 1345 1730 ’

146 1812 204 1850 ,σοι
221 1804 252 1853 et
265 1791 419 1863 invadere,
436 1805 527 1872 atque
545 1793 715 1874 opprimere
729 1793 820 1853 urbes
833 1793 987 1859 servitute.
1018 1792 1115 1876 Atqui
1129 1794 1250 1873 patroni
1264 1815 1317 1853 vos

69 1906 71 1918 =
151 1888 214 1941 tres
232 1889 262 1947 et
280 1876 469 1958 septuaginta
488 1898 582 1936 annos
603 1877 790 1936 Graecorum
808 1877 919 1936 fuistis:
952 1878 1073 1957 patroni
1091 1878 1164 1937 item
1182 1877 1319 1939 undetri-

50 2028 54 2042 ..
113 1998 116 2002 ι
152 1960 246 2042 ginta,
263 1950 501 2025 Lacedaemonii.
520 1963 701 2041 Fuerunt-et
715 1961 930 2032 Thebanorum
948 1962 1087 2022 extremis
1104 1963 1187 2023 hisc'e
1200 1959 1328 2042 temp0-'

124 2097 138 2103 -
152 2043 238 2105 ribus
254 2045 370 2125 aliquae
384 2046 462 2127 vires
477 2052 548 2127 po'st
561 2045 693 2129 pugnam
706 2047 902 2115 Leuctricam.
920 2047 981 2125 Sed
995 2059 1096 2106 tamen
1108 2068 1209 2127 neque
1224 2046 1321 2118 vobis,

90 2156 91 2161 ¹
153 2150 254 2208 raeque
270 2130 438 2202 Thebanis,
450 2152 550 2209 neque
567 2131 812 2207 Lacedaemoniis
829 2130 893 2190 ullo
907 2153 1042 2210 unquam
1058 2144 1206 2212 tempore,
1225 2131 1321 2191 Athe'-

154 2213 286 2286 niens'es,
304 2235 481 2293 concessum
495 2214 553 2274 suit
565 2216 654 2276 hoca
670 2215 804 2288 Graecis,
819 2228 864 2288 ut,
878 2217 960 2294 quod
974 2215 1093 2277 lihitum
1113 2231 1202 2289 esset,
1218 2237 1321 2299 agere-

78 2354 82 2360 .
153 2298 200 2358 tis.
226 2299 332 2377 Neque
348 2299 451 2366 multis
466 2299 564 2359 verbis
580 2313 627 2361 est
641 2321 726 2386 opus.
750 2301 810 2360 Sed
827 2313 857 2359 et
871 2299 968 2373 vobis,
986 2322 1020 2360 ac
1033 2301 1135 2380 potius
1150 2301 1230 2360 illius
1245 2313 1321 2361 tem-

117 2446 120 2451 ,
153 2383 236 2464 poris
255 2382 519 2457 Atheniensibus,
532 2395 600 2442 cum
619 2387 766 2463 quosdam
783 2405 847 2444 non
864 2397 990 2465 tractare
1009 2387 1164 2447 moderate
1182 2380 1322 2445 videren-

124 2511 128 2517 .
155 2480 215 2541 tur,
234 2467 505 2548 omnesputabant
520 2467 637 2527 bellum
652 2491 720 2529 esse
738 2469 945 2529 inferendum:
964 2490 1029 2529 non
1045 2471 1137 2543 modo
1153 2471 1205 2549 qui
1222 2469 1324 2529 affecti

156 2565 242 2613 erant
259 2552 386 2634 iniuria,
404 2553 458 2612 sed
477 2552 498 2613 ii
518 2553 623 2624 etiam,
642 2554 695 2633 qui
713 2553 790 2615 nihil
807 2553 895 2632 queri
912 2554 950 2613 de
969 2554 1015 2613 eis
1030 2567 1186 2633 poterant:
1206 2567 1237 2613 et
1254 2575 1323 2613 rur-

15 2677 16 2680 =
109 2705 111 2708 y
141 2657 222 2720 sus,
240 2636 484 2699 Lacedaemoniis
503 2632 719 2717 imperantibus
748 2650 779 2697 et
796 2638 947 2711 eundem,
964 2657 1055 2718 quem
1073 2660 1127 2709 yos
1146 2638 1323 2710 tenueratis,

120 2800 128 2808 .
154 2720 356 2808 principatum
376 2722 507 2802 adeptis,
539 2743 608 2781 cum
632 2718 815 2783 insolescere
840 2722 1013 2802 coepissent
1047 2736 1077 2783 et
1094 2716 1323 2783 immoderatius

153 2806 420 2870 instituta-vetera
446 2806 667 2879 convellerent,
696 2827 800 2866 omnes
825 2806 939 2867 bellum
964 2807 1150 2881 intulerunt,
1175 2808 1196 2866 ii
1222 2807 1323 2877 etiam,

23 2933 35 2948 ,Α
65 2923 68 2926 <
147 2889 210 2970 *qui
228 2890 304 2949 nibil
323 2891 360 2950 de
380 2890 422 2949 eis
442 2882 654 2970 querebantur.
686 2892 891 2969 Et-quorsum
910 2891 1018 2952 attinet
1035 2894 1148 2952 referre
1159 2890 1324 2953 meteres?
1349 2884 1351 2888 ’

8 3038 13 3044 Ι
83 2997 90 3012 ··
139 2973 241 3048 ,Quin
260 2995 315 3050 nos
335 2975 394 3055 ipsi
426 2986 457 3033 et
473 2975 725 3050 Lacedaemonii,
744 2997 812 3034 cum
826 2976 867 3035 ,ab
885 2976 1078 3037 initionihil
1097 2977 1198 3037 dicere
1211 2972 1325 3057 ‚posse-

53 3131 54 3135 ἵ
93 3092 94 3095 ¹
130 3068 242 3133 Ιιιιιιι,
271 3078 331 3138 quo
351 3057 437 3118 alteri
456 3059 492 3118 ab
510 3059 611 3127 alteris
629 3059 733 3119 violati
752 3081 901 3119 essemus:
927 3073 1031 3131 tamen·
1046 3075 1171 3142 propter
1187 3061 1326 3136 iniurias,

157 3143 269 3223 quibus
292 3143 370 3206 ¹alios
398 3143 478 3203 affici
502 3144 693 3217 uidebamus,
720 3144 836 3222 bellurn
860 3165 925 3204 esse
951 3148 1119 3226 gerendum
1144 3139 1327 3227 putavimus
1355 3156 1359 3170 '

143 3232 272 3296 Uerum
291 3229 401 3301 onmia,
420 3248 496 3307 quae
512 3251 531 3298 a
547 3229 793 3297 Lacedaemoniis
812 3241 933 3308 peccata
950 3242 1023 3298 sunt
1040 3252 1094 3309 per
1111 3231 1241 3313 triginta.
1254 3230 1326 3289 illos

157 3333 272 3385 annos,
285 3325 321 3372 et
337 3335 354 3372 a
372 3313 536 3384 maioribus
555 3314 666 3385 uostris
685 3334 740 3393 per
756 3306 962 3396 septuaginta,
987 3313 1104 3372 minora
1121 3329 1209 3388 sunt,
1226 3313 1326 3374 Athe-

71 3470 74 3475 *
105 3426 130 3456 ,·
158 3397 298 3471 nienses,
322 3398 376 3470 iis,
402 3419 479 3477 quae
498 3398 654 3480 Philippus
673 3397 770 3458 tribus
790 3410 821 3458 e't
838 3399 942 3458 decem
961 3395 1024 3458 ison
1042 3398 1114 3458 totis
1135 3400 1236 3472 annis,
1256 3398 1327 3478 qui-

133 3516 139 3522 ·
158 3481 216 3541 bus
234 3481 348 3562 aliquid
362 3503 431 3549 esse
451 3475 569 3563 coepit,
580 3484 617 3543 in
630 3484 764 3555 Graecos
779 3483 945 3554 commisit:
964 3482 1025 3549 imo
1044 3504 1100 3542 nec
1117 3483 1240 3542 minima
1256 3504 1328 3562 pars

132 3566 209 3633 „illa
234 3580 307 3632 sunt
333 3566 461 3638 horum:
496 3568 589 3647 idque
610 3568 718 3651 paucis
745 3567 864 3628 ostendi
889 3559 989 3628 verbis
1015 3563 1103 3627 facile
1127 3569 1256 3648 potest'
1281 3566 1329 3625 hc

123 3650 129 3654 ’
159 3645 329 3732 Olynthum
348 3652 479 3731 *quidem
514 3667 544 3712 et
565 3653 741 3723 Mathonem
775 3666 806 3713 et
828 3651 1023 3732 Apolloniam
1058 3666 1089 3711 et
1115 3652 1188 3711 duas
1215 3664 1246 3710 et
1272 3651 1329 3711 tri-

127 3738 130 3746 “
158 3734 241 3816 ginta
259 3737 349 3815 urbes
366 3737 401 3809 in
415 3737 548 3813 Thraciax
561 3737 685 3797 omitto:
705 3759 777 3815 quas
796 3737 950 3799 universas
969 3738 1044 3813 adeo
1065 3735 1229 3797 crudeliter
1247 3735 1330 3795 exci-'

159 3819 213 3891 dit,
231 3831 276 3894 ut,
293 3821 320 3880 si
338 3822 510 3895 accesseris,
527 3844 584 3885 nec
603 3845 640 3882 an
658 3843 792 3900 unquam
811 3821 960 3891 habitatae
979 3821 1106 3893 suerint,
1124 3821 1212 3887 facile
1231 3819 1329 3892 ditas:

145 3915 193 3962 ⁴et
214 3898 346 3987 gentem
360 3919 474 3968 tautam
492 3906 695 3967 Phocensium
720 3905 849 3967 deletam
873 3918 968 3966 taceo.
1003 3903 1064 3965 Sed
1081 3905 1254 3967 Thessaliae
1275 3905 1330 3988 qui

93 3986 96 3997 '
159 3999 253 4048 status
272 3990 339 4050 est?
367 3987 484 4051 =Nonne
504 4004 534 4051 et
551 3985 642 4050 urbes
662 4004 693 4050 et
717 3990 901 4072 respublicas
920 3989 963 4048 eis
982 3989 1112 4062 ademit,
1148 4003 1178 4050 et
1195 3989 1328 4051 Thessa-

159 4071 230 4132 liam
244 4073 276 4137 in
292 4083 424 4153 quatuor
436 4076 641 4156 praefecturas·
653 4075 769 4148 divisit,
785 4088 897 4135 utnon
911 4073 1029 4156 singula
1046 4074 1161 4155 oppida,
1172 4076 1329 4146 duntaxat,

161 4156 214 4217 sed
227 4171 332 4240 gentes
348 4159 438 4229 etiam
455 4159 623 4220 servirent?
642 4159 795 4220 Euboicae
810 4173 902 4239 porro
918 4158 1010 4218 urbes
1025 4179 1128 4219 nonne
1145 4159 1204 4219 iam
1221 4172 1325 4243 tyran.-

161 4242 206 4308 nls
222 4255 339 4324 parent,
357 4264 471 4325 eaeque
487 4244 518 4304 in
535 4244 633 4305 insula
650 4243 747 4322 uicina
758 4243 872 4305 Thebis
886 4257 917 4304 et
930 4241 1079 4317 Athenis?
1096 4243 1207 4315 Nonne
1223 4255 1326 4325 aperte

105 4333 144 4389 76
164 4327 268 4399 scribit
283 4327 323 4428 iu¹
330 4326 438 4389 literis:
448 4327 532 4389 ,atili
549 4350 622 4393 vero
637 4346 695 4417 par¹
710 4340 756 4391 est
770 4349 838 4397 cnm
852 4326 900 4404 iis,
917 4328 970 4417 qui
986 4327 1060 4401 mihi
1076 4348 1181 4409 parere
1197 4326 1327 4397 volunt?
1357 4408 1360 4413 ἱ
