2722 4754
76 40 120 58 ξι·
209 51 211 60 ,

120 59 165 104 ,ι
254 84 258 95 ι

124 109 363 254 ,onas
388 141 1088 239 ‚nnuosrunnrsonemo

69 334 71 341 '
153 294 354 399 spondemus:
367 279 440 374 sed
457 314 543 409 quod
558 313 596 371 ad
614 295 766 372 nummos
778 294 937 394 attineret,
961 295 1057 393 ιιιιοε
1061 312 1229 387 redderet,
1245 294 1336 379 auti-

42 414 44 425 '
120 416 299 491 quatnros
318 421 419 460 eoram
436 392 587 457 mensario
606 398 822 480 syngrapham:
848 400 1020 460 universam
1038 410 1143 469 autem
1161 419 1226 458 non
1245 401 1316 461 auti·

89 514 91 521 ·
152 500 317 588 ιιιιιιιιιιοιἰ
334 496 494 564 antequam
513 482 550 543 de
574 483 788 543 controversiis
816 483 1015 582 disceptatum
1034 496 1130 544 esset:
1160 505 1223 564 quo
1243 486 1318 544 enim

25 588 29 591 ·
68 573 161 646 32ιι
152 591 229 645 rure,
247 592 309 650 quo
328 567 552 636 controversiae
570 568 759 628 firmamento
778 569 958 642 niteremur,
976 568 1040 628 sive
1059 570 1101 628 ad.
1114 568 1304 628 arbitrum'
1282 592 1319 629 st·
1295 561 1337 586 ”’

149 678 189 718 ve
207 658 244 716 ad
262 655 394 714 iudicem
412 667 535 715 ventum
544 665 644 724 esset,
662 653 833 737 syngrapha
851 653 1019 727 sublata,
1000 676 1032 712 ιιι
1051 675 1110 733 qua
1127 653 1320 716 fundamenta

52 810 54 817 ,
152 741 251 803 nostri
269 740 343 803 iuris
363 741 418 800 sita
437 737 567 813 essent?
593 736 676 797 Haec
694 739 783 797 nobis
803 738 988 824 ducentibus,
1015 738 1241 812 Athenienses,
1259 753 1321 800 eta

107 822 109 829 '
149 827 368 910 Dionysodoro
387 823 578 921 petentibus,
602 841 641 879 ne
658 823 860 909 syngrapham
884 836 1111 897 commoveret,
1132 838 1192 883 nec
1209 824 1318 884 irritam

151 913 281 999 faceret,
309 932 411 1008 quam
407 922 448 968 et
466 908 524 988 ipsi
542 919 635 966 ratam
655 903 831 967 habuissent
849 920 881 967 et
905 909 1153 981 confirmassent,
1177 911 1238 968 sed
1255 922 1318 968 tan-

54 994 63 1000 ’
151 995 217 1057 turn
235 995 399 1078 pecuniae,
419 1005 565 1072 qnantum
582 991 657 1091 ipse
667 992 846 1066 obtulisset,
870 994 1027 1067 redderet,
1047 994 1084 1054 de
1104 995 1319 1060 controversiis

120 1092 122 1096 ’
150 1096 252 1142 autem
270 1092 388 1161 paratos
409 1099 474 1138 esse
492 1098 568 1149 nos,
587 1077 650 1136 sive
669 1077 739 1149 uni,
758 1077 821 1137 sive
838 1077 1004 1157 pluribus
995 1099 1059 1157 1pse
1078 1079 1200 1138 vellet
1191 1101 1223 1137 m
1242 1100 1318 1137 mer

105 1167 108 1174 ι
151 1170 222 1227 catu
237 1164 383 1224 indicium
409 1162 600 1242 permittere:
624 1163 773 1221 recusavit
788 1161 1023 1247 Dionysodorus
1049 1163 1159 1223 omnia
1168 1164 1318 1224 Etcum

111 1312 120 1331 ι
139 1249 362 1334 syngrapham
376 1261 471 1307 totam
490 1267 552 1306 ιιοιι
578 1246 819 1352 aboleremus,
812 1259 847 1306 ut
864 1248 929 1328 ipse
942 1238 1126 1322 ιιιιιιιιιιιιιι,
1149 1250 1317 1348 secundnm

12 1356 68 1393 :1
150 1335 214 1395 iam
228 1355 341 1393 annum
358 1345 461 1392 nostra
479 1331 619 1391 habetet
643 1332 780 1413 pecuniis
798 1331 919 1404 utitur,
940 1345 989 1404 et,
1016 1335 1098 1432 ιιιιιιιι
1119 1346 1166 1392 est
1185 1333 1318 1394 omniurn
1345 1341 1350 1351 ”

74 1450 77 1453 ’
142 1419 374 1507 gravissimum,
399 1416 567 1490 ludices,
558 1439 622 1496 ipse
640 1417 677 1477 ab
696 1417 777 1476 aliis
785 1395 903 1477 navales
921 1439 1029 1477 usuras
1048 1417 1143 1499 exigit
1160 1419 1199 1476 tle
1219 1431 1318 1478 nostra

107 1506 300 1605 pecunia,
295 1522 400 1582 quam
415 1514 477 1560 ιιοιι
495 1500 625 1560 Athenis
643 1501 802 1599 mutuavit,
820 1524 876 1562 nec
891 1500 1038 1574 Athenas,
1056 1503 1110 1562 sed
1126 1503 1271 1563 Rhodum
1291 1516 1320 1567 et
1358 1561 1360 1573 ,

147 1589 182 1651 in
189 1586 388 1673 Aegyptum:
415 1586 504 1646 nobis
523 1592 614 1659 ve'ro,
640 1586 741 1667 quiin
760 1600 894 1646 vestrum
921 1586 1085 1647 mercatum
1105 1587 1320 1663 mutuavimus,

66 1688 70 1691 ’
125 1667 227 1735 itihil
244 1673 333 1753 aequi
357 1669 581 1760 praestandum
596 1683 706 1730 censet.
742 1672 824 1731 Haec
842 1684 927 1733 ιιιι·Ι
936 1694 983 1741 ute
1002 1693 1072 1733 vere
1103 1672 1164 1748 diei
1191 1686 1317 1748 constet,

113 1758 343 1819 recitabimus
360 1757 447 1817 vobis
462 1756 724 1868 provocationem,
743 1779 800 1836 qua
820 1755 893 1815 hacc
911 1757 948 1826 ab
967 1779 1005 1817 eo
1023 1757 1260 1838 postulavimus.

466 1901 470 1908 ¹
547 1862 955 1952 Pnovocai10.-

232 2013 291 2085 Ad
295 2007 376 2073 hunc
388 2012 523 2086 modum,
538 2011 680 2085 Iudices,
682 2034 749 2073 eum
758 1962 1008 2111 Dionysodorum
1021 2005 1319 2113 saepeprovocasse-

30 2096 38 2117 ”
63 2114 65 2118 ’
148 2121 234 2171 mus,
259 2110 290 2156 et
306 2106 362 2177 per
387 2098 557 2198 complures
578 2097 641 2156 dies
666 2097 915 2197 provocationem
939 2098 1221 2184 proposuissemus.
1247 2099 1317 2163 sim-

80 2220 107 2247 x,
139 2184 243 2264 ,plices
270 2201 326 2240 nos
344 2184 465 2264 penitus
484 2182 530 2241 ait
543 2203 609 2241 esse
628 2182 787 2255 homines,
805 2182 839 2240 si
856 2195 1052 2281 putaremus,
1072 2205 1170 2262 usque
1191 2185 1268 2244 adeo
1287 2206 1318 2244 se

57 2306 59 2311 <
124 2311 127 2314 -
147 2268 405 2330 inconsideratum
426 2288 507 2338 esse,
530 2280 566 2326 ut
584 2266 624 2329 ad
638 2224 811 2326 arbitruni
803 2280 885 2340 iret,
903 2289 970 2338 cum
989 2267 1027 2325 in
1039 2281 1144 2346 aperto
1161 2281 1262 2340 esset,
1287 2290 1319 2328 se
1338 2321 1343 2331 ,

55 2350 68 2424 ’“,
90 2371 101 2415 ἱ
149 2342 407 2452 cendemnatum
408 2352 447 2411 iti
464 2352 510 2410 ad
534 2351 715 2411 solvendam
734 2351 927 2451 pecmffiam,
935 2374 1003 2413 cum
1028 2352 1087 2411 sibi
1107 2374 1252 2413 nummos
1271 2353 1318 2413 se·
1344 2408 1350 2415 .

28 2511 32 2519 ι
63 2448 67 2458 ’
123 2432 229 2509 'remi
258 2438 362 2496 venire
387 2437 419 2495 in
445 2436 591 2495 iudicium
614 2435 746 2496 liceret:
769 2435 927 2495 deinde
904 2459 937 2496 sr
954 2457 1007 2506 vos
1023 2437 1176 2498 deludere
1194 2433 1343 2520 posset,

36 2596 65 2606 Γ
130 2523 300 2583 abiturum
318 2544 388 2580 cum
392 2512 503 2580 aliena
527 2521 672 2601 pecunia,
697 2520 744 2581 sin
763 2522 880 2595 minus,
905 2534 969 2586 tum
987 2522 1338 2623 demumsoluturum‘,¹

31 2618 34 2635 ⁴
67 2644 99 2685 ⁸-
128 2608 295 2684 ,ιιῑιιιιιιιο
313 2628 376 2666 ιιοιι
395 2606 460 2666 iure
480 2606 585 2679 fretus,
603 2608 656 2669 sed
675 2607 766 2666 vestii
784 2565 953 2686 pericirlum
972 2605 1120 2671 facturus.
1151 2608 1269 2682 Quae'
1260 2607 1317 2689 rgi-

147 2679 459 2790 turaDionysodoro
477 2691 553 2751 sacta
572 2703 653 2765 sunt,
671 2691 836 2764 audivistis,
855 2691 980 2750 ludices
998 2690 1099 2779 Quae
1105 2693 1178 2751 dum
1197 2692 1317 2771 auditis,
1338 2762 1342 2767 .

121 2772 124 2785 ¹
146 2764 322 2836 iamdudum
341 2797 394 2835 vos
419 2776 521 2834 mirari
547 2735 678 2835 arbitrbr
702 2776 835 2841 hominis
861 2775 1053 2850 audaciam,
1056 2792 1152 2876 quave
1170 2797 1205 2836 re
1221 2776 1318 2837 fretus

64 2864 108 2944 ᾗ
147 2861 266 2921 bucsit
282 2860 448 2942 ingressus,
467 2861 611 2942 cogitare.
642 2862 713 2920 Non
733 2861 813 2920 enim
831 2861 954 2920 audacia
974 2875 1033 2933 est,
1052 2862 1077 2920 si
1095 2861 1164 2941 quis
1185 2882 1221 2921 ex
1238 2883 1316 2921 mer-

26 2976 28 2983 c
60 2941 63 2947 ’
148 2958 217 3006 catu
234 2944 471 3005 Atheniensium
487 2946 645 3025 pecuniam
672 2959 825 3005 mutuatus
843 2947 876 3021 ip
901 2946 1102 3028 syngrapham
1120 2946 1237 3026 epertis
1251 2966 1329 3005 ver:

132 3030 221 3090 -bis
212 3030 381 3110 inscripsit,
406 3051 437 3089 se
456 3052 563 3090 navem
587 3030 620 3089 in
643 3032 776 3108 vestrum
802 3043 966 3091 mercatum
991 3032 1208 3131 reducturum,
1233 3031 1316 3110 quod

68 3116 79 3130 ³
143 3109 207 3173 nisr
198 3114 349 3188 iecerit,
374 3114 499 3195 duplum
525 3115 711 3175 soluturum:
736 3136 824 3188 eum,
849 3136 928 3174 cum
927 3112 1056 3175 navenl
1064 3137 1122 3176 nec
1139 3116 1173 3174 in
1192 3114 1338 3175 Piraeeo-

63 3209 123 3266 321
148 3200 307 3280 appulerit,
331 3219 431 3277 neque
449 3200 611 3279 pecuniam
635 3199 836 3260 creditoribus
860 3200 1046 3272 restitnerit,
1074 3213 1106 3263 et
1130 3200 1316 3260 serimentum

80 3353 82 3357 ,
147 3284 251 3344 Rhodi
269 3297 465 3368 exoneratum
484 3281 666 3357 vendiderit,
683 3285 729 3344 his
747 3296 848 3345 tamen
865 3285 1051 3346 facinoribus
1069 3286 1183 3346 audere
1200 3299 1315 3356 vestros

42 3418 50 3426 .
78 3368 100 3413 s
130 3368 248 3429 'vultus
266 3383 357 3448 atque
376 3390 428 3428 ora
445 3369 580 3429 intueri?
615 3370 699 3445 Quid
717 3383 818 3430 autem
836 3370 873 3428 ad
891 3369 1316 3450 haeorespondeat'quaeso,

22 3488 27 3507 ι
108 3492 110 3498 -
147 3453 257 3513 audite
291 3454 405 3514 Navem
430 3474 465 3512 ex
489 3454 631 3537 Aegypto
657 3456 837 3514 redeuntem
863 3468 981 3535 ruptam
1008 3476 1073 3515 esse
1098 3455 1209 3515 dicit:
1203 3476 1315 3535 eaque

148 3560 180 3599 se
200 3540 237 3598 de
256 3552 500 3602 causncoactum
518 3539 662 3600 Rhodum
680 3540 849 3620 appellere,
867 3548 958 3641 atqu'e
977 3540 1019 3600 ibi
1034 3526 1226 3601 frumentum
1245 3562 1315 3600 exo-

147 3644 261 3683 nerare.
296 3624 368 3683 Eius
388 3624 433 3681 rei
451 3636 661 3722 argumentum
680 3625 756 3685 illud
776 3645 840 3683 esse
861 3607 950 3696 dicit,
974 3627 1056 3704 quod
1072 3625 1180 3685 Rhodi
1198 3625 1316 3707 navigia

78 3767 81 3774 ,
123 3777 126 3782 ,
145 3710 328 3773 conduxerit
347 3721 377 3768 et
393 3708 538 3770 mercium
556 3719 672 3789 partem
691 3709 750 3770 hnc
768 3709 891 3770 miserit
926 3710 1009 3770 Haec
1028 3710 1216 3773 defensionis
1235 3711 1314 3771 illins

60 3786 81 3841 ’ἶ
118 3807 206 3879 'puna
224 3817 291 3875 pars
311 3807 371 3854 est:
396 3793 487 3854 altera
504 3793 561 3852 illa.
596 3786 667 3892 Ait,
695 3808 832 3873 caeteros
854 3796 1018 3869 creditores
1046 3796 1235 3856 concessisse
1258 3795 1339 3855 sibi-

145 3902 252 3940 usuras
270 3879 414 3938 Rhodum
436 3898 550 3956 usqne:
563 3878 713 3957 iniquum
737 3878 831 3961 igitur
855 3852 987 3954 fbre,
963 3903 989 3940 ss
1006 3902 1079 3941 nos
1090 3882 1215 3954 eadem,
1240 3902 1315 3961 quae

53 3970 71 4041 ζ
104 4019 114 4035 ,
140 3964 202 4038 illi,
220 3958 389 4025 concedere
408 3963 548 4062 nolimus
577 3964 693 4024 Tertia:
712 3965 817 4024 iubere
836 3966 1046 4046 syngrapham,
1065 3979 1244 4027 conservata
1262 3987 1313 4026 na-

145 4069 193 4108 ve
208 4050 295 4110 reddi
317 4047 496 4148 pecuniam:
520 4066 626 4108 navem
650 4061 751 4110 antem
778 4048 810 4108 in
834 4051 992 4111 Piraeeum
1017 4044 1145 4131 perduci
1169 4072 1234 4112 non
1259 4072 1337 4134 po·-

52 4142 57 4154 ‘
146 4133 262 4194 tuisse.
284 4139 347 4194 Vos
366 4133 477 4215 igitur,
496 4133 632 4207 ludices,
656 4147 774 4195 nostras
792 4147 897 4195 contra
916 4135 1024 4195 horum
1042 4136 1164 4218 singula'
1182 4137 1313 4196 rationes

44 4214 94 4302 ‘w
126 4216 256 4284 xaudite.
265 4224 271 4262 ¹
291 4218 459 4292 Primum,
468 4220 551 4318 ιιιιοιι
568 4232 687 4319 ruptam
708 4240 776 4280 esse
788 4241 901 4320 navem
920 4220 1011 4296 dicit,
1034 4221 1156 4302 liquere
1168 4221 1312 4283 omnibus

62 4340 69 4352 ι
147 4301 288 4394 arbitror,
307 4311 375 4368 eum
394 4303 525 4366 mentiri.
559 4300 678 4391 Nam
653 4327 680 4365 ιι
697 4303 742 4365 id
738 4303 817 4368 navi
835 4262 1011 4394 accidisseti
1024 4328 1063 4397 ιιι
1081 4307 1228 4371 Rhodum
1236 4306 1312 4396 ιιιιί-

578 4486 584 4498 '
606 4442 609 4471 ι
