2722 4754
126 139 203 238 ἰιι
411 135 788 256 annosque-urs
811 146 1023 240 ὀιιιιίιι

140 346 245 403 teneat
263 304 377 394 eteius
395 352 427 391 se
446 330 592 414 gentilem
611 352 677 391 esse
696 333 892 414 profiteatur:
918 335 972 393 sed
992 355 1059 393 enm
1078 335 1175 394 lilium
1194 337 1309 396 Macar-

140 432 205 480 tato
224 419 373 478 avunculo
398 404 604 497 adoptandum
623 417 757 477 deditio
776 419 979 500 Prospaltinm
1006 420 1223 521 municipium:
1248 423 1308 482 Ha-

59 498 62 508 ’
141 506 282 588 ιιιιιιιιιιιι
300 517 401 564 autern
419 502 580 576 familiam,
599 516 744 595 quantum
763 504 796 563 in
815 526 847 563 se
865 505 941 579 luit,
961 506 1112 588 exstingui
1130 527 1247 586 passus
1256 522 1309 581 est,

141 615 193 671 qur
185 589 291 648 idem
311 589 401 661 dicit,
419 602 534 670 patrem
552 611 641 648 suum
661 567 796 672 Hagniae
814 590 908 661 fuisse
927 604 1076 672 agnatum.
1112 588 1189 651 Cum
1209 605 1316 652 autem.

139 675 263 758 Solonis
281 675 329 734 lex
347 675 468 749 iubeat,
473 696 582 733 mares
602 688 633 734 et
650 697 667 734 a
685 674 817 734 maribus
836 690 1013 775 procreatos
1031 677 1169 757 potiores
1190 677 1308 736 baberi:

138 762 197 821 iste
216 746 292 820 :ideo
318 761 458 842 expedite
478 773 508 819 et
524 761 608 841 leges
627 773 659 819 et
676 760 832 842 Hagniam·
850 761 1026 835 contemsit,
1051 776 1087 822 ut
1104 762 1202 821 silium
1222 785 1307 822 suum

138 846 170 905 ιιι
190 860 355 906 maternam
372 846 516 907 familiam
534 846 740 926 adoptandum
759 846 886 906 dederit
895 846 969 922 Qui
985 846 1051 906 fieri
1070 842 1190 928 possint
1210 847 1307 909 bomi-
1354 850 1357 855 ’

35 944 43 957 ⁴
137 953 192 992 nes
211 932 276 992 istis
295 932 464 1012 iniquiores
481 943 534 990 ant
555 927 777 990 violentiores?
809 933 918 1011 Neque
936 953 1009 993 vero
1028 933 1087 992 boc
1106 934 1206 992 solum
1225 951 1307 993 com-

51 1085 54 1090 ,
138 1018 303 1078 miserunt:
328 1018 380 1077 sed
406 1039 475 1077 cum
492 1013 654 1074 Buselidae
679 1036 785 1074 omnes
809 1038 971 1077 commune
997 1030 1230 1078 monumentum
1256 1018 1325 1095 bag

137 1103 229 1164 beant
247 1104 354 1186 (idque
380 1102 613 1162 monumentum
630 1100 839 1162 liuselidarum
868 1102 1061 1203 nominatur,
1087 1105 1222 1185 amplum
1241 1126 1305 1185 spa-

128 1189 214 1250 tium
234 1189 499 1288 ιιιιτιιιιιιιιιιιιιιι,
518 1199 553 1245 ut
570 1185 688 1265 ιιιιιιιιιι
706 1185 876 1271 solebant),
913 1188 944 1247 in
964 1210 1001 1249 eo
1020 1200 1223 1248 monumento
1242 1211 1306 1249 cae-

16 1347 18 1350 ,
85 1275 105 1290 '‘
135 1274 195 1334 teri
213 1294 319 1334 omnes
338 1273 397 1362 orti
415 1295 431 1332 a
449 1272 564 1335 Buselo
581 1271 632 1330 siti
650 1284 738 1343 sunt,
757 1273 903 1372 Hagnias,
920 1261 1100 1347 Eubulides,
1118 1269 1258 1349 Polemo,
1277 1287 1305 1334 et

54 1407 58 1412 .
135 1360 246 1440 reliqui
264 1381 389 1434 omnes,
412 1371 493 1418 tanta
512 1356 695 1416 multitudo.
718 1358 852 1417 universi
878 1360 1010 1439 denique
1029 1361 1090 1419 orti
1108 1381 1124 1418 a
1143 1352 1257 1419 Bdselo
1275 1360 1303 1419 id

135 1458 367 1506 monumentum
387 1465 548 1513 commune
568 1443 688 1502 babent
710 1442 865 1503 blacartati
884 1458 984 1505 autem
1003 1459 1090 1526 pater
1107 1444 1303 1535 eiusdemque
1334 1506 1338 1520 ,

49 1541 54 1555 ‘
135 1553 208 1591 avus
227 1551 264 1590 eo
282 1542 483 1589 monumento
501 1529 550 1589 usi
568 1549 630 1587 non
649 1540 737 1587 sunt:
755 1529 832 1590 sed
824 1529 880 1610 ipsi
894 1530 1032 1610 privatim
1048 1530 1107 1590 sibi
1123 1551 1300 1590 monumen-

134 1613 200 1677 t'um
218 1616 358 1675 lecerunt
374 1614 481 1715 procul
499 1636 515 1672 ιι
533 1613 743 1672 Buselidarum
762 1628 970 1675 monumento.
990 1615 1071 1675 Num
1089 1615 1232 1674 videntur
1247 1637 1298 1675 vo

136 1703 193 1776 bie,
211 1701 339 1774 ludices,
357 1700 519 1781 quicquam
537 1698 574 1758 ιιι
592 1698 728 1780 Hagniae
746 1699 889 1775 familiam
908 1701 1052 1760 attinere:
1076 1701 1136 1760 nisi
1155 1714 1297 1780 quatenus

62 1804 64 1809 '
135 1809 179 1861 ea,
199 1808 275 1867 quae
293 1786 425 1846 nibilad
443 1785 526 1866 ipsos
544 1783 685 1856 attinent,
703 1797 805 1865 erepta
824 1787 1031 1867 occuparunt?
1054 1786 1115 1846 Sed
1134 1799 1236 1845 utrum
1255 1788 1299 1845 in-

27 1916 30 1921 ·
74 1902 89 1914 κ
133 1885 231 1934 tereat
243 1873 379 1955 Hagniac
395 1870 508 1931 familia
522 1882 553 1930 et
565 1869 745 1953 Eubulidae,
763 1871 899 1971 Hagniae
916 1873 1071 1952 patruelis,
1090 1892 1197 1932 eorum
1214 1871 1298 1945 etiam

134 1958 259 2019 nornine
277 1958 427 2031 abolito,
439 1957 505 2016 eius
523 1955 568 2014 rei
587 1976 658 2015 cura
677 1975 733 2015 nec
751 1956 875 2016 minima
893 1957 954 2019 illis
972 1979 1106 2038 unquam
1126 1956 1194 2016 luit
1237 1959 1299 2040 Ego

134 2058 253 2125 autem,
270 2044 408 2116 ludices,
431 2041 569 2122 opitulor
585 2039 762 2142 equidem,
768 2055 924 2143 quantum
934 2062 1058 2122 possum
1077 2043 1222 2115 maxime,
1248 2043 1299 2102 de-

55 2167 56 2170 =
95 2133 99 2140 ’
133 2129 246 2191 iunctis
265 2128 341 2188 illis:
366 2129 420 2187 sed
438 2148 502 2187 non
528 2127 653 2199 omnino
672 2127 761 2187 facile
779 2140 843 2200 eet,
874 2127 962 2187 istius
985 2128 1176 2230 apparatibus
1196 2129 1298 2188 adver·
1334 2172 1345 2187 ι

133 2215 200 2276 sari.
234 2213 363 2275 Trade
353 2213 464 2295 igitur,
488 2213 623 2286 ludices,
645 2212 734 2272 tobis
752 2213 835 2272 bunc
851 2233 980 2294 puerum
999 2213 1053 2273 ιιι
1059 2216 1241 2288 curandum,
1265 2227 1299 2274 ut
1332 2259 1334 2263 -

84 2347 86 2352 s
132 2300 221 2361 vobis
238 2299 452 2379 aequissimum
470 2298 631 2359 videbitur.
666 2297 724 2357 Hic
742 2299 901 2379 adoptatus
921 2311 974 2357 est
984 2299 1015 2358 in
1030 2299 1176 2359 iamiliam
1194 2260 1297 2358 Eribo-

132 2377 223 2459 lida'e‚
243 2397 273 2444 et
290 2385 483 2445 introductus
498 2384 535 2442 ad
550 2383 687 2459 curiales,
705 2404 769 2442 non
788 2404 882 2457 meos,
901 2385 955 2443 sed
970 2384 1148 2458 Eubulidae,
1163 2384 1296 2484 ιιιιιιιιιι

134 2468 344 2532 etlllaeartati.
371 2469 497 2528 Etcum
516 2468 772 2541 introduceretur,
789 2469 901 2529 caeteri
920 2470 1047 2530 curiales
1065 2471 1140 2529 clam
1159 2470 1298 2552 suffragia
1327 2534 1329 2539 ,

17 2579 33 2633 j
131 2556 287 2617 ferebant.
310 2556 490 2616 Macartatus
509 2566 609 2614 autem
628 2567 733 2635 aperto
752 2554 898 2646 suffragio
925 2555 1125 2629 decernebat,
1150 2569 1234 2616 recte
1253 2554 1297 2613 in-

28 2656 31 2660 ’
84 2672 88 2679 =
131 2641 253 2702 troduci
271 2640 367 2700 filium
385 2639 556 2699 Eubulidae
574 2660 702 2720 puerum
721 2639 812 2712 bunc,
831 2662 899 2700 cum
918 2640 1069 2701 victimam
1088 2655 1213 2723 tangere
1232 2641 1296 2711 nol-

132 2726 175 2787 let
194 2739 245 2786 aut
271 2724 308 2785 ab
326 2747 375 2785 ara
398 2724 565 2795 ebducere,
592 2746 685 2805 seque
710 2727 901 2785 reddendae
908 2726 1033 2794 ιι’,ιιοιιι
1045 2727 1175 2786 reddere
1203 2725 1296 2785 obno-

49 2812 160 2874 180
131 2835 230 2874 nrum:
249 2812 301 2870 sed
321 2823 352 2870 et
369 2824 453 2890 parte
472 2811 607 2871 carnium
620 2832 635 2869 a
650 2821 746 2890 puero
765 2809 824 2870 boc
841 2823 973 2890 accepta,
990 2824 1025 2869 ut
1043 2825 1073 2870 et
1092 2812 1143 2870 alii
1161 2811 1296 2885 curiales,

131 2897 212 2958 abiit
244 2896 448 2957 Existimnt'e
439 2895 541 2980 agitur,
562 2894 688 2969 ludices,
705 2917 833 2976 puerum
852 2896 934 2954 bunc
951 2909 1021 2955 ante
1038 2917 1092 2955 vos
1112 2897 1211 2956 iacere
1230 2920 1296 2978 sup-

131 2983 240 3066 lilicern
266 3002 324 3062 pro
347 2981 499 3046 defunctis
525 2979 642 3062 Hagnia
666 2994 698 3040 et
722 2980 893 3055 Eubulide,
919 2994 949 3040 et
976 2981 1100 3041 caeteris
1126 2982 1163 3040 ab
1183 2982 1296 3065 Hagnia

51 3080 69 3129 .'
131 3067 283 3128 oriundis.
301 3079 392 3147 atque
411 3066 509 3126 ιιιοι
499 3087 582 3147 ipsos
600 3065 686 3125 vobis
705 3066 894 3146 supplicare,
913 3066 1041 3139 ludices,
1059 3088 1098 3125 ne
1116 3089 1170 3126 sua
1189 3067 1296 3126 familia

43 3208 50 3224 ,,
131 3152 341 3234 exstinguatur
351 3151 394 3214 'ab
417 3151 626 3210 immanibus
618 3152 681 3210 rstis
702 3151 827 3210 belluis:
853 3171 1016 3232 quaecum
1036 3153 1131 3212 sinae
1150 3151 1297 3211 Stratiana

129 3237 261 3310 familia,
287 3249 318 3307 et
335 3237 493 3319 Hagniana
510 3237 635 3296 suerunt
652 3256 826 3316 nunquam,
853 3258 954 3316 neque
972 3238 1151 3318 permittatis
1172 3237 1236 3298 istis
1255 3250 1297 3297 te-

130 3332 203 3384 nere
221 3321 335 3395 aliena,
362 3323 415 3382 sed
435 3344 468 3381 ea
486 3321 647 3399 restituere
667 3321 781 3404 cogatis
800 3321 830 3380 ιιι
851 3321 1038 3404 Hagnianam
1058 3323 1218 3396 familiam,
1244 3342 1293 3381 co-

128 3407 228 3494 gnatis
247 3407 391 3490 Hagniae.
426 3407 495 3489 Ego
518 3407 612 3490 igitur
637 3421 669 3467 et
693 3407 751 3467 illis
778 3407 913 3487 opitulor
938 3408 1111 3480 defunctis,
1133 3420 1163 3466 et
1179 3407 1296 3489 legibus

114 3494 213 3554 ‘bisce
232 3494 269 3551 de
287 3492 378 3552 rebus
396 3491 471 3551 latis.
506 3496 570 3551 Vos
589 3505 688 3553 autem
709 3513 781 3567 οιο,
802 3492 935 3566 ludices,
954 3493 1082 3552 obsecro
1102 3506 1133 3552 et
1150 3494 1296 3593 obtestor,

94 3628 97 3632 .
126 3579 234 3640 nevel
252 3598 349 3658 puero
368 3577 439 3636 buic
457 3561 595 3636 insultari
613 3577 768 3679 patiamini
787 3578 851 3637 ab'
842 3578 920 3679 istis,
935 3579 983 3637 vel
1002 3579 1132 3640 maiores
1152 3579 1218 3637 eius
1237 3601 1294 3637 ma-

129 3665 175 3748 gis
194 3664 287 3723 etiam·
303 3662 431 3742 despici:
451 3663 503 3742 qui
517 3683 599 3721 nnnc
614 3663 761 3722 contemti
780 3677 878 3736 erunt,
897 3663 922 3721 si
935 3663 986 3722 isti
1000 3662 1207 3737 obtinuerint,
1223 3685 1294 3743 quae

128 3749 251 3810 volunt:
275 3749 329 3808 sed
353 3748 437 3829 leges
459 3746 589 3827 tuemini
608 3759 639 3806 et
665 3748 824 3807 defunctos
853 3746 971 3821 curate,
996 3772 1034 3808 ne
1053 3769 1171 3808 eorum
1188 3749 1294 3808 familia

128 3835 346 3933 exstinguatur}
380 3831 510 3932 Quae
486 3855 513 3891 ιι
529 3831 678 3892 feceritis:
706 3845 736 3891 et
754 3853 831 3912 quae
849 3853 943 3914 aequa
961 3848 1050 3908 sunt,
1075 3846 1106 3894 et
1124 3854 1182 3915 ιιιιι
1200 3845 1294 3894 vestra

116 3921 199 4045 lide,
218 3932 249 3980 et
265 3915 380 3980 vobis
371 3917 445 4000 upsis
462 3918 549 3977 utilia
567 3918 744 3977 decernetis.
