2722 4754
159 55 249 84 ,Ἰ

70 212 73 219 ’
129 191 210 282 '10¹
272 261 276 282 ι
335 204 349 255 f
475 166 951 302 nstanos'ina‘ms‘

124 372 335 456 suscepistis.¹
359 371 469 432 llaec
459 370 554 455 igitur
572 373 737 435 omittam·
751 344 932 446 Etenim,
908 393 933 431 ιι
952 371 1019 451 quis
1039 390 1108 432 tere
1128 368 1322 445 consideret,
1343 444 1357 450 ἱ

125 460 359 531 Athenienses,
392 456 463 518 hinc
483 473 560 518 eum
569 446 671 518 rideat
688 479 830 559 magnum
851 477 915 516 esse
934 458 1064 538 sactum,
1083 477 1147 516 non
1166 480 1182 516 a
1201 469 1314 517 semct-

137 546 217 630 ipso.
253 544 386 616 Proinde
406 551 479 623 quas
498 544 561 607 ille
567 565 616 604 res
634 556 771 624 acceptas
790 543 826 604 iis
843 543 958 605 referre
977 522 1097 618 debeat,
1119 544 1183 623 qui
1192 565 1228 603 ex
1248 543 1315 602 eius

135 624 303 692 ‘commodo
317 629 545 710 Rempublicam
555 630 812 700 administrarant,
831 643 969 709 quosque
983 650 1037 689 vos
1057 630 1212 711 suppliciis
1226 649 1314 689 coer-

81 776 84 784 ,
109 765 112 768 >
142 738 210 778 cere
236 717 353 779 deceat:
387 738 470 774 nunc
496 738 559 776 non
583 735 649 774 esse
672 714 761 775 video
786 715 927 774 narrandi
950 716 1099 778 locum·
1090 717 1192 790 ·Quae
1211 728 1314 774 autem

16 830 21 840 ·
87 878 89 882 ι
141 803 232 863 etiarn
249 812 369 886 praeter
383 800 461 861 haec
479 821 510 861 se
531 800 675 872 offerunt,
695 812 725 859 et
741 799 828 859 vobis
845 800 987 860 omnrbus
1000 800 1160 860 utilissima
1173 814 1246 861 sunt
1261 822 1314 858 au

51 954 58 962 ,
86 919 89 927 =
141 887 217 959 ditu,
238 899 267 945 et
281 897 404 968 magno,
421 884 638 971 Athenienses,
657 886 713 944 illi
721 905 786 943 esse
804 885 918 966 probro
936 886 1149 967 apparebit,
1125 909 1150 944 ιι
1169 886 1313 966 quirecte

56 1044 58 1055 Ι
141 971 299 1045 aestimare
319 971 429 1031 velint·
449 993 482 1030 ea
502 967 607 1031 dicere
626 971 767 1031 conabor
812 971 917 1030 Eum
909 972 1003 1053 igitur
1020 972 1174 1073 periurum
1195 985 1226 1031 et
1243 992 1312 1052 per-

140 1059 236 1130 fidum
247 1077 366 1130 vocare,
385 1056 450 1115 sine
464 1057 724 1126 demonstratione
736 1055 925 1144 facinorum
945 1058 1115 1117 convicium
1132 1077 1199 1118 esse
1211 1057 1314 1128 inane,

35 1164 57 1193 «ε
84 1165 88 1183 ¹
141 1142 322 1221 iuredicas.
368 1143 454 1217 Quae
480 1156 581 1202 autem
607 1164 741 1222 unquam
765 1134 929 1224 gessit-ea
954 1143 1107 1201 recenseri
1135 1142 1313 1224 accoar‘gui

142 1229 244 1290 omnia
264 1227 349 1286 brevi
366 1249 456 1308 posse
475 1229 625 1300 oratione,
652 1228 775 1288 etmihi
801 1227 924 1306 quidem
943 1228 1059 1287 duabus
1083 1229 1120 1299 de
1140 1228 1237 1288 causis
1251 1227 1314 1287 uti-

75 1335 77 1342 ⁴
137 1315 181 1378 ,lia
200 1334 265 1373 esse
291 1313 374 1372 dictu
399 1314 555 1373 videntur:
585 1327 651 1373 tum
669 1314 817 1386 utillum,
844 1312 972 1412 idquod
990 1335 1039 1372 res
1058 1327 1113 1387 est,
1139 1314 1320 1412 improbum
1355 1311 1357 1314 ¹

142 1421 208 1460 esse
229 1411 361 1458 constet:
380 1413 445 1458 tum
463 1413 508 1471 ut,
527 1420 579 1479 ιιιιι
570 1387 725 1481 Philippi
743 1399 852 1458 timore
871 1399 994 1461 attoniti
1012 1414 1093 1473 sunt,
1111 1401 1199 1477 quasi
1216 1399 1242 1457 is
1262 1423 1312 1458 su-

141 1484 240 1568 perari
260 1505 324 1545 ιιοιι
342 1480 450 1564 possit,
476 1483 607 1555 videant,
634 1494 703 1545 eu'm
721 1485 907 1565 percurrisse
927 1485 1039 1557 omnia,
1068 1484 1178 1565 quibus
1197 1485 1338 1544 ιιιιιιιιιιι·

59 1623 62 1626 ,
141 1593 197 1653 per
214 1569 412 1649 imposturam
429 1562 754 1650 magnrtudrnemhanc
764 1592 848 1629 suam
857 1569 948 1642 auxit,
967 1583 998 1628 et
1008 1569 1068 1628 ad
1059 1584 1158 1650 ipsum
1168 1571 1313 1629 accedere

140 1658 234 1716 linem
251 1675 304 1713 res
320 1655 391 1714 eius
418 1656 513 1736 Ego,
532 1655 747 1733 Athenienses,
770 1653 856 1715 valde
876 1656 1016 1714 ducerem
1037 1658 1148 1735 etipse
1167 1655 1312 1714 lormida-

69 1781 76 1798 ι
140 1738 258 1804 bilem
254 1759 319 1798 esse
339 1752 370 1798 et
388 1739 593 1799 admirabilem
612 1735 854 1821 Philippum,
829 1764 855 1799 sr
873 1739 960 1799 iustis
980 1761 1049 1799 etim
1069 1739 1198 1805 crevisse
1217 1740 1313 1800 actio

140 1827 232 1886 nibus
250 1825 401 1885 viderem.
428 1825 527 1897 Nunc,
547 1848 614 1885 cum
632 1848 698 1884 rem
718 1826 882 1908 diligenter
899 1822 1075 1899 considero,
1090 1825 1221 1906 reperio,
1239 1812 1312 1883 Pbr-

140 1912 257 1996 lippum
276 1931 310 1968 ea
328 1932 361 1970 re
380 1923 514 1970 nostram
533 1904 598 1970 ab
588 1910 677 1971 mitio
698 1911 893 1983 socordiam,
888 1933 976 1971 cum
996 1911 1169 1994 Olynthios
1189 1909 1312 1990 quidam

42 2012 44 2017 ⁴
67 1994 70 2000 ¹
131 1990 213 2080 binc
231 1997 419 2078 repulerunt,
439 1993 609 2076 orationem
628 1997 708 2077 apud
722 2017 779 2055 nos
798 1993 966 2068 habituros,
986 1996 1069 2075 quod
1084 2003 1120 2056 se
1141 1994 1312 2076 Amphipo-

96 2130 101 2143 ι
128 2082 194 2142 ·lim
210 2082 299 2142 nobis
315 2082 406 2142 tr'adit
395 2096 506 2155 turum,
526 2096 556 2142 et
572 2064 657 2155 illud,
660 2082 761 2163 quod
772 2082 938 2160 aliquando
950 2080 1125 2153 iactabatur,
1145 2081 1220 2141 clam
1238 2101 1312 2141 con·
1320 2141 1328 2146 ,
1345 2098 1347 2102 ”

137 2168 297 2228 lecturum
311 2168 434 2241 diceret,
452 2169 624 2249 pellexisse:
648 2126 865 2252 ¹0lynthiorum
883 2167 992 2226 deinde
1009 2167 1169 2228 amicitiam
1186 2165 1244 2251 sibi
1260 2165 1313 2224 ad·
1331 2236 1333 2239 Ι

34 2310 50 2331 2
140 2253 287 2326 iunxisse,
317 2245 535 2355 exppgrianda
540 2254 694 2324 Potidaea,
721 2264 839 2312 nostro
854 2252 981 2342 oppido,
1010 2265 1041 2311 et
1064 2265 1198 2333 ereptam
1218 2236 1312 2320 nobis

79 2346 119 2406 14
141 2333 295 2420 prioribus
312 2339 402 2398 sociis
420 2359 476 2429 per
492 2340 664 2413 iniuriam,
658 2337 722 2397 illis
735 2337 901 2416 tradendo.
919 2334 1080 2398 Thessalos
1096 2359 1179 2405 nunc
1193 2349 1313 2418 postre-

106 2473 109 2477 .
141 2444 192 2484 mo
212 2422 270 2483 sibi
289 2418 476 2498 conciliasse,
501 2424 720 2506 promittendo,
745 2444 777 2482 se
797 2423 840 2482 eis
849 2409 1044 2506 Magnesiam
1061 2423 1271 2487 traditurum:
1284 2436 1315 2482 ct

38 2585 40 2592 Ι
140 2500 329 2590 recipiend0,
356 2530 388 2568 se
406 2509 564 2570 Phocense
583 2509 697 2570 bellum
716 2530 771 2588 pro
792 2508 835 2568 eis
854 2521 1017 2590 gesturum.
1050 2509 1202 2588 Denique
1220 2490 1313 2566 neino
1354 2520 1356 2522 ’

86 2672 88 2676 7
142 2607 189 2654 est
207 2614 323 2667 eorum,
342 2592 397 2674 qui
412 2594 479 2674 ipso
498 2596 547 2654 usi
565 2608 645 2667 sunt,
664 2615 755 2673 quem
773 2615 837 2652 non
857 2594 1017 2675 deceperit.
1060 2594 1116 2652 His
1136 2595 1217 2653 enim
1240 2594 1313 2662 arti-
1321 2624 1330 2646 κ

38 2693 50 2704 ”
129 2679 198 2746 ibus
219 2681 322 2752 crevit,
349 2693 384 2738 ut
402 2701 522 2760 semper
540 2701 657 2750 eorum,
681 2701 697 2737 a
721 2678 860 2757 quibus
851 2693 1053 2760 rgnoraretur,
1076 2679 1322 2759 imprudentiam

63 2798 65 2803 v
140 2765 374 2825 circumveniret
396 2778 487 2845 atque
513 2765 700 2825 adscisceret.
744 2765 785 2822 Ut
803 2763 897 2846 igitur
920 2785 975 2844 per
996 2766 1071 2824 baec
1090 2764 1147 2823 alte
1167 2763 1324 2837 ascendit,

56 2918 59 2923 ,
142 2850 213 2909 dum
233 2850 361 2929 quisque
381 2850 482 2930 aliquo
499 2872 530 2910 se
544 2850 584 2908 ab
601 2871 637 2908 eo
655 2848 805 2907 beneficio
825 2847 995 2909 aflectum
986 2864 1024 2910 ιιι
1015 2848 1178 2929 putabat:
1197 2850 1240 2908 sic
1257 2868 1314 2929 per

142 2936 246 2994 eadem
265 2934 339 2993 baec
360 2935 448 2994 etiam
466 2933 557 2994 'deiici
574 2957 678 2993 rursus
699 2953 768 2992 eum
788 2947 920 3018 oportet,
943 2949 1103 3034 postquam
1123 2947 1314 3035 compertum

142 3033 198 3093 est,
228 3039 296 3078 eum
315 3020 364 3079 ad
371 3043 456 3080 suam
474 3020 635 3086 utilitatem
652 3019 766 3079 referre
786 3019 894 3080 omnia.
938 3024 973 3079 ln
993 3042 1029 3080 eo
1055 3020 1151 3102 igitur
1157 3019 1244 3079 loco
1263 3040 1321 3078 res

140 3105 275 3187 Philippi
292 3110 374 3164 nunc
393 3120 474 3179 sunt,
481 3102 723 3164 Athenienses,
757 3117 809 3163 aut
826 3107 954 3185 pro'deat
972 3105 1139 3186 aliquis,
1118 3105 1252 3179 etmihi,
1277 3125 1313 3163 ac
1334 3146 1336 3151 s

140 3189 359 3271 ιιοιιιιιιιιιιίι,
394 3192 544 3263 ostendat,
575 3191 624 3251 vel
642 3190 822 3249 baccame
836 3213 899 3250 non
917 3191 1083 3251 veredici:
1109 3189 1315 3268 veleos,qu'i
1353 3255 1357 3265 A

140 3277 280 3356 primum
280 3273 551 3375 deceptisunt,'
527 3299 561 3337 m
565 3272 700 3335 caeteris
717 3296 745 3351 er
736 3255 944 3336 credituros.
963 3277 1011 3337 vel
1026 3275 1123 3351 aliter,
1142 3298 1231 3359 quam
1248 3295 1313 3333 me-

139 3359 295 3432 rebantur,
321 3361 466 3421 servitute
487 3382 647 3443 oppressos
667 3342 839 3433 Thessalos,
858 3382 940 3424 nunc
958 3383 1021 3420 non
1040 3362 1140 3421 teneri
1159 3353 1311 3420 desiderio

138 3440 362 3528 recuperandae
381 3446 549 3508 libertatis?
585 3446 720 3522 Quodsi
740 3447 807 3527 quis
820 3449 954 3507 'vestrum
972 3434 1046 3506 haec
1066 3445 1217 3528 quidem
1208 3459 1249 3504 ιιι
1264 3465 1313 3503 es-

139 3552 173 3602 se
192 3531 286 3604 ducit,
315 3531 369 3591 sed
388 3554 457 3613 eum
470 3533 504 3593 ιι
521 3545 712 3593 retenturum
730 3531 890 3613 imperium
911 3532 1063 3613 opinatur,
1094 3532 1178 3612 quod
1196 3531 1276 3590 loca
1282 3541 1315 3588 et

138 3616 250 3717 portus
267 3629 296 3677 et
315 3608 421 3676 alia
394 3639 458 3678 erus
473 3619 593 3702 generis
610 3616 852 3702 praeoccuparit:
871 3637 934 3676 non
948 3631 1031 3678 recte
1048 3617 1198 3698 opinatur.
1234 3612 1314 3673 Cum

139 3699 222 3762 enim
241 3702 457 3764 benevolentia
475 3726 523 3764 res
543 3716 784 3792 componuntur,
798 3715 828 3762 et
848 3701 989 3782 omnibus
1008 3701 1081 3761 belli
1096 3701 1185 3783 sociis
1202 3700 1314 3779 eadem

128 3787 339 3879 ‘expediunti'
346 3801 389 3849 et
408 3790 545 3850 conferre
564 3810 698 3870 operam,
727 3801 757 3846 et
774 3790 854 3847 serre
872 3794 1086 3866 aerumnas,e
1088 3789 1312 3867 tperseverare

23 3904 30 3916 ι
83 3924 86 3931 ,
139 3860 254 3938 volunt
266 3872 413 3934 homines
458 3875 491 3953 Si
510 3874 577 3956 quis
596 3887 696 3934 autem
714 3893 770 3959 per
788 3872 940 3933 avaritiam
960 3886 990 3933 et
1008 3863 1245 3959 improbitatem,
1272 3881 1314 3930 ιιι

43 3954 47 3957 ¹
92 4008 96 4010 -
139 3956 202 4030 ille,
227 3958 268 4017 {it
286 3971 410 4039 potens.
435 3960 535 4042 prima
555 3979 693 4058 quaeque
712 3959 831 4018 occasio
859 3971 890 4017 et
913 3980 1038 4039 parvum
1057 3968 1188 4017 erratum
1208 3953 1312 4014 omnia

72 4037 74 4040 ¹
108 4072 110 4076 ¹
139 4039 268 4104 retrahit
286 4056 317 4104 et
335 4038 479 4105 dissolvit
514 4045 585 4104 Non
605 4045 685 4104 enim
703 4043 780 4118 lieri,
798 4064 863 4102 non
880 4044 957 4103 sieri
966 4055 1077 4125 potest,
1095 4035 1311 4118 Athenienses,

89 4176 95 4183 ,
139 4146 198 4272 ιιθι
214 4124 339 4189 iniurias
365 4143 396 4190 et
413 4130 544 4210 periuria
571 4141 601 4189 et
618 4121 774 4189 mendacia
800 4126 915 4188 stabilis
946 4129 1083 4211 potentia
1111 4139 1311 4209 comparetur

121 4224 137 4237 ’·
171 4235 217 4272 am
223 4215 306 4274 talia
324 4215 418 4274 semel
436 4215 521 4275 etad
539 4213 631 4276 breve
649 4226 769 4295 tempus
789 4204 997 4288 consistunt,
988 4227 1020 4274 et
1038 4234 1122 4294 spem
1141 4213 1179 4286 de
1195 4233 1226 4272 se
1245 4211 1309 4270 sor

140 4310 232 4361 tasse
238 4321 376 4382 magnam
394 4298 554 4385 praebent:
585 4300 637 4359 s'ed
656 4300 780 4360 tandem
797 4299 955 4379 patefiunt
965 4312 996 4359 et
1010 4299 1092 4359 ultro
1109 4297 1310 4358 collabuntur.

140 4383 228 4458 Nam,
254 4395 322 4444 inea
336 4384 465 4463 quidem
482 4385 659 4459 sententia,
668 4397 704 4479 ιιι
720 4382 841 4446 aedium
863 4395 896 4470 et
913 4384 995 4446 navis
1015 4397 1046 4446 et
1062 4382 1188 4448 aliarum
1205 4403 1311 4442 rerum
