<?xml version="1.0" encoding="UTF-8"?>
<!DOCTYPE html PUBLIC "-//W3C//DTD XHTML 1.0 Transitional//EN"
    "http://www.w3.org/TR/xhtml1/DTD/xhtml1-transitional.dtd">
<html xmlns="http://www.w3.org/1999/xhtml" xml:lang="en" lang="en">
 <head>
  <title>
</title>
<meta http-equiv="Content-Type" content="text/html;charset=utf-8" />
  <meta name='ocr-system' content='tesseract 3.04.00' />
  <meta name='ocr-capabilities' content='ocr_page ocr_carea ocr_par ocr_line ocrx_word'/>
</head>
<body>
  <div class='ocr_page' id='page_1' title='image "./demosthenisquae04schgoog_0210.png"; bbox 0 0 2722 4754; ppageno 0'>
   <div class='ocr_carea' id='block_1_1' title="bbox 1226 37 1294 100">
    <p class='ocr_par' dir='ltr' id='par_1_1' title="bbox 1226 37 1294 100">
     <span class='ocr_line' id='line_1_1' title="bbox 1226 37 1294 100; baseline 0 0"><span class='ocrx_word' id='word_1_1' title='bbox 1226 37 1294 100; x_wconf 49' lang='lat' dir='ltr'><strong>&gt;¹ae</strong></span> 
     </span>
    </p>
   </div>
   <div class='ocr_carea' id='block_1_2' title="bbox 286 162 1228 304">
    <p class='ocr_par' dir='ltr' id='par_1_2' title="bbox 286 162 1228 304">
     <span class='ocr_line' id='line_1_2' title="bbox 286 162 1228 304; baseline -0.004 -33"><span class='ocrx_word' id='word_1_2' title='bbox 286 214 292 223; x_wconf 92' lang='lat'>·</span> <span class='ocrx_word' id='word_1_3' title='bbox 342 207 404 271; x_wconf 83' lang='lat' dir='ltr'><strong>un</strong></span> <span class='ocrx_word' id='word_1_4' title='bbox 440 162 948 304; x_wconf 50' lang='lat' dir='ltr'><strong>ra&#39;usu&#39;uuuarrorts*</strong></span> <span class='ocrx_word' id='word_1_5' title='bbox 1007 294 1009 298; x_wconf 13' lang='grc' dir='ltr'><strong><em>ι</em></strong></span> <span class='ocrx_word' id='word_1_6' title='bbox 1155 205 1228 267; x_wconf 67' lang='lat'><strong>&#39;201</strong></span> 
     </span>
    </p>
   </div>
   <div class='ocr_carea' id='block_1_3' title="bbox 80 362 1315 1062">
    <p class='ocr_par' dir='ltr' id='par_1_3' title="bbox 80 362 1315 786">
     <span class='ocr_line' id='line_1_3' title="bbox 80 362 1283 448; baseline -0.013 -11"><span class='ocrx_word' id='word_1_7' title='bbox 80 369 155 439; x_wconf 72' lang='lat' dir='ltr'><strong>ubivis</strong></span> <span class='ocrx_word' id='word_1_8' title='bbox 168 377 213 426; x_wconf 86' lang='lat' dir='ltr'><strong>est</strong></span> <span class='ocrx_word' id='word_1_9' title='bbox 227 385 314 448; x_wconf 90' lang='lat' dir='ltr'><strong>opus.</strong></span> <span class='ocrx_word' id='word_1_10' title='bbox 331 363 440 443; x_wconf 83' lang='lat' dir='ltr'><strong>Neque</strong></span> <span class='ocrx_word' id='word_1_11' title='bbox 454 363 612 444; x_wconf 76' lang='lat' dir='ltr'><strong>operosius</strong></span> <span class='ocrx_word' id='word_1_12' title='bbox 629 375 738 426; x_wconf 76' lang='lat' dir='ltr'><strong>estant</strong></span> <span class='ocrx_word' id='word_1_13' title='bbox 752 362 921 437; x_wconf 79' lang='lat' dir='ltr'><strong>molestius,</strong></span> <span class='ocrx_word' id='word_1_14' title='bbox 939 380 1054 444; x_wconf 80' lang='lat' dir='ltr'>sapere,</span> <span class='ocrx_word' id='word_1_15' title='bbox 1069 368 1159 443; x_wconf 76' lang='lat' dir='ltr'><strong>quani</strong></span> <span class='ocrx_word' id='word_1_16' title='bbox 1175 362 1230 422; x_wconf 89' lang='lat' dir='ltr'><strong>de·</strong></span> <span class='ocrx_word' id='word_1_17' title='bbox 1275 402 1283 407; x_wconf 95' lang='lat'>-</span> 
     </span>
     <span class='ocr_line' id='line_1_4' title="bbox 81 444 1229 544; baseline -0.008 -28"><span class='ocrx_word' id='word_1_18' title='bbox 81 463 186 544; x_wconf 26' lang='lat' dir='ltr'><strong>siperczl</strong></span> <span class='ocrx_word' id='word_1_19' title='bbox 202 450 258 510; x_wconf 88' lang='lat' dir='ltr'><strong>sed</strong></span> <span class='ocrx_word' id='word_1_20' title='bbox 274 444 341 531; x_wconf 88' lang='lat' dir='ltr'><strong>pari</strong></span> <span class='ocrx_word' id='word_1_21' title='bbox 359 450 457 531; x_wconf 89' lang='lat' dir='ltr'><strong>spatio</strong></span> <span class='ocrx_word' id='word_1_22' title='bbox 475 449 622 530; x_wconf 87' lang='lat' dir='ltr'><strong>temporis</strong></span> <span class='ocrx_word' id='word_1_23' title='bbox 641 450 750 510; x_wconf 89' lang='lat' dir='ltr'><strong>sedens</strong></span> <span class='ocrx_word' id='word_1_24' title='bbox 768 461 903 508; x_wconf 87' lang='lat' dir='ltr'><strong>vestrum</strong></span> <span class='ocrx_word' id='word_1_25' title='bbox 922 449 1070 529; x_wconf 87' lang='lat' dir='ltr'><strong>quisque,</strong></span> <span class='ocrx_word' id='word_1_26' title='bbox 1089 448 1132 521; x_wconf 86' lang='lat' dir='ltr'><strong>si,</strong></span> <span class='ocrx_word' id='word_1_27' title='bbox 1150 467 1229 528; x_wconf 86' lang='lat' dir='ltr'><strong>quae</strong></span> 
     </span>
     <span class='ocr_line' id='line_1_5' title="bbox 82 532 1315 630; baseline -0.006 -30"><span class='ocrx_word' id='word_1_28' title='bbox 82 550 189 630; x_wconf 72' lang='lat' dir='ltr'><strong>oportet,</strong></span> <span class='ocrx_word' id='word_1_29' title='bbox 207 537 244 596; x_wconf 91' lang='lat' dir='ltr'><strong>de</strong></span> <span class='ocrx_word' id='word_1_30' title='bbox 262 536 355 595; x_wconf 78' lang='lat' dir='ltr'><strong>rebus</strong></span> <span class='ocrx_word' id='word_1_31' title='bbox 366 535 513 594; x_wconf 74' lang='lat' dir='ltr'><strong>&#39;statuerit</strong></span> <span class='ocrx_word' id='word_1_32' title='bbox 526 547 556 594; x_wconf 89' lang='lat' dir='ltr'><strong>et</strong></span> <span class='ocrx_word' id='word_1_33' title='bbox 573 535 751 608; x_wconf 85' lang='lat' dir='ltr'><strong>decreverit,</strong></span> <span class='ocrx_word' id='word_1_34' title='bbox 768 532 953 614; x_wconf 84' lang='lat' dir='ltr'><strong>reipublicae</strong></span> <span class='ocrx_word' id='word_1_35' title='bbox 972 534 1141 595; x_wconf 86' lang='lat' dir='ltr'><strong>commodis</strong></span> <span class='ocrx_word' id='word_1_36' title='bbox 1154 555 1227 594; x_wconf 87' lang='lat' dir='ltr'><strong>con·</strong></span> <span class='ocrx_word' id='word_1_37' title='bbox 1307 537 1315 558; x_wconf 85' lang='grc'>’</span> 
     </span>
     <span class='ocr_line' id='line_1_6' title="bbox 82 617 1315 708; baseline -0.012 -15"><span class='ocrx_word' id='word_1_38' title='bbox 82 633 142 698; x_wconf 83' lang='lat' dir='ltr'><strong>sulct</strong></span> <span class='ocrx_word' id='word_1_39' title='bbox 157 637 184 684; x_wconf 87' lang='lat' dir='ltr'><strong>et</strong></span> <span class='ocrx_word' id='word_1_40' title='bbox 200 645 217 683; x_wconf 89' lang='lat' dir='ltr'><strong>a</strong></span> <span class='ocrx_word' id='word_1_41' title='bbox 235 622 393 705; x_wconf 64' lang='lat' dir='ltr'><strong>dignitate,</strong></span> <span class='ocrx_word' id='word_1_42' title='bbox 405 620 555 681; x_wconf 89' lang='lat' dir='ltr'><strong>maiorum</strong></span> <span class='ocrx_word' id='word_1_43' title='bbox 580 625 643 679; x_wconf 74' lang='lat' dir='ltr'><strong>n‘on</strong></span> <span class='ocrx_word' id='word_1_44' title='bbox 663 619 867 704; x_wconf 67' lang='lat' dir='ltr'><strong>degenerabit</strong></span> <span class='ocrx_word' id='word_1_45' title='bbox 887 619 939 708; x_wconf 52' lang='lat' dir='ltr'><strong>⁸sin</strong></span> <span class='ocrx_word' id='word_1_46' title='bbox 960 640 1037 700; x_wconf 90' lang='lat' dir='ltr'><strong>quae</strong></span> <span class='ocrx_word' id='word_1_47' title='bbox 1064 617 1228 681; x_wconf 81' lang='lat' dir='ltr'><strong>dedecent:</strong></span> <span class='ocrx_word' id='word_1_48' title='bbox 1251 623 1315 679; x_wconf 86' lang='lat'><strong>272</strong></span> 
     </span>
     <span class='ocr_line' id='line_1_7' title="bbox 83 705 1249 786; baseline -0.013 -4"><span class='ocrx_word' id='word_1_49' title='bbox 83 731 169 783; x_wconf 85' lang='lat' dir='ltr'><strong>statum</strong></span> <span class='ocrx_word' id='word_1_50' title='bbox 180 730 282 768; x_wconf 87' lang='lat' dir='ltr'><strong>rerum</strong></span> <span class='ocrx_word' id='word_1_51' title='bbox 298 706 504 766; x_wconf 88' lang='lat' dir='ltr'><strong>communium</strong></span> <span class='ocrx_word' id='word_1_52' title='bbox 525 707 708 767; x_wconf 83' lang='lat' dir='ltr'>deteriorem</span> <span class='ocrx_word' id='word_1_53' title='bbox 726 706 816 768; x_wconf 83' lang='lat' dir='ltr'><strong>faciet</strong></span> <span class='ocrx_word' id='word_1_54' title='bbox 830 716 860 765; x_wconf 89' lang='lat' dir='ltr'><strong>et</strong></span> <span class='ocrx_word' id='word_1_55' title='bbox 875 705 1036 786; x_wconf 86' lang='lat' dir='ltr'><strong>indignum</strong></span> <span class='ocrx_word' id='word_1_56' title='bbox 1055 706 1229 767; x_wconf 89' lang='lat' dir='ltr'><strong>maioribus.</strong></span> <span class='ocrx_word' id='word_1_57' title='bbox 1244 762 1249 777; x_wconf 90' lang='grc'><em>,</em></span> 
     </span>
    </p>

    <p class='ocr_par' dir='ltr' id='par_1_4' title="bbox 83 791 1228 971">
     <span class='ocr_line' id='line_1_8' title="bbox 85 791 1228 882; baseline -0.005 -23"><span class='ocrx_word' id='word_1_58' title='bbox 85 809 116 868; x_wconf 84' lang='lat' dir='ltr'><strong>Ut</strong></span> <span class='ocrx_word' id='word_1_59' title='bbox 128 799 209 882; x_wconf 87' lang='lat' dir='ltr'><strong>igitur</strong></span> <span class='ocrx_word' id='word_1_60' title='bbox 225 793 271 853; x_wconf 89' lang='lat' dir='ltr'><strong>illi</strong></span> <span class='ocrx_word' id='word_1_61' title='bbox 288 793 321 852; x_wconf 92' lang='lat' dir='ltr'><strong>in</strong></span> <span class='ocrx_word' id='word_1_62' title='bbox 338 792 415 853; x_wconf 83' lang='lat' dir='ltr'><strong>istos&#39;</strong></span> <span class='ocrx_word' id='word_1_63' title='bbox 432 792 560 852; x_wconf 89' lang='lat' dir='ltr'><strong>suerunt</strong></span> <span class='ocrx_word' id='word_1_64' title='bbox 576 791 722 853; x_wconf 82' lang='lat' dir='ltr'><strong>animati?</strong></span> <span class='ocrx_word' id='word_1_65' title='bbox 758 793 842 851; x_wconf 91' lang='lat' dir='ltr'><strong>Haec</strong></span> <span class='ocrx_word' id='word_1_66' title='bbox 861 812 951 872; x_wconf 86' lang='lat' dir='ltr'><strong>cape,</strong></span> <span class='ocrx_word' id='word_1_67' title='bbox 969 791 1084 864; x_wconf 90' lang='lat' dir='ltr'><strong>scriba,</strong></span> <span class='ocrx_word' id='word_1_68' title='bbox 1104 805 1135 853; x_wconf 91' lang='lat' dir='ltr'><strong>et</strong></span> <span class='ocrx_word' id='word_1_69' title='bbox 1151 793 1228 876; x_wconf 86' lang='lat' dir='ltr'><strong>leg&#39;e.</strong></span> 
     </span>
     <span class='ocr_line' id='line_1_9' title="bbox 83 877 1227 971; baseline -0.003 -29"><span class='ocrx_word' id='word_1_70' title='bbox 83 880 311 971; x_wconf 77' lang='lat' dir='ltr'><strong>cognoscendum</strong></span> <span class='ocrx_word' id='word_1_71' title='bbox 330 877 516 964; x_wconf 82' lang='lat' dir='ltr'><strong>enimvobis</strong></span> <span class='ocrx_word' id='word_1_72' title='bbox 536 891 598 952; x_wconf 91' lang='lat' dir='ltr'><strong>est,</strong></span> <span class='ocrx_word' id='word_1_73' title='bbox 625 898 679 938; x_wconf 82' lang='lat' dir='ltr'><strong>vos</strong></span> <span class='ocrx_word' id='word_1_74' title='bbox 703 877 736 936; x_wconf 93' lang='lat' dir='ltr'><strong>in</strong></span> <span class='ocrx_word' id='word_1_75' title='bbox 755 878 791 937; x_wconf 91' lang='lat' dir='ltr'><strong>iis</strong></span> <span class='ocrx_word' id='word_1_76' title='bbox 809 877 901 956; x_wconf 80' lang='lat' dir='ltr'><strong>rebus</strong></span> <span class='ocrx_word' id='word_1_77' title='bbox 920 897 986 936; x_wconf 91' lang='lat' dir='ltr'><strong>esse</strong></span> <span class='ocrx_word' id='word_1_78' title='bbox 1004 897 1131 958; x_wconf 78' lang='lat' dir='ltr'><strong>segnes,</strong></span> <span class='ocrx_word' id='word_1_79' title='bbox 1154 899 1227 961; x_wconf 93' lang='lat' dir='ltr'><strong>pro-</strong></span> 
     </span>
    </p>

    <p class='ocr_par' dir='ltr' id='par_1_5' title="bbox 85 962 1171 1062">
     <span class='ocr_line' id='line_1_10' title="bbox 85 962 1171 1062; baseline -0.004 -36"><span class='ocrx_word' id='word_1_80' title='bbox 85 989 135 1062; x_wconf 60' lang='lat' dir='ltr'><strong>pter</strong></span> <span class='ocrx_word' id='word_1_81' title='bbox 149 987 213 1049; x_wconf 80' lang='lat' dir='ltr'><strong>quas</strong></span> <span class='ocrx_word' id='word_1_82' title='bbox 231 976 336 1039; x_wconf 89' lang='lat' dir='ltr'><strong>sontes</strong></span> <span class='ocrx_word' id='word_1_83' title='bbox 354 964 459 1044; x_wconf 91' lang='lat' dir='ltr'><strong>capitis</strong></span> <span class='ocrx_word' id='word_1_84' title='bbox 485 963 667 1025; x_wconf 85' lang='lat' dir='ltr'><strong>damnarunt</strong></span> <span class='ocrx_word' id='word_1_85' title='bbox 683 964 820 1025; x_wconf 90' lang='lat' dir='ltr'><strong>maiores.</strong></span> <span class='ocrx_word' id='word_1_86' title='bbox 864 963 968 1024; x_wconf 82' lang='lat' dir='ltr'><strong>Recita</strong></span> <span class='ocrx_word' id='word_1_87' title='bbox 993 962 1075 1022; x_wconf 57' lang='lat' dir='ltr'><strong>bacca</strong></span> <span class='ocrx_word' id='word_1_88' title='bbox 1141 962 1171 971; x_wconf 77' lang='grc'><strong>”</strong></span> 
     </span>
    </p>
   </div>
   <div class='ocr_carea' id='block_1_4' title="bbox 266 1112 929 1165">
    <p class='ocr_par' dir='ltr' id='par_1_6' title="bbox 266 1112 929 1165">
     <span class='ocr_line' id='line_1_11' title="bbox 266 1112 929 1165; baseline 0.006 -7"><span class='ocrx_word' id='word_1_89' title='bbox 266 1160 268 1165; x_wconf 65' lang='grc'>,</span> <span class='ocrx_word' id='word_1_90' title='bbox 346 1114 588 1162; x_wconf 78' lang='lat' dir='ltr'>LITERAE</span> <span class='ocrx_word' id='word_1_91' title='bbox 631 1112 929 1165; x_wconf 48' lang='lat' dir='ltr'><strong>DEAEECTIV&amp;</strong></span> 
     </span>
    </p>
   </div>
   <div class='ocr_carea' id='block_1_5' title="bbox 37 1217 1316 4481">
    <p class='ocr_par' dir='ltr' id='par_1_7' title="bbox 150 1217 1248 1306">
     <span class='ocr_line' id='line_1_12' title="bbox 150 1217 1248 1306; baseline 0 -24"><span class='ocrx_word' id='word_1_92' title='bbox 150 1220 279 1296; x_wconf 77' lang='lat' dir='ltr'><strong>audiris,</strong></span> <span class='ocrx_word' id='word_1_93' title='bbox 301 1217 525 1296; x_wconf 77' lang='lat' dir='ltr'><strong>Athenienses,</strong></span> <span class='ocrx_word' id='word_1_94' title='bbox 549 1221 739 1303; x_wconf 19' lang='lat' dir='ltr'><strong>hocyscripto</strong></span> <span class='ocrx_word' id='word_1_95' title='bbox 759 1222 927 1295; x_wconf 79' lang='lat' dir='ltr'><strong>contineri,</strong></span> <span class='ocrx_word' id='word_1_96' title='bbox 949 1217 1151 1296; x_wconf 75' lang='lat' dir='ltr'><strong>hrthmium,¹</strong></span> <span class='ocrx_word' id='word_1_97' title='bbox 1166 1220 1248 1306; x_wconf 40' lang='lat' dir='ltr'><strong>Pyv</strong></span> 
     </span>
    </p>

    <p class='ocr_par' dir='ltr' id='par_1_8' title="bbox 59 1303 1229 1397">
     <span class='ocr_line' id='line_1_13' title="bbox 59 1303 1229 1397; baseline -0.007 -23"><span class='ocrx_word' id='word_1_98' title='bbox 59 1382 65 1397; x_wconf 83' lang='lat'><strong>.</strong></span> <span class='ocrx_word' id='word_1_99' title='bbox 87 1304 285 1380; x_wconf 81' lang='lat' dir='ltr'><strong>thonactis.F.,·</strong></span> <span class='ocrx_word' id='word_1_100' title='bbox 310 1307 454 1381; x_wconf 90' lang='lat' dir='ltr'><strong>Zelitam,</strong></span> <span class='ocrx_word' id='word_1_101' title='bbox 490 1303 656 1367; x_wconf 66' lang='lat' dir='ltr'><strong>iudicatum</strong></span> <span class='ocrx_word' id='word_1_102' title='bbox 676 1328 740 1367; x_wconf 89' lang='lat' dir='ltr'><strong>esse</strong></span> <span class='ocrx_word' id='word_1_103' title='bbox 759 1307 915 1367; x_wconf 89' lang='lat' dir='ltr'><strong>inimicum</strong></span> <span class='ocrx_word' id='word_1_104' title='bbox 936 1320 966 1367; x_wconf 91' lang='lat' dir='ltr'><strong>et</strong></span> <span class='ocrx_word' id='word_1_105' title='bbox 983 1304 1103 1366; x_wconf 84' lang='lat' dir='ltr'><strong>hostem</strong></span> <span class='ocrx_word' id='word_1_106' title='bbox 1121 1307 1229 1389; x_wconf 89' lang='lat' dir='ltr'><strong>populi</strong></span> 
     </span>
    </p>

    <p class='ocr_par' dir='ltr' id='par_1_9' title="bbox 91 1389 1299 1475">
     <span class='ocr_line' id='line_1_14' title="bbox 91 1389 1299 1475; baseline -0.005 -16"><span class='ocrx_word' id='word_1_107' title='bbox 91 1393 251 1462; x_wconf 75' lang='lat' dir='ltr'><strong>Atheniensis</strong></span> <span class='ocrx_word' id='word_1_108' title='bbox 279 1406 310 1453; x_wconf 90' lang='lat' dir='ltr'><strong>et</strong></span> <span class='ocrx_word' id='word_1_109' title='bbox 333 1393 503 1467; x_wconf 87' lang='lat' dir='ltr'><strong>sociorum,</strong></span> <span class='ocrx_word' id='word_1_110' title='bbox 530 1394 628 1475; x_wconf 89' lang='lat' dir='ltr'><strong>ipsum</strong></span> <span class='ocrx_word' id='word_1_111' title='bbox 655 1407 686 1453; x_wconf 91' lang='lat' dir='ltr'><strong>et</strong></span> <span class='ocrx_word' id='word_1_112' title='bbox 711 1390 897 1453; x_wconf 83' lang='lat' dir='ltr'><strong>universum·</strong></span> <span class='ocrx_word' id='word_1_113' title='bbox 913 1393 977 1452; x_wconf 91' lang='lat' dir='ltr'><strong>eius</strong></span> <span class='ocrx_word' id='word_1_114' title='bbox 997 1414 1102 1475; x_wconf 87' lang='lat' dir='ltr'><strong>genus.</strong></span> <span class='ocrx_word' id='word_1_115' title='bbox 1147 1389 1227 1453; x_wconf 80' lang='lat' dir='ltr'><strong>Cur?</strong></span> <span class='ocrx_word' id='word_1_116' title='bbox 1296 1404 1299 1413; x_wconf 85' lang='grc'><em>’</em></span> 
     </span>
    </p>

    <p class='ocr_par' dir='ltr' id='par_1_10' title="bbox 92 1477 1227 1562">
     <span class='ocr_line' id='line_1_15' title="bbox 92 1477 1227 1562; baseline -0.007 -17"><span class='ocrx_word' id='word_1_117' title='bbox 92 1477 159 1562; x_wconf 76' lang='lat' dir='ltr'><strong>Quod</strong></span> <span class='ocrx_word' id='word_1_118' title='bbox 174 1500 274 1538; x_wconf 89' lang='lat' dir='ltr'><strong>aurum</strong></span> <span class='ocrx_word' id='word_1_119' title='bbox 300 1501 316 1538; x_wconf 91' lang='lat' dir='ltr'><strong>a</strong></span> <span class='ocrx_word' id='word_1_120' title='bbox 340 1479 479 1538; x_wconf 89' lang='lat' dir='ltr'><strong>Barbaris</strong></span> <span class='ocrx_word' id='word_1_121' title='bbox 504 1480 535 1538; x_wconf 90' lang='lat' dir='ltr'><strong>in</strong></span> <span class='ocrx_word' id='word_1_122' title='bbox 555 1479 713 1539; x_wconf 86' lang='lat' dir='ltr'><strong>Graeciam</strong></span> <span class='ocrx_word' id='word_1_123' title='bbox 732 1478 873 1539; x_wconf 83' lang='lat' dir='ltr'><strong>invexit&#39;</strong></span> <span class='ocrx_word' id='word_1_124' title='bbox 896 1479 978 1537; x_wconf 90' lang='lat' dir='ltr'><strong>Hinc</strong></span> <span class='ocrx_word' id='word_1_125' title='bbox 995 1477 1120 1560; x_wconf 90' lang='lat' dir='ltr'><strong>ap‘paret</strong></span> <span class='ocrx_word' id='word_1_126' title='bbox 1136 1479 1227 1538; x_wconf 89' lang='lat' dir='ltr'><strong>nimi-</strong></span> 
     </span>
    </p>

    <p class='ocr_par' dir='ltr' id='par_1_11' title="bbox 57 1562 1292 1646">
     <span class='ocr_line' id='line_1_16' title="bbox 57 1562 1292 1646; baseline 0.001 -18"><span class='ocrx_word' id='word_1_127' title='bbox 57 1601 61 1607; x_wconf 93' lang='lat'><em>·</em></span> <span class='ocrx_word' id='word_1_128' title='bbox 90 1591 152 1640; x_wconf 83' lang='lat' dir='ltr'><strong>rum,</strong></span> <span class='ocrx_word' id='word_1_129' title='bbox 179 1563 388 1624; x_wconf 73' lang='lat' dir='ltr'><strong>etinaioribus</strong></span> <span class='ocrx_word' id='word_1_130' title='bbox 407 1564 529 1638; x_wconf 88' lang='lat' dir='ltr'><strong>vestris,</strong></span> <span class='ocrx_word' id='word_1_131' title='bbox 562 1562 780 1646; x_wconf 71' lang='lat' dir='ltr'><strong>nequisquam</strong></span> <span class='ocrx_word' id='word_1_132' title='bbox 797 1564 971 1625; x_wconf 87' lang='lat' dir='ltr'><strong>mortalium</strong></span> <span class='ocrx_word' id='word_1_133' title='bbox 989 1577 1226 1646; x_wconf 35' lang='lat' dir='ltr'><strong>propter-pecu·</strong></span> <span class='ocrx_word' id='word_1_134' title='bbox 1287 1622 1292 1629; x_wconf 73' lang='grc'>,</span> 
     </span>
    </p>

    <p class='ocr_par' dir='ltr' id='par_1_12' title="bbox 90 1649 1276 1730">
     <span class='ocr_line' id='line_1_17' title="bbox 90 1649 1276 1730; baseline -0.003 -16"><span class='ocrx_word' id='word_1_135' title='bbox 90 1655 150 1717; x_wconf 70' lang='lat' dir='ltr'><strong>mam</strong></span> <span class='ocrx_word' id='word_1_136' title='bbox 169 1649 276 1709; x_wconf 84' lang='lat' dir='ltr'><strong>cladem</strong></span> <span class='ocrx_word' id='word_1_137' title='bbox 302 1650 482 1730; x_wconf 76' lang='lat' dir='ltr'><strong>importaret</strong></span> <span class='ocrx_word' id='word_1_138' title='bbox 501 1650 663 1724; x_wconf 77' lang='lat' dir='ltr'><strong>Graeciae,</strong></span> <span class='ocrx_word' id='word_1_139' title='bbox 689 1653 783 1713; x_wconf 83' lang='lat' dir='ltr'><strong>luisse</strong></span> <span class='ocrx_word' id='word_1_140' title='bbox 802 1672 906 1724; x_wconf 82' lang='lat' dir='ltr'><strong>curae,</strong></span> <span class='ocrx_word' id='word_1_141' title='bbox 935 1664 965 1710; x_wconf 94' lang='lat' dir='ltr'><strong>et</strong></span> <span class='ocrx_word' id='word_1_142' title='bbox 989 1672 1043 1710; x_wconf 84' lang='lat' dir='ltr'><strong>vos</strong></span> <span class='ocrx_word' id='word_1_143' title='bbox 1069 1671 1125 1710; x_wconf 89' lang='lat' dir='ltr'><strong>nec</strong></span> <span class='ocrx_word' id='word_1_144' title='bbox 1150 1650 1227 1711; x_wconf 92' lang='lat' dir='ltr'><strong>illud</strong></span> <span class='ocrx_word' id='word_1_145' title='bbox 1275 1718 1276 1722; x_wconf 7' lang='grc' dir='ltr'>η</span> 
     </span>
    </p>

    <p class='ocr_par' dir='ltr' id='par_1_13' title="bbox 87 1733 1228 1819">
     <span class='ocr_line' id='line_1_18' title="bbox 87 1733 1228 1819; baseline -0.003 -22"><span class='ocrx_word' id='word_1_146' title='bbox 87 1740 176 1810; x_wconf 68' lang='lat' dir='ltr'><strong>eriere,</strong></span> <span class='ocrx_word' id='word_1_147' title='bbox 192 1733 420 1796; x_wconf 75' lang='lat' dir='ltr'><strong>ne&#39;vestrdrurn&#39;</strong></span> <span class='ocrx_word' id='word_1_148' title='bbox 437 1738 546 1798; x_wconf 83' lang='lat' dir='ltr'><strong>civium</strong></span> <span class='ocrx_word' id='word_1_149' title='bbox 566 1737 674 1818; x_wconf 91' lang='lat' dir='ltr'><strong>aliquis</strong></span> <span class='ocrx_word' id='word_1_150' title='bbox 692 1737 879 1819; x_wconf 88' lang='lat' dir='ltr'><strong>reipublicae</strong></span> <span class='ocrx_word' id='word_1_151' title='bbox 896 1735 1037 1797; x_wconf 89' lang='lat' dir='ltr'><strong>iniuriam</strong></span> <span class='ocrx_word' id='word_1_152' title='bbox 1054 1736 1153 1797; x_wconf 81' lang='lat' dir='ltr'><strong>faciat.</strong></span> <span class='ocrx_word' id='word_1_153' title='bbox 1175 1735 1228 1810; x_wconf 73' lang='lat' dir='ltr'><strong>At,</strong></span> 
     </span>
    </p>

    <p class='ocr_par' dir='ltr' id='par_1_14' title="bbox 89 1814 1316 1903">
     <span class='ocr_line' id='line_1_19' title="bbox 89 1814 1316 1903; baseline -0.003 -17"><span class='ocrx_word' id='word_1_154' title='bbox 89 1822 198 1895; x_wconf 84' lang='lat' dir='ltr'><strong>hercule,</strong></span> <span class='ocrx_word' id='word_1_155' title='bbox 214 1820 243 1879; x_wconf 91' lang='lat' dir='ltr'><strong>id</strong></span> <span class='ocrx_word' id='word_1_156' title='bbox 261 1814 485 1899; x_wconf 78' lang='lat' dir='ltr'><strong>monimentum</strong></span> <span class='ocrx_word' id='word_1_157' title='bbox 503 1837 660 1903; x_wconf 86' lang='lat' dir='ltr'><strong>utcunque</strong></span> <span class='ocrx_word' id='word_1_158' title='bbox 679 1825 864 1884; x_wconf 90' lang='lat' dir='ltr'><strong>collocatum</strong></span> <span class='ocrx_word' id='word_1_159' title='bbox 882 1823 945 1884; x_wconf 86' lang='lat' dir='ltr'><strong>est?</strong></span> <span class='ocrx_word' id='word_1_160' title='bbox 964 1823 1046 1903; x_wconf 83' lang='lat' dir='ltr'><strong>¹lmo</strong></span> <span class='ocrx_word' id='word_1_161' title='bbox 1066 1844 1134 1882; x_wconf 92' lang='lat' dir='ltr'><strong>cum</strong></span> <span class='ocrx_word' id='word_1_162' title='bbox 1152 1823 1227 1882; x_wconf 91' lang='lat' dir='ltr'><strong>hacc</strong></span> <span class='ocrx_word' id='word_1_163' title='bbox 1314 1835 1316 1838; x_wconf 53' lang='lat'><strong>⁴</strong></span> 
     </span>
    </p>

    <p class='ocr_par' dir='ltr' id='par_1_15' title="bbox 87 1899 1226 1990">
     <span class='ocr_line' id='line_1_20' title="bbox 87 1899 1226 1990; baseline -0.005 -18"><span class='ocrx_word' id='word_1_164' title='bbox 87 1899 193 1972; x_wconf 48' lang='lat' dir='ltr'><strong>toularx</strong></span> <span class='ocrx_word' id='word_1_165' title='bbox 208 1906 245 1966; x_wconf 82' lang='lat' dir='ltr'><strong>sit</strong></span> <span class='ocrx_word' id='word_1_166' title='bbox 262 1923 451 1974; x_wconf 89' lang='lat' dir='ltr'><strong>sacrosancta</strong></span> <span class='ocrx_word' id='word_1_167' title='bbox 477 1923 507 1970; x_wconf 93' lang='lat' dir='ltr'><strong>et</strong></span> <span class='ocrx_word' id='word_1_168' title='bbox 524 1910 656 1990; x_wconf 90' lang='lat' dir='ltr'><strong>amplum</strong></span> <span class='ocrx_word' id='word_1_169' title='bbox 681 1911 811 1990; x_wconf 90' lang='lat' dir='ltr'><strong>spatium</strong></span> <span class='ocrx_word' id='word_1_170' title='bbox 839 1922 983 1990; x_wconf 88' lang='lat' dir='ltr'><strong>occupet,</strong></span> <span class='ocrx_word' id='word_1_171' title='bbox 1009 1908 1090 1969; x_wconf 81' lang='lat' dir='ltr'><strong>iuxta</strong></span> <span class='ocrx_word' id='word_1_172' title='bbox 1108 1929 1226 1969; x_wconf 88' lang='lat' dir='ltr'><strong>aeream</strong></span> 
     </span>
    </p>

    <p class='ocr_par' dir='ltr' id='par_1_16' title="bbox 88 1994 1227 2077">
     <span class='ocr_line' id='line_1_21' title="bbox 88 1994 1227 2077; baseline -0.003 -20"><span class='ocrx_word' id='word_1_173' title='bbox 88 1997 151 2057; x_wconf 89' lang='lat' dir='ltr'><strong>illam</strong></span> <span class='ocrx_word' id='word_1_174' title='bbox 172 2004 197 2052; x_wconf 87' lang='lat' dir='ltr'><strong>et</strong></span> <span class='ocrx_word' id='word_1_175' title='bbox 216 2000 353 2077; x_wconf 80' lang='lat' dir='ltr'><strong>magnam</strong></span> <span class='ocrx_word' id='word_1_176' title='bbox 373 1995 544 2056; x_wconf 84' lang='lat' dir='ltr'><strong>Minervam</strong></span> <span class='ocrx_word' id='word_1_177' title='bbox 557 1996 595 2067; x_wconf 81' lang='lat' dir='ltr'><strong>ad</strong></span> <span class='ocrx_word' id='word_1_178' title='bbox 614 1997 749 2056; x_wconf 85' lang='lat' dir='ltr'><strong>dextram</strong></span> <span class='ocrx_word' id='word_1_179' title='bbox 760 1995 858 2060; x_wconf 71' lang='lat' dir='ltr'><strong>,situm</strong></span> <span class='ocrx_word' id='word_1_180' title='bbox 878 2008 938 2069; x_wconf 89' lang='lat' dir='ltr'><strong>est,</strong></span> <span class='ocrx_word' id='word_1_181' title='bbox 966 2014 1055 2074; x_wconf 90' lang='lat' dir='ltr'><strong>quam</strong></span> <span class='ocrx_word' id='word_1_182' title='bbox 1079 1994 1111 2053; x_wconf 93' lang='lat' dir='ltr'><strong>in</strong></span> <span class='ocrx_word' id='word_1_183' title='bbox 1130 1994 1227 2054; x_wconf 85' lang='lat' dir='ltr'><strong>vieto-</strong></span> 
     </span>
    </p>

    <p class='ocr_par' dir='ltr' id='par_1_17' title="bbox 88 2077 1227 2162">
     <span class='ocr_line' id='line_1_22' title="bbox 88 2077 1227 2162; baseline 0.001 -20"><span class='ocrx_word' id='word_1_184' title='bbox 88 2082 135 2142; x_wconf 87' lang='lat' dir='ltr'><strong>riae</strong></span> <span class='ocrx_word' id='word_1_185' title='bbox 147 2078 309 2139; x_wconf 80' lang='lat' dir='ltr'><strong>memoriam</strong></span> <span class='ocrx_word' id='word_1_186' title='bbox 328 2080 482 2140; x_wconf 75' lang='lat' dir='ltr'><strong>barbariei</strong></span> <span class='ocrx_word' id='word_1_187' title='bbox 500 2080 588 2153; x_wconf 88' lang='lat' dir='ltr'><strong>belli,</strong></span> <span class='ocrx_word' id='word_1_188' title='bbox 614 2083 681 2142; x_wconf 88' lang='lat' dir='ltr'><strong>data</strong></span> <span class='ocrx_word' id='word_1_189' title='bbox 699 2081 828 2162; x_wconf 89' lang='lat' dir='ltr'><strong>pecunia</strong></span> <span class='ocrx_word' id='word_1_190' title='bbox 846 2079 897 2140; x_wconf 89' lang='lat' dir='ltr'><strong>illa</strong></span> <span class='ocrx_word' id='word_1_191' title='bbox 917 2101 932 2139; x_wconf 87' lang='lat' dir='ltr'><strong>a</strong></span> <span class='ocrx_word' id='word_1_192' title='bbox 953 2077 1095 2153; x_wconf 87' lang='lat' dir='ltr'><strong>Graecis,</strong></span> <span class='ocrx_word' id='word_1_193' title='bbox 1118 2101 1227 2161; x_wconf 90' lang='lat' dir='ltr'><strong>respu-</strong></span> 
     </span>
    </p>

    <p class='ocr_par' dir='ltr' id='par_1_18' title="bbox 38 2164 1226 2246">
     <span class='ocr_line' id='line_1_23' title="bbox 38 2164 1226 2246; baseline -0.003 -18"><span class='ocrx_word' id='word_1_194' title='bbox 38 2202 41 2212; x_wconf 45' lang='grc' dir='ltr'><strong><em>ι</em></strong></span> <span class='ocrx_word' id='word_1_195' title='bbox 89 2168 147 2228; x_wconf 85' lang='lat' dir='ltr'><strong>blica</strong></span> <span class='ocrx_word' id='word_1_196' title='bbox 167 2166 353 2225; x_wconf 85' lang='lat' dir='ltr'><strong>consecravit</strong></span> <span class='ocrx_word' id='word_1_197' title='bbox 395 2166 442 2225; x_wconf 85' lang='lat' dir='ltr'><strong>Ac</strong></span> <span class='ocrx_word' id='word_1_198' title='bbox 465 2180 531 2227; x_wconf 91' lang='lat' dir='ltr'><strong>tum</strong></span> <span class='ocrx_word' id='word_1_199' title='bbox 557 2166 680 2246; x_wconf 90' lang='lat' dir='ltr'><strong>quidem</strong></span> <span class='ocrx_word' id='word_1_200' title='bbox 704 2167 781 2227; x_wconf 93' lang='lat' dir='ltr'><strong>tanti</strong></span> <span class='ocrx_word' id='word_1_201' title='bbox 804 2165 898 2226; x_wconf 88' lang='lat' dir='ltr'><strong>fiebat</strong></span> <span class='ocrx_word' id='word_1_202' title='bbox 920 2164 1052 2240; x_wconf 89' lang='lat' dir='ltr'><strong>iustitia,</strong></span> <span class='ocrx_word' id='word_1_203' title='bbox 1077 2177 1226 2246; x_wconf 82' lang='lat' dir='ltr'><strong>tantoque</strong></span> 
     </span>
    </p>

    <p class='ocr_par' dir='ltr' id='par_1_19' title="bbox 91 2242 1273 2336">
     <span class='ocr_line' id='line_1_24' title="bbox 91 2242 1273 2336; baseline -0.002 -24"><span class='ocrx_word' id='word_1_204' title='bbox 91 2251 166 2336; x_wconf 75' lang='lat' dir='ltr'><strong>studio</strong></span> <span class='ocrx_word' id='word_1_205' title='bbox 182 2263 279 2310; x_wconf 88' lang='lat' dir='ltr'><strong>sontes</strong></span> <span class='ocrx_word' id='word_1_206' title='bbox 297 2250 526 2332; x_wconf 82' lang='lat' dir='ltr'><strong>plectebantur,</strong></span> <span class='ocrx_word' id='word_1_207' title='bbox 549 2265 585 2312; x_wconf 87' lang='lat' dir='ltr'><strong>ut</strong></span> <span class='ocrx_word' id='word_1_208' title='bbox 603 2255 707 2313; x_wconf 84' lang='lat' dir='ltr'><strong>eadem</strong></span> <span class='ocrx_word' id='word_1_209' title='bbox 726 2253 816 2313; x_wconf 90' lang='lat' dir='ltr'><strong>statio</strong></span> <span class='ocrx_word' id='word_1_210' title='bbox 836 2265 867 2313; x_wconf 91' lang='lat' dir='ltr'><strong>et</strong></span> <span class='ocrx_word' id='word_1_211' title='bbox 885 2252 958 2312; x_wconf 88' lang='lat' dir='ltr'><strong>deae</strong></span> <span class='ocrx_word' id='word_1_212' title='bbox 977 2251 1112 2332; x_wconf 83' lang='lat' dir='ltr'><strong>praemio</strong></span> <span class='ocrx_word' id='word_1_213' title='bbox 1133 2265 1169 2312; x_wconf 89' lang='lat' dir='ltr'><strong>et.</strong></span> <span class='ocrx_word' id='word_1_214' title='bbox 1181 2256 1227 2311; x_wconf 83' lang='lat' dir='ltr'><strong>t&#39;a-</strong></span> <span class='ocrx_word' id='word_1_215' title='bbox 1263 2242 1273 2267; x_wconf 39' lang='lat' dir='ltr'><strong>i</strong></span> 
     </span>
    </p>

    <p class='ocr_par' dir='ltr' id='par_1_20' title="bbox 40 2335 1228 2420">
     <span class='ocr_line' id='line_1_25' title="bbox 40 2335 1228 2420; baseline -0.003 -21"><span class='ocrx_word' id='word_1_216' title='bbox 40 2394 43 2399; x_wconf 77' lang='grc'><strong><em>,</em></strong></span> <span class='ocrx_word' id='word_1_217' title='bbox 88 2335 463 2420; x_wconf 29' lang='grc' dir='ltr'><strong>Ιίυω-εεείεωιηιευρρίἰεὶο</strong></span> <span class='ocrx_word' id='word_1_218' title='bbox 481 2339 684 2398; x_wconf 84' lang='lat' dir='ltr'><strong>tribueretur:</strong></span> <span class='ocrx_word' id='word_1_219' title='bbox 713 2360 795 2398; x_wconf 92' lang='lat' dir='ltr'><strong>nune</strong></span> <span class='ocrx_word' id='word_1_220' title='bbox 813 2350 914 2398; x_wconf 89' lang='lat' dir='ltr'><strong>autem</strong></span> <span class='ocrx_word' id='word_1_221' title='bbox 931 2337 1028 2410; x_wconf 90' lang='lat' dir='ltr'><strong>risus,</strong></span> <span class='ocrx_word' id='word_1_222' title='bbox 1053 2336 1228 2418; x_wconf 86' lang='lat' dir='ltr'><strong>impunitas,</strong></span> 
     </span>
    </p>

    <p class='ocr_par' dir='ltr' id='par_1_21' title="bbox 90 2421 1284 2504">
     <span class='ocr_line' id='line_1_26' title="bbox 90 2421 1284 2504; baseline -0.003 -20"><span class='ocrx_word' id='word_1_223' title='bbox 90 2424 201 2495; x_wconf 82' lang='lat' dir='ltr'><strong>dedecus,</strong></span> <span class='ocrx_word' id='word_1_224' title='bbox 217 2421 275 2480; x_wconf 90' lang='lat' dir='ltr'><strong>nisi</strong></span> <span class='ocrx_word' id='word_1_225' title='bbox 294 2445 347 2483; x_wconf 85' lang='lat' dir='ltr'><strong>vos</strong></span> <span class='ocrx_word' id='word_1_226' title='bbox 366 2423 557 2484; x_wconf 85' lang='lat' dir='ltr'><strong>immodicam</strong></span> <span class='ocrx_word' id='word_1_227' title='bbox 577 2424 664 2495; x_wconf 80' lang='lat' dir='ltr'><strong>istam</strong></span> <span class='ocrx_word' id='word_1_228' title='bbox 682 2423 935 2485; x_wconf 67' lang='lat' dir='ltr'><strong>licentiam&#39;nunc</strong></span> <span class='ocrx_word' id='word_1_229' title='bbox 953 2423 1134 2504; x_wconf 90' lang='lat' dir='ltr'><strong>reprimetis.</strong></span> <span class='ocrx_word' id='word_1_230' title='bbox 1167 2423 1228 2496; x_wconf 81' lang='lat' dir='ltr'><strong>Ex·</strong></span> <span class='ocrx_word' id='word_1_231' title='bbox 1258 2430 1284 2498; x_wconf 29' lang='lat' dir='ltr'><strong>„f</strong></span> 
     </span>
    </p>

    <p class='ocr_par' dir='ltr' id='par_1_22' title="bbox 90 2509 1228 2585">
     <span class='ocr_line' id='line_1_27' title="bbox 90 2509 1228 2585; baseline 0.001 -18"><span class='ocrx_word' id='word_1_232' title='bbox 90 2509 169 2568; x_wconf 85' lang='lat' dir='ltr'><strong>istinc</strong></span> <span class='ocrx_word' id='word_1_233' title='bbox 184 2519 288 2579; x_wconf 86' lang='lat' dir='ltr'><strong>autem,</strong></span> <span class='ocrx_word' id='word_1_234' title='bbox 306 2520 388 2569; x_wconf 89' lang='lat' dir='ltr'><strong>recte</strong></span> <span class='ocrx_word' id='word_1_235' title='bbox 407 2531 460 2570; x_wconf 87' lang='lat' dir='ltr'><strong>vos</strong></span> <span class='ocrx_word' id='word_1_236' title='bbox 481 2531 545 2575; x_wconf 87' lang='lat' dir='ltr'><strong>esse</strong></span> <span class='ocrx_word' id='word_1_237' title='bbox 563 2511 707 2585; x_wconf 80' lang='lat' dir='ltr'><strong>lecturos,</strong></span> <span class='ocrx_word' id='word_1_238' title='bbox 725 2510 829 2570; x_wconf 89' lang='lat' dir='ltr'><strong>sinon</strong></span> <span class='ocrx_word' id='word_1_239' title='bbox 846 2512 1044 2570; x_wconf 69' lang='lat' dir='ltr'><strong>enatantem</strong></span> <span class='ocrx_word' id='word_1_240' title='bbox 1062 2509 1145 2571; x_wconf 70' lang='lat' dir='ltr'><strong>in‘re</strong></span> <span class='ocrx_word' id='word_1_241' title='bbox 1165 2528 1228 2568; x_wconf 87' lang='lat' dir='ltr'><strong>ma-</strong></span> 
     </span>
    </p>

    <p class='ocr_par' dir='ltr' id='par_1_23' title="bbox 91 2593 1229 2677">
     <span class='ocr_line' id='line_1_28' title="bbox 91 2593 1229 2677; baseline 0.001 -24"><span class='ocrx_word' id='word_1_242' title='bbox 91 2595 167 2667; x_wconf 90' lang='lat' dir='ltr'><strong>iores,</strong></span> <span class='ocrx_word' id='word_1_243' title='bbox 194 2595 241 2673; x_wconf 79' lang='lat' dir='ltr'><strong>sed</strong></span> <span class='ocrx_word' id='word_1_244' title='bbox 261 2613 412 2677; x_wconf 84' lang='lat' dir='ltr'><strong>exaequo</strong></span> <span class='ocrx_word' id='word_1_245' title='bbox 432 2595 464 2655; x_wconf 89' lang='lat' dir='ltr'><strong>in</strong></span> <span class='ocrx_word' id='word_1_246' title='bbox 483 2595 625 2656; x_wconf 86' lang='lat' dir='ltr'><strong>omnihus</strong></span> <span class='ocrx_word' id='word_1_247' title='bbox 649 2618 682 2656; x_wconf 90' lang='lat' dir='ltr'><strong>ea</strong></span> <span class='ocrx_word' id='word_1_248' title='bbox 706 2595 884 2668; x_wconf 83' lang='lat' dir='ltr'><strong>imitemini,</strong></span> <span class='ocrx_word' id='word_1_249' title='bbox 922 2593 998 2675; x_wconf 87' lang='lat' dir='ltr'><strong>quac</strong></span> <span class='ocrx_word' id='word_1_250' title='bbox 1017 2595 1064 2671; x_wconf 75' lang='lat' dir='ltr'><strong>illi</strong></span> <span class='ocrx_word' id='word_1_251' title='bbox 1080 2594 1229 2655; x_wconf 80' lang='lat' dir='ltr'><strong>lecerunt</strong></span> 
     </span>
    </p>

    <p class='ocr_par' dir='ltr' id='par_1_24' title="bbox 55 2677 1233 2767">
     <span class='ocr_line' id='line_1_29' title="bbox 55 2677 1233 2767; baseline 0 -29"><span class='ocrx_word' id='word_1_252' title='bbox 55 2759 57 2762; x_wconf 13' lang='grc' dir='ltr'><strong><em>ι</em></strong></span> <span class='ocrx_word' id='word_1_253' title='bbox 92 2679 231 2762; x_wconf 86' lang='lat' dir='ltr'><strong>llliigitur,</strong></span> <span class='ocrx_word' id='word_1_254' title='bbox 265 2681 348 2767; x_wconf 83' lang='lat' dir='ltr'><strong>quod</strong></span> <span class='ocrx_word' id='word_1_255' title='bbox 365 2703 419 2741; x_wconf 84' lang='lat' dir='ltr'><strong>vos</strong></span> <span class='ocrx_word' id='word_1_256' title='bbox 439 2704 544 2757; x_wconf 85' lang='lat' dir='ltr'><strong>omnes</strong></span> <span class='ocrx_word' id='word_1_257' title='bbox 563 2683 714 2742; x_wconf 88' lang='lat' dir='ltr'><strong>audivisse</strong></span> <span class='ocrx_word' id='word_1_258' title='bbox 727 2695 923 2762; x_wconf 69' lang='lat' dir='ltr'><strong>‚compertum</strong></span> <span class='ocrx_word' id='word_1_259' title='bbox 941 2680 1057 2754; x_wconf 89' lang='lat' dir='ltr'><strong>habeo,</strong></span> <span class='ocrx_word' id='word_1_260' title='bbox 1091 2677 1233 2752; x_wconf 73' lang='lat' dir='ltr'><strong>Calliam,</strong></span> 
     </span>
    </p>

    <p class='ocr_par' dir='ltr' id='par_1_25' title="bbox 37 2764 1227 2850">
     <span class='ocr_line' id='line_1_30' title="bbox 37 2764 1227 2850; baseline -0.001 -25"><span class='ocrx_word' id='word_1_261' title='bbox 37 2791 43 2801; x_wconf 57' lang='lat'>*</span> <span class='ocrx_word' id='word_1_262' title='bbox 94 2764 226 2846; x_wconf 82' lang='lat' dir='ltr'><strong>Hipponiei</strong></span> <span class='ocrx_word' id='word_1_263' title='bbox 241 2764 289 2839; x_wconf 73' lang='grc' dir='ltr'><strong>Ε,</strong></span> <span class='ocrx_word' id='word_1_264' title='bbox 312 2767 364 2846; x_wconf 88' lang='lat' dir='ltr'><strong>qui</strong></span> <span class='ocrx_word' id='word_1_265' title='bbox 382 2768 499 2850; x_wconf 88' lang='lat' dir='ltr'><strong>legatus</strong></span> <span class='ocrx_word' id='word_1_266' title='bbox 518 2768 698 2829; x_wconf 89' lang='lat' dir='ltr'><strong>celebratam</strong></span> <span class='ocrx_word' id='word_1_267' title='bbox 716 2768 797 2826; x_wconf 89' lang='lat' dir='ltr'><strong>illam</strong></span> <span class='ocrx_word' id='word_1_268' title='bbox 815 2788 920 2847; x_wconf 89' lang='lat' dir='ltr'><strong>pacem</strong></span> <span class='ocrx_word' id='word_1_269' title='bbox 938 2766 1026 2840; x_wconf 82' lang='lat' dir='ltr'><strong>lecit,</strong></span> <span class='ocrx_word' id='word_1_270' title='bbox 1051 2778 1087 2824; x_wconf 84' lang='lat' dir='ltr'><strong>ut</strong></span> <span class='ocrx_word' id='word_1_271' title='bbox 1104 2786 1161 2825; x_wconf 90' lang='lat' dir='ltr'><strong>nec</strong></span> <span class='ocrx_word' id='word_1_272' title='bbox 1179 2765 1227 2823; x_wconf 89' lang='lat' dir='ltr'><strong>in-</strong></span> 
     </span>
    </p>

    <p class='ocr_par' dir='ltr' id='par_1_26' title="bbox 91 2850 1288 2934">
     <span class='ocr_line' id='line_1_31' title="bbox 91 2850 1288 2934; baseline 0 -25"><span class='ocrx_word' id='word_1_273' title='bbox 91 2863 129 2909; x_wconf 87' lang='lat' dir='ltr'><strong>tra</strong></span> <span class='ocrx_word' id='word_1_274' title='bbox 142 2851 265 2931; x_wconf 85' lang='lat' dir='ltr'><strong>spatium,</strong></span> <span class='ocrx_word' id='word_1_275' title='bbox 285 2866 432 2931; x_wconf 89' lang='lat' dir='ltr'><strong>quantum</strong></span> <span class='ocrx_word' id='word_1_276' title='bbox 452 2876 541 2914; x_wconf 91' lang='lat' dir='ltr'><strong>cursu</strong></span> <span class='ocrx_word' id='word_1_277' title='bbox 562 2853 633 2934; x_wconf 90' lang='lat' dir='ltr'><strong>equi</strong></span> <span class='ocrx_word' id='word_1_278' title='bbox 650 2875 713 2913; x_wconf 92' lang='lat' dir='ltr'><strong>uno</strong></span> <span class='ocrx_word' id='word_1_279' title='bbox 725 2852 913 2913; x_wconf 62' lang='lat' dir='ltr'><strong>&#39;dieconiici</strong></span> <span class='ocrx_word' id='word_1_280' title='bbox 931 2856 1052 2932; x_wconf 89' lang='lat' dir='ltr'><strong>posset,</strong></span> <span class='ocrx_word' id='word_1_281' title='bbox 1071 2853 1136 2910; x_wconf 80' lang='lat' dir='ltr'><strong>hex</strong></span> <span class='ocrx_word' id='word_1_282' title='bbox 1153 2850 1227 2910; x_wconf 84' lang='lat' dir='ltr'><strong>Per·</strong></span> <span class='ocrx_word' id='word_1_283' title='bbox 1286 2883 1288 2887; x_wconf 86' lang='grc'><em>·</em></span> 
     </span>
    </p>

    <p class='ocr_par' dir='ltr' id='par_1_27' title="bbox 54 2934 1314 3621">
     <span class='ocr_line' id='line_1_32' title="bbox 54 2934 1229 3020; baseline 0 -25"><span class='ocrx_word' id='word_1_284' title='bbox 54 2966 63 2989; x_wconf 67' lang='grc' dir='ltr'>ι</span> <span class='ocrx_word' id='word_1_285' title='bbox 92 2957 170 2995; x_wconf 87' lang='lat' dir='ltr'><strong>sarum</strong></span> <span class='ocrx_word' id='word_1_286' title='bbox 188 2958 249 2996; x_wconf 89' lang='lat' dir='ltr'><strong>cum</strong></span> <span class='ocrx_word' id='word_1_287' title='bbox 274 2939 408 2999; x_wconf 85' lang='lat' dir='ltr'><strong>exercitu</strong></span> <span class='ocrx_word' id='word_1_288' title='bbox 433 2940 577 3020; x_wconf 78' lang='lat' dir='ltr'><strong>ael-mare</strong></span> <span class='ocrx_word' id='word_1_289' title='bbox 597 2941 811 3012; x_wconf 87' lang='lat' dir='ltr'><strong>descenderet,</strong></span> <span class='ocrx_word' id='word_1_290' title='bbox 839 2957 895 2998; x_wconf 87' lang='lat' dir='ltr'><strong>nec</strong></span> <span class='ocrx_word' id='word_1_291' title='bbox 920 2938 957 2997; x_wconf 93' lang='lat' dir='ltr'><strong>ad</strong></span> <span class='ocrx_word' id='word_1_292' title='bbox 977 2934 1173 2996; x_wconf 88' lang='lat' dir='ltr'><strong>Chelidonias</strong></span> <span class='ocrx_word' id='word_1_293' title='bbox 1198 2949 1229 2996; x_wconf 89' lang='lat' dir='ltr'><strong>et</strong></span> 
     </span>
     <span class='ocr_line' id='line_1_33' title="bbox 92 3017 1228 3108; baseline 0.002 -29"><span class='ocrx_word' id='word_1_294' title='bbox 92 3017 198 3104; x_wconf 71' lang='lat' dir='ltr'><strong>Cyaneas</strong></span> <span class='ocrx_word' id='word_1_295' title='bbox 214 3022 303 3105; x_wconf 85' lang='lat' dir='ltr'><strong>lo&#39;nga</strong></span> <span class='ocrx_word' id='word_1_296' title='bbox 320 3045 397 3084; x_wconf 91' lang='lat' dir='ltr'><strong>nave</strong></span> <span class='ocrx_word' id='word_1_297' title='bbox 417 3027 584 3101; x_wconf 82' lang='lat' dir='ltr'><strong>accederet,</strong></span> <span class='ocrx_word' id='word_1_298' title='bbox 607 3027 690 3107; x_wconf 91' lang='lat' dir='ltr'><strong>quod</strong></span> <span class='ocrx_word' id='word_1_299' title='bbox 708 3025 740 3085; x_wconf 92' lang='lat' dir='ltr'><strong>in</strong></span> <span class='ocrx_word' id='word_1_300' title='bbox 758 3025 913 3108; x_wconf 80' lang='lat' dir='ltr'><strong>legatione</strong></span> <span class='ocrx_word' id='word_1_301' title='bbox 932 3045 1058 3099; x_wconf 89' lang='lat' dir='ltr'><strong>munera</strong></span> <span class='ocrx_word' id='word_1_302' title='bbox 1076 3022 1228 3103; x_wconf 88' lang='lat' dir='ltr'><strong>accepisse</strong></span> 
     </span>
     <span class='ocr_line' id='line_1_34' title="bbox 91 3106 1253 3195; baseline 0.002 -30"><span class='ocrx_word' id='word_1_303' title='bbox 91 3106 232 3195; x_wconf 32' lang='lat' dir='ltr'><strong>risnelluit,</strong></span> <span class='ocrx_word' id='word_1_304' title='bbox 256 3131 361 3190; x_wconf 88' lang='lat' dir='ltr'><strong>parurn</strong></span> <span class='ocrx_word' id='word_1_305' title='bbox 380 3111 493 3186; x_wconf 82' lang='lat' dir='ltr'><strong>abluit,</strong></span> <span class='ocrx_word' id='word_1_306' title='bbox 520 3114 595 3192; x_wconf 89' lang='lat' dir='ltr'><strong>quin</strong></span> <span class='ocrx_word' id='word_1_307' title='bbox 614 3113 814 3177; x_wconf 88' lang='lat' dir='ltr'><strong>occidissent:</strong></span> <span class='ocrx_word' id='word_1_308' title='bbox 842 3111 874 3170; x_wconf 90' lang='lat' dir='ltr'><strong>in</strong></span> <span class='ocrx_word' id='word_1_309' title='bbox 892 3110 1060 3171; x_wconf 85' lang='lat' dir='ltr'><strong>referendis</strong></span> <span class='ocrx_word' id='word_1_310' title='bbox 1080 3122 1162 3170; x_wconf 90' lang='lat' dir='ltr'><strong>certe</strong></span> <span class='ocrx_word' id='word_1_311' title='bbox 1179 3117 1229 3168; x_wconf 77' lang='lat' dir='ltr'><strong>ra·</strong></span> <span class='ocrx_word' id='word_1_312' title='bbox 1248 3179 1253 3187; x_wconf 15' lang='lat' dir='ltr'><strong>q</strong></span> 
     </span>
     <span class='ocr_line' id='line_1_35' title="bbox 94 3191 1235 3282; baseline 0.005 -30"><span class='ocrx_word' id='word_1_313' title='bbox 94 3191 243 3269; x_wconf 78' lang='lat' dir='ltr'><strong>tionime</strong></span> <span class='ocrx_word' id='word_1_314' title='bbox 260 3196 373 3255; x_wconf 89' lang='lat' dir='ltr'><strong>talenta</strong></span> <span class='ocrx_word' id='word_1_315' title='bbox 392 3197 428 3256; x_wconf 90' lang='lat' dir='ltr'><strong>ab</strong></span> <span class='ocrx_word' id='word_1_316' title='bbox 449 3219 485 3256; x_wconf 89' lang='lat' dir='ltr'><strong>eo</strong></span> <span class='ocrx_word' id='word_1_317' title='bbox 506 3211 680 3282; x_wconf 81' lang='lat' dir='ltr'><strong>exegerunt</strong></span> <span class='ocrx_word' id='word_1_318' title='bbox 729 3196 833 3278; x_wconf 58' lang='lat' dir='ltr'><strong>Atqui,</strong></span> <span class='ocrx_word' id='word_1_319' title='bbox 845 3197 1053 3278; x_wconf 91' lang='lat' dir='ltr'><strong>pulchriorem</strong></span> <span class='ocrx_word' id='word_1_320' title='bbox 1071 3217 1106 3255; x_wconf 92' lang='lat' dir='ltr'><strong>ea</strong></span> <span class='ocrx_word' id='word_1_321' title='bbox 1124 3215 1235 3278; x_wconf 87' lang='lat' dir='ltr'><strong>pacem.</strong></span> 
     </span>
     <span class='ocr_line' id='line_1_36' title="bbox 92 3279 1229 3364; baseline 0.005 -30"><span class='ocrx_word' id='word_1_322' title='bbox 92 3296 169 3356; x_wconf 86' lang='lat' dir='ltr'><strong>neque</strong></span> <span class='ocrx_word' id='word_1_323' title='bbox 183 3291 260 3359; x_wconf 83' lang='lat' dir='ltr'><strong>post,</strong></span> <span class='ocrx_word' id='word_1_324' title='bbox 285 3303 386 3361; x_wconf 91' lang='lat' dir='ltr'><strong>neque</strong></span> <span class='ocrx_word' id='word_1_325' title='bbox 404 3283 488 3364; x_wconf 90' lang='lat' dir='ltr'><strong>prius</strong></span> <span class='ocrx_word' id='word_1_326' title='bbox 506 3286 598 3344; x_wconf 90' lang='lat' dir='ltr'><strong>ullam</strong></span> <span class='ocrx_word' id='word_1_327' title='bbox 618 3306 633 3342; x_wconf 90' lang='lat' dir='ltr'><strong>a</strong></span> <span class='ocrx_word' id='word_1_328' title='bbox 653 3282 771 3343; x_wconf 84' lang='lat' dir='ltr'><strong>civitate</strong></span> <span class='ocrx_word' id='word_1_329' title='bbox 791 3297 894 3343; x_wconf 88' lang='lat' dir='ltr'><strong>nostra</strong></span> <span class='ocrx_word' id='word_1_330' title='bbox 914 3304 979 3343; x_wconf 90' lang='lat' dir='ltr'><strong>esse</strong></span> <span class='ocrx_word' id='word_1_331' title='bbox 995 3279 1229 3362; x_wconf 71' lang='lat' dir='ltr'><strong>factam,‘²quis-</strong></span> 
     </span>
     <span class='ocr_line' id='line_1_37' title="bbox 92 3363 1293 3451; baseline 0.005 -31"><span class='ocrx_word' id='word_1_332' title='bbox 92 3364 253 3440; x_wconf 88' lang='lat' dir='ltr'><strong>quamdicet.</strong></span> <span class='ocrx_word' id='word_1_333' title='bbox 297 3371 412 3427; x_wconf 83' lang='lat' dir='ltr'><strong>Verum</strong></span> <span class='ocrx_word' id='word_1_334' title='bbox 431 3391 494 3428; x_wconf 92' lang='lat' dir='ltr'><strong>non</strong></span> <span class='ocrx_word' id='word_1_335' title='bbox 513 3370 592 3430; x_wconf 89' lang='lat' dir='ltr'><strong>illud</strong></span> <span class='ocrx_word' id='word_1_336' title='bbox 608 3369 799 3451; x_wconf 87' lang='lat' dir='ltr'><strong>spectabant:</strong></span> <span class='ocrx_word' id='word_1_337' title='bbox 832 3369 865 3429; x_wconf 89' lang='lat' dir='ltr'><strong>id</strong></span> <span class='ocrx_word' id='word_1_338' title='bbox 884 3371 964 3430; x_wconf 89' lang='lat' dir='ltr'><strong>enim</strong></span> <span class='ocrx_word' id='word_1_339' title='bbox 984 3389 1055 3429; x_wconf 89' lang='lat' dir='ltr'><strong>suae</strong></span> <span class='ocrx_word' id='word_1_340' title='bbox 1073 3363 1179 3428; x_wconf 79' lang='lat' dir='ltr'><strong>virtuti</strong></span> <span class='ocrx_word' id='word_1_341' title='bbox 1198 3377 1230 3426; x_wconf 88' lang='lat' dir='ltr'><strong>et</strong></span> <span class='ocrx_word' id='word_1_342' title='bbox 1291 3384 1293 3388; x_wconf 77' lang='grc'>’</span> 
     </span>
     <span class='ocr_line' id='line_1_38' title="bbox 93 3446 1229 3538; baseline 0.01 -35"><span class='ocrx_word' id='word_1_343' title='bbox 93 3446 241 3527; x_wconf 75' lang='lat' dir='ltr'><strong>reipublicae</strong></span> <span class='ocrx_word' id='word_1_344' title='bbox 261 3454 435 3523; x_wconf 85' lang='lat' dir='ltr'><strong>auctoritati</strong></span> <span class='ocrx_word' id='word_1_345' title='bbox 462 3470 618 3538; x_wconf 89' lang='lat' dir='ltr'><strong>acceptum</strong></span> <span class='ocrx_word' id='word_1_346' title='bbox 644 3455 835 3515; x_wconf 84' lang='lat' dir='ltr'><strong>referebant:</strong></span> <span class='ocrx_word' id='word_1_347' title='bbox 864 3466 901 3515; x_wconf 83' lang='lat' dir='ltr'><strong>an</strong></span> <span class='ocrx_word' id='word_1_348' title='bbox 919 3476 993 3516; x_wconf 70' lang='lat' dir='ltr'><strong>&#39;vero</strong></span> <span class='ocrx_word' id='word_1_349' title='bbox 1012 3455 1105 3538; x_wconf 85' lang='lat' dir='ltr'><strong>gratis</strong></span> <span class='ocrx_word' id='word_1_350' title='bbox 1131 3454 1229 3525; x_wconf 85' lang='lat' dir='ltr'><strong>fieret,</strong></span> 
     </span>
     <span class='ocr_line' id='line_1_39' title="bbox 92 3536 1314 3621; baseline 0.005 -31"><span class='ocrx_word' id='word_1_351' title='bbox 92 3551 137 3590; x_wconf 89' lang='lat' dir='ltr'><strong>nec</strong></span> <span class='ocrx_word' id='word_1_352' title='bbox 154 3555 203 3607; x_wconf 80' lang='lat' dir='ltr'><strong>ue,</strong></span> <span class='ocrx_word' id='word_1_353' title='bbox 219 3536 311 3620; x_wconf 86' lang='lat' dir='ltr'><strong>legati</strong></span> <span class='ocrx_word' id='word_1_354' title='bbox 337 3536 471 3621; x_wconf 90' lang='lat' dir='ltr'><strong>ingenio.</strong></span> <span class='ocrx_word' id='word_1_355' title='bbox 514 3542 563 3601; x_wconf 82' lang='lat' dir='ltr'><strong>Ab</strong></span> <span class='ocrx_word' id='word_1_356' title='bbox 583 3562 619 3601; x_wconf 91' lang='lat' dir='ltr'><strong>eo</strong></span> <span class='ocrx_word' id='word_1_357' title='bbox 640 3541 739 3616; x_wconf 87' lang='lat' dir='ltr'><strong>enim,</strong></span> <span class='ocrx_word' id='word_1_358' title='bbox 766 3541 818 3621; x_wconf 90' lang='lat' dir='ltr'><strong>qui</strong></span> <span class='ocrx_word' id='word_1_359' title='bbox 834 3541 879 3621; x_wconf 50' lang='lat' dir='ltr'><strong>,ad</strong></span> <span class='ocrx_word' id='word_1_360' title='bbox 903 3541 1121 3621; x_wconf 86' lang='lat' dir='ltr'><strong>rempublicam</strong></span> <span class='ocrx_word' id='word_1_361' title='bbox 1148 3550 1227 3599; x_wconf 89' lang='lat' dir='ltr'><strong>esset</strong></span> <span class='ocrx_word' id='word_1_362' title='bbox 1250 3543 1314 3600; x_wconf 80' lang='lat'><strong>273</strong></span> 
     </span>
    </p>

    <p class='ocr_par' dir='ltr' id='par_1_28' title="bbox 66 3622 1288 4396">
     <span class='ocr_line' id='line_1_40' title="bbox 66 3622 1258 3715; baseline 0.004 -36"><span class='ocrx_word' id='word_1_363' title='bbox 66 3629 241 3715; x_wconf 61' lang='lat' dir='ltr'><strong>&#39;accentum</strong></span> <span class='ocrx_word' id='word_1_364' title='bbox 255 3645 374 3683; x_wconf 89' lang='lat' dir='ltr'><strong>morum</strong></span> <span class='ocrx_word' id='word_1_365' title='bbox 389 3626 594 3710; x_wconf 87' lang='lat' dir='ltr'><strong>integritatem</strong></span> <span class='ocrx_word' id='word_1_366' title='bbox 610 3642 640 3689; x_wconf 90' lang='lat' dir='ltr'><strong>et</strong></span> <span class='ocrx_word' id='word_1_367' title='bbox 650 3627 863 3688; x_wconf 84' lang='lat' dir='ltr'><strong>abstinentiam</strong></span> <span class='ocrx_word' id='word_1_368' title='bbox 876 3622 1062 3708; x_wconf 51' lang='lat' dir='ltr'><strong>llagitabant¹</strong></span> <span class='ocrx_word' id='word_1_369' title='bbox 1078 3625 1126 3686; x_wconf 92' lang='lat' dir='ltr'><strong>llli</strong></span> <span class='ocrx_word' id='word_1_370' title='bbox 1136 3624 1232 3708; x_wconf 88' lang='lat' dir='ltr'><strong>igitur</strong></span> <span class='ocrx_word' id='word_1_371' title='bbox 1256 3691 1258 3695; x_wconf 52' lang='grc'>,</span> 
     </span>
     <span class='ocr_line' id='line_1_41' title="bbox 87 3702 1273 3800; baseline 0.004 -35"><span class='ocrx_word' id='word_1_372' title='bbox 87 3713 120 3800; x_wconf 62' lang='lat' dir='ltr'><strong>fta</strong></span> <span class='ocrx_word' id='word_1_373' title='bbox 137 3702 257 3772; x_wconf 83' lang='lat' dir='ltr'><strong>inimicas</strong></span> <span class='ocrx_word' id='word_1_374' title='bbox 277 3711 429 3772; x_wconf 89' lang='lat' dir='ltr'><strong>ducebant</strong></span> <span class='ocrx_word' id='word_1_375' title='bbox 447 3713 623 3796; x_wconf 83' lang='lat' dir='ltr'><strong>largitiones</strong></span> <span class='ocrx_word' id='word_1_376' title='bbox 642 3729 672 3775; x_wconf 91' lang='lat' dir='ltr'><strong>et</strong></span> <span class='ocrx_word' id='word_1_377' title='bbox 695 3713 882 3796; x_wconf 90' lang='lat' dir='ltr'><strong>reipublicae</strong></span> <span class='ocrx_word' id='word_1_378' title='bbox 905 3712 1155 3794; x_wconf 73' lang='lat' dir='ltr'><strong>perniciosas,=ut</strong></span> <span class='ocrx_word' id='word_1_379' title='bbox 1171 3712 1231 3786; x_wconf 84' lang='lat' dir='ltr'><strong>nec</strong></span> <span class='ocrx_word' id='word_1_380' title='bbox 1268 3703 1273 3713; x_wconf 77' lang='grc'><em>’</em></span> 
     </span>
     <span class='ocr_line' id='line_1_42' title="bbox 87 3792 1245 3885; baseline 0.004 -35"><span class='ocrx_word' id='word_1_381' title='bbox 87 3809 112 3885; x_wconf 57' lang='lat'><strong>113</strong></span> <span class='ocrx_word' id='word_1_382' title='bbox 125 3792 227 3854; x_wconf 80' lang='lat' dir='ltr'><strong>actione</strong></span> <span class='ocrx_word' id='word_1_383' title='bbox 245 3796 324 3868; x_wconf 94' lang='lat' dir='ltr'><strong>ulla,</strong></span> <span class='ocrx_word' id='word_1_384' title='bbox 339 3819 400 3857; x_wconf 89' lang='lat' dir='ltr'><strong>nec</strong></span> <span class='ocrx_word' id='word_1_385' title='bbox 417 3798 482 3858; x_wconf 91' lang='lat' dir='ltr'><strong>viro</strong></span> <span class='ocrx_word' id='word_1_386' title='bbox 501 3801 603 3861; x_wconf 90' lang='lat' dir='ltr'><strong>lucum</strong></span> <span class='ocrx_word' id='word_1_387' title='bbox 621 3801 732 3861; x_wconf 89' lang='lat' dir='ltr'><strong>habere</strong></span> <span class='ocrx_word' id='word_1_388' title='bbox 743 3811 934 3882; x_wconf 87' lang='lat' dir='ltr'><strong>paterentur.</strong></span> <span class='ocrx_word' id='word_1_389' title='bbox 961 3799 1023 3858; x_wconf 87' lang='lat' dir='ltr'><strong>Sed</strong></span> <span class='ocrx_word' id='word_1_390' title='bbox 1041 3821 1114 3872; x_wconf 85' lang='lat' dir='ltr'><strong>vos,</strong></span> <span class='ocrx_word' id='word_1_391' title='bbox 1131 3796 1245 3856; x_wconf 81' lang='lat' dir='ltr'><strong>Athe--</strong></span> 
     </span>
     <span class='ocr_line' id='line_1_43' title="bbox 86 3883 1260 3973; baseline 0.008 -41"><span class='ocrx_word' id='word_1_392' title='bbox 86 3893 192 3973; x_wconf 78' lang='lat' dir='ltr'><strong>menses,</strong></span> <span class='ocrx_word' id='word_1_393' title='bbox 209 3903 277 3942; x_wconf 93' lang='lat' dir='ltr'><strong>cum</strong></span> <span class='ocrx_word' id='word_1_394' title='bbox 291 3883 427 3945; x_wconf 86' lang='lat' dir='ltr'><strong>videritis</strong></span> <span class='ocrx_word' id='word_1_395' title='bbox 442 3887 568 3947; x_wconf 91' lang='lat' dir='ltr'><strong>eandem</strong></span> <span class='ocrx_word' id='word_1_396' title='bbox 587 3892 690 3968; x_wconf 83' lang='lat' dir='ltr'><strong>p&#39;acer&#39;n</strong></span> <span class='ocrx_word' id='word_1_397' title='bbox 706 3884 869 3950; x_wconf 85' lang='lat' dir='ltr'><strong>etmoenia</strong></span> <span class='ocrx_word' id='word_1_398' title='bbox 887 3898 1057 3945; x_wconf 90' lang='lat' dir='ltr'><strong>vestrorum</strong></span> <span class='ocrx_word' id='word_1_399' title='bbox 1075 3883 1229 3944; x_wconf 87' lang='lat' dir='ltr'><strong>sociorum</strong></span> <span class='ocrx_word' id='word_1_400' title='bbox 1257 3936 1260 3941; x_wconf 88' lang='lat'><strong>.</strong></span> 
     </span>
     <span class='ocr_line' id='line_1_44' title="bbox 86 3958 1274 4059; baseline 0.004 -36"><span class='ocrx_word' id='word_1_401' title='bbox 86 3958 206 4059; x_wconf 62' lang='lat' dir='ltr'><strong>dtfuisse,</strong></span> <span class='ocrx_word' id='word_1_402' title='bbox 237 3980 268 4028; x_wconf 92' lang='lat' dir='ltr'><strong>et</strong></span> <span class='ocrx_word' id='word_1_403' title='bbox 286 3967 456 4050; x_wconf 89' lang='lat' dir='ltr'><strong>legatorum</strong></span> <span class='ocrx_word' id='word_1_404' title='bbox 475 3972 565 4031; x_wconf 89' lang='lat' dir='ltr'><strong>aedes</strong></span> <span class='ocrx_word' id='word_1_405' title='bbox 585 3973 784 4044; x_wconf 79' lang='lat' dir='ltr'><strong>exstruxisse,</strong></span> <span class='ocrx_word' id='word_1_406' title='bbox 815 3984 846 4031; x_wconf 89' lang='lat' dir='ltr'><strong>et</strong></span> <span class='ocrx_word' id='word_1_407' title='bbox 863 3971 1047 4053; x_wconf 89' lang='lat' dir='ltr'><strong>reipublicae</strong></span> <span class='ocrx_word' id='word_1_408' title='bbox 1067 3991 1135 4028; x_wconf 89' lang='lat' dir='ltr'><strong>suas</strong></span> <span class='ocrx_word' id='word_1_409' title='bbox 1154 3989 1229 4050; x_wconf 84' lang='lat' dir='ltr'><strong>opes</strong></span> <span class='ocrx_word' id='word_1_410' title='bbox 1264 3978 1274 4004; x_wconf 89' lang='lat'><em>&#39;</em></span> 
     </span>
     <span class='ocr_line' id='line_1_45' title="bbox 86 4048 1288 4140; baseline 0.003 -29"><span class='ocrx_word' id='word_1_411' title='bbox 86 4048 217 4127; x_wconf 75' lang='lat' dir='ltr'><strong>rapuisse,</strong></span> <span class='ocrx_word' id='word_1_412' title='bbox 234 4053 300 4113; x_wconf 90' lang='lat' dir='ltr'><strong>istis</strong></span> <span class='ocrx_word' id='word_1_413' title='bbox 319 4069 420 4115; x_wconf 89' lang='lat' dir='ltr'><strong>autem</strong></span> <span class='ocrx_word' id='word_1_414' title='bbox 440 4077 484 4133; x_wconf 85' lang='lat' dir='ltr'><strong>ea,</strong></span> <span class='ocrx_word' id='word_1_415' title='bbox 503 4079 579 4137; x_wconf 88' lang='lat' dir='ltr'><strong>quae</strong></span> <span class='ocrx_word' id='word_1_416' title='bbox 592 4079 649 4118; x_wconf 89' lang='lat' dir='ltr'><strong>nec</strong></span> <span class='ocrx_word' id='word_1_417' title='bbox 667 4079 723 4140; x_wconf 89' lang='lat' dir='ltr'><strong>per</strong></span> <span class='ocrx_word' id='word_1_418' title='bbox 740 4058 893 4118; x_wconf 90' lang='lat' dir='ltr'><strong>somnium</strong></span> <span class='ocrx_word' id='word_1_419' title='bbox 909 4078 1043 4136; x_wconf 90' lang='lat' dir='ltr'><strong>uuquam</strong></span> <span class='ocrx_word' id='word_1_420' title='bbox 1058 4054 1230 4136; x_wconf 87' lang='lat' dir='ltr'><strong>sperabant,</strong></span> <span class='ocrx_word' id='word_1_421' title='bbox 1284 4075 1288 4086; x_wconf 74' lang='grc'><strong>“</strong></span> 
     </span>
     <span class='ocr_line' id='line_1_46' title="bbox 85 4135 1285 4230; baseline 0.009 -41"><span class='ocrx_word' id='word_1_422' title='bbox 85 4135 240 4230; x_wconf 77' lang='lat' dir='ltr'><strong>cqntulisse:</strong></span> <span class='ocrx_word' id='word_1_423' title='bbox 259 4160 330 4218; x_wconf 78' lang='lat' dir='ltr'><strong>non·</strong></span> <span class='ocrx_word' id='word_1_424' title='bbox 342 4140 399 4222; x_wconf 90' lang='lat' dir='ltr'><strong>ipsi</strong></span> <span class='ocrx_word' id='word_1_425' title='bbox 419 4150 471 4203; x_wconf 80' lang='lat' dir='ltr'><strong>eos</strong></span> <span class='ocrx_word' id='word_1_426' title='bbox 491 4143 655 4219; x_wconf 88' lang='lat' dir='ltr'><strong>occidistis,</strong></span> <span class='ocrx_word' id='word_1_427' title='bbox 672 4145 726 4205; x_wconf 89' lang='lat' dir='ltr'><strong>sed</strong></span> <span class='ocrx_word' id='word_1_428' title='bbox 744 4156 919 4204; x_wconf 87' lang='lat' dir='ltr'><strong>accusatore</strong></span> <span class='ocrx_word' id='word_1_429' title='bbox 938 4141 1092 4225; x_wconf 88' lang='lat' dir='ltr'><strong>indigetis,</strong></span> <span class='ocrx_word' id='word_1_430' title='bbox 1112 4152 1144 4200; x_wconf 90' lang='lat' dir='ltr'><strong>et</strong></span> <span class='ocrx_word' id='word_1_431' title='bbox 1160 4162 1229 4202; x_wconf 81' lang='lat' dir='ltr'><strong>rer·</strong></span> <span class='ocrx_word' id='word_1_432' title='bbox 1278 4138 1285 4150; x_wconf 81' lang='grc'><strong><em>’</em></strong></span> 
     </span>
     <span class='ocr_line' id='line_1_47' title="bbox 85 4215 1229 4312; baseline 0.011 -39"><span class='ocrx_word' id='word_1_433' title='bbox 85 4215 121 4276; x_wconf 79' lang='lat' dir='ltr'><strong>bas</strong></span> <span class='ocrx_word' id='word_1_434' title='bbox 135 4220 300 4305; x_wconf 86' lang='lat' dir='ltr'><strong>disceptatis</strong></span> <span class='ocrx_word' id='word_1_435' title='bbox 319 4248 438 4288; x_wconf 89' lang='lat' dir='ltr'><strong>causam</strong></span> <span class='ocrx_word' id='word_1_436' title='bbox 463 4249 587 4309; x_wconf 77' lang='lat' dir='ltr'><strong>eorum,</strong></span> <span class='ocrx_word' id='word_1_437' title='bbox 612 4252 743 4312; x_wconf 77' lang='lat' dir='ltr'><strong>quorum</strong></span> <span class='ocrx_word' id='word_1_438' title='bbox 767 4229 892 4290; x_wconf 90' lang='lat' dir='ltr'><strong>iniurias</strong></span> <span class='ocrx_word' id='word_1_439' title='bbox 916 4248 950 4287; x_wconf 85' lang='lat' dir='ltr'><strong>re</strong></span> <span class='ocrx_word' id='word_1_440' title='bbox 975 4227 1040 4309; x_wconf 83' lang='lat' dir='ltr'><strong>ipsa</strong></span> <span class='ocrx_word' id='word_1_441' title='bbox 1058 4247 1165 4287; x_wconf 90' lang='lat' dir='ltr'><strong>omnes</strong></span> <span class='ocrx_word' id='word_1_442' title='bbox 1183 4227 1229 4287; x_wconf 89' lang='lat' dir='ltr'><strong>vi-</strong></span> 
     </span>
     <span class='ocr_line' id='line_1_48' title="bbox 86 4301 1231 4396; baseline 0.003 -27"><span class='ocrx_word' id='word_1_443' title='bbox 86 4301 149 4396; x_wconf 67' lang='lat' dir='ltr'><strong>leat.</strong></span> <span class='ocrx_word' id='word_1_444' title='bbox 186 4309 292 4391; x_wconf 88' lang='lat' dir='ltr'><strong>Neque</strong></span> <span class='ocrx_word' id='word_1_445' title='bbox 309 4335 383 4395; x_wconf 83' lang='lat' dir='ltr'><strong>vero</strong></span> <span class='ocrx_word' id='word_1_446' title='bbox 401 4328 503 4376; x_wconf 86' lang='lat' dir='ltr'><strong>vetera</strong></span> <span class='ocrx_word' id='word_1_447' title='bbox 520 4318 667 4378; x_wconf 85' lang='lat' dir='ltr'><strong>duntaxat</strong></span> <span class='ocrx_word' id='word_1_448' title='bbox 684 4315 792 4377; x_wconf 75' lang='lat' dir='ltr'><strong>relerri</strong></span> <span class='ocrx_word' id='word_1_449' title='bbox 809 4327 954 4396; x_wconf 87' lang='lat' dir='ltr'><strong>possunt,</strong></span> <span class='ocrx_word' id='word_1_450' title='bbox 973 4326 1004 4374; x_wconf 90' lang='lat' dir='ltr'><strong>et</strong></span> <span class='ocrx_word' id='word_1_451' title='bbox 1020 4334 1081 4395; x_wconf 84' lang='lat' dir='ltr'><strong>per·</strong></span> <span class='ocrx_word' id='word_1_452' title='bbox 1095 4308 1231 4394; x_wconf 82' lang='lat' dir='ltr'><strong>exempla</strong></span> 
     </span>
    </p>

    <p class='ocr_par' dir='ltr' id='par_1_29' title="bbox 83 4392 1313 4481">
     <span class='ocr_line' id='line_1_49' title="bbox 83 4392 1313 4481; baseline 0.009 -37"><span class='ocrx_word' id='word_1_453' title='bbox 83 4404 126 4448; x_wconf 75' lang='lat' dir='ltr'><strong>ros</strong></span> <span class='ocrx_word' id='word_1_454' title='bbox 137 4394 174 4454; x_wconf 72' lang='lat' dir='ltr'><strong>“ad</strong></span> <span class='ocrx_word' id='word_1_455' title='bbox 186 4392 337 4459; x_wconf 64' lang='lat' dir='ltr'><strong>nltmnem</strong></span> <span class='ocrx_word' id='word_1_456' title='bbox 357 4398 564 4478; x_wconf 57' lang='lat' dir='ltr'><strong>incitari&gt;„sed</strong></span> <span class='ocrx_word' id='word_1_457' title='bbox 582 4410 681 4466; x_wconf 78' lang='lat' dir='ltr'><strong>vestra</strong></span> <span class='ocrx_word' id='word_1_458' title='bbox 698 4413 822 4476; x_wconf 72' lang='lat' dir='ltr'><strong>aetate,</strong></span> <span class='ocrx_word' id='word_1_459' title='bbox 833 4399 886 4481; x_wconf 86' lang='lat' dir='ltr'><strong>qui</strong></span> <span class='ocrx_word' id='word_1_460' title='bbox 903 4399 1003 4467; x_wconf 85' lang='lat' dir='ltr'><strong>adhuc</strong></span> <span class='ocrx_word' id='word_1_461' title='bbox 1020 4398 1137 4480; x_wconf 82' lang='lat' dir='ltr'><strong>vivitis,</strong></span> <span class='ocrx_word' id='word_1_462' title='bbox 1153 4413 1230 4481; x_wconf 74' lang='lat' dir='ltr'><strong>poe:</strong></span> <span class='ocrx_word' id='word_1_463' title='bbox 1312 4471 1313 4476; x_wconf 8' lang='grc' dir='ltr'>η</span> 
     </span>
    </p>
   </div>
   <div class='ocr_carea' id='block_1_6' title="bbox 0 0 1366 4754">
    <p class='ocr_par' dir='ltr' id='par_1_30' title="bbox 0 0 1366 4754">
     <span class='ocr_line' id='line_1_50' title="bbox 0 0 1366 4754; baseline 0 0"><span class='ocrx_word' id='word_1_464' title='bbox 0 0 1366 4754; x_wconf 95' lang='lat' dir='ltr'><strong> </strong></span> 
     </span>
    </p>
   </div>
  </div>
 </body>
</html>
