2722 4754
46 217 49 228 ,
93 208 95 212 .
133 153 194 222 ιιι
291 129 304 156 ”
325 100 337 117 ’
359 149 729 214 nuarosruums·
754 121 1071 216 ιιιιιιιιτιο

71 312 75 330 ’
134 301 357 377 monstranda
347 324 443 384 ipsam
461 290 676 381 calamitatem,
709 327 799 386 quam
817 305 936 387 accepi,
971 315 1145 378 narraturus
1163 278 1285 361 mihi
1257 325 1302 361 vr-

136 392 218 451 deor.
245 391 313 462 Isti,
331 410 400 448 cum
418 389 539 469 quidam
558 383 696 450 homines
713 390 878 473 peregrini
887 391 967 450 cives
984 389 1052 450 fieri
1070 389 1202 461 vellent,
1220 387 1301 446 Ana-

123 475 272 538 ximenes
292 485 322 532 et
336 473 548 546 Nicostratus,
555 476 758 536 communiter
776 476 881 556 quinas
901 475 1029 554 quisque
1049 472 1233 533 drachmas
1225 485 1302 543 mter
1336 516 1340 519 ‚

62 607 66 613 ,
136 580 169 620 se
188 557 415 618 distribuerunt
459 559 527 618 Hoc
545 581 613 621 cum
631 561 708 621 scire
726 559 758 620 se
777 579 877 639 neque
896 559 1080 630 Eubulides,
1107 569 1210 636 neque
1235 576 1303 638 gre·
1346 600 1354 608 -

131 642 265 726 'gales
238 664 302 704 erus
322 643 438 703 eiurare
457 645 604 704 audeant:
640 643 722 705 nirnc
739 659 840 705 tamen
860 666 912 704 eos
930 665 993 703 non
1012 644 1176 704 eiecerunt
1222 640 1304 715 Quid

136 739 239 788 autem
263 746 315 786 eos
340 727 479 808 privatim
500 750 563 788 non
581 727 714 790 facturos
732 729 860 810 putatis,
886 729 938 809 qui
961 729 1081 808 publice
1107 727 1183 789 haec
1206 724 1304 784 facere

122 828 201 872 'non
220 811 416 873 dubitarunt?
442 814 573 886 Multos,
589 814 809 914 Athenienses,
825 813 995 889 Eubulidea
1011 812 1102 873 factio
1124 824 1154 870 et
1172 809 1306 891 perdidit

109 901 112 911 '
139 910 171 957 et
187 898 376 960 conservavit
393 898 510 980 argenti
526 898 629 981 gratia
646 900 722 959 Nam
735 899 824 979 prius
843 899 932 958 etiam
950 897 1001 980 (ad
1019 920 1083 957 rem
1095 896 1205 969 saciet,
1224 895 1305 974 quod

65 1003 77 1014 ι
139 981 254 1054 dicam,
288 981 555 1069 Athenienses),
550 1006 627 1044 cum
649 985 789 1044 tribunus
808 983 905 1063 plebis
924 981 1193 1043 essetEubulidae
1212 992 1306 1060 pater,

137 1076 174 1127 ut
191 1065 262 1140 dixi,
280 1066 456 1167 Antiphilus
474 1082 679 1128 commentum
699 1068 857 1149 excogitat,
876 1080 911 1128 ut
929 1089 945 1126 a
964 1067 1145 1146 quibusdam
1164 1085 1304 1138 nummos

139 1151 287 1225 auferret,
313 1165 343 1212 et
368 1153 441 1225 ait,
450 1173 482 1212 se
510 1170 671 1213 commune
696 1153 797 1213 album
823 1152 999 1235 perdidisse
1027 1153 1130 1226 Quare
1157 1149 1307 1230 persuasit

139 1233 316 1309 Alimusiis,
330 1249 376 1297 ,ιιι
393 1237 474 1297 inter
490 1259 557 1297 sese
574 1232 716 1321 suffragia¹
733 1238 865 1316 ferrent,
892 1250 923 1297 et
940 1245 1095 1297 accusatos
1114 1236 1222 1314 decem
1240 1257 1304 1293 mu-

58 1327 120 1390 340
141 1320 256 1401 nicipes
283 1320 384 1381 eiecit:
410 1342 487 1402 qnos
512 1343 617 1383 omnes
641 1336 761 1404 praeter
782 1345 896 1382 ιιιιιιιιι
894 1322 1017 1381 iudices
1040 1331 1234 1400 receperunt.
1268 1319 1307 1377 Et

46 1448 47 1452 =
140 1405 200 1466 hoc
217 1406 352 1467 seniores
371 1427 486 1466 omnes
496 1421 617 1468 norunt
643 1409 774 1470 Multum
793 1420 874 1473 certe
894 1407 1005 1478 abfuit,
1022 1418 1058 1465 ut
1075 1406 1196 1503 aliquos
1215 1403 1306 1463 relin-

140 1490 287 1571 querent,
322 1512 374 1571 qm
365 1490 596 1553 'Athenienses
615 1514 677 1556 nou
687 1499 815 1573 essent,
850 1514 918 1551 cum
927 1511 1096 1590 germanos
1117 1489 1218 1549 etiam
1228 1488 1329 1560 civess

140 1582 196 1656 per
211 1575 375 1635 factionem
395 1575 557 1651 eiicerent,
576 1599 652 1656 quos
671 1578 815 1639 iudicium
834 1577 957 1657 recepit.
973 1573 1122 1654 Cumque
1141 1574 1220 1655 patri
1239 1588 1304 1632 meo

140 1671 214 1719 tuuc
231 1659 371 1728 inimicus
390 1672 485 1733 esset,
513 1682 577 1723 non
596 1663 687 1722 modo
707 1683 776 1723 eum
794 1683 857 1721 non
875 1661 1040 1732 accusavit,
1067 1661 1122 1719 sed
1140 1679 1180 1718 ue
1201 1657 1305 1716 suffra-

111 1739 118 1756 ”
141 1743 227 1826 gium
251 1744 373 1824 quidem
398 1745 435 1804 de
461 1765 498 1803 eo
523 1745 611 1820 tulit,
639 1748 725 1826 quasi
742 1769 805 1807 non
824 1759 904 1806 esset
921 1744 1127 1805 Atheniensis.
1163 1742 1253 1801 Unde
1277 1741 1307 1799 id

141 1829 281 1889 constat?
317 1830 409 1903 Quod
429 1830 570 1890 omuibus
589 1831 786 1931 suffragiis
762 1831 833 1891 ervis
853 1844 901 1897 est
916 1830 1049 1890 habitus
1078 1830 1120 1887 Et
1137 1828 1214 1909 quid
1232 1847 1307 1906 opus

141 1927 188 1973 ost
206 1914 243 1973 de
261 1911 402 2013 patribus
416 1913 535 1975 dicere?
572 1938 639 1975 cum
658 1916 721 1997 ipse
740 1914 924 2015 Eubulides,
950 1937 1017 1983 cum
1038 1935 1096 1995 ego
1114 1911 1308 1983 inscriberet,

118 2052 120 2055 ,
141 2009 173 2058 et
189 1998 374 2079 municipes,
386 1984 434 2058 ita
451 2011 486 2059 ut
503 2021 633 2079 aequum
652 2014 713 2075 est,
730 2000 820 2059 iurati
839 2020 944 2059 omues
963 1999 1119 2080 suffragia
1125 2000 1163 2058 de
1183 2018 1230 2056 me
1249 1996 1309 2054 fer-

141 2095 226 2155 rent,
255 2102 356 2162 neque
374 2084 537 2160 accusarit,
565 2106 683 2184 neque
684 2085 868 2146 contrarium
886 2083 1077 2165 suffragium
1082 2083 1205 2142 tulerit:
1240 2102 1308 2140 nam

45 2238 48 2244 Δ
139 2167 192 2226 hic
217 2167 327 2228 iterum
346 2188 452 2226 omnes
471 2189 519 2228 me
538 2170 722 2269 municipem
741 2190 806 2229 esse
825 2168 1004 2228 iudicarunt.
1040 2168 1162 2242 Quodsi
1187 2165 1309 2226 mentiri

142 2271 192 2310 me
209 2251 364 2311 dicunt:
353 2273 387 2311 m
405 2273 470 2310 mea
487 2275 574 2332 aqua,
593 2255 733 2353 quisquis
748 2253 890 2326 voluerit,
907 2253 1088 2314 testificetur
1106 2252 1215 2312 horum
1235 2272 1309 2311 cou-

58 2339 90 2405 ’,
142 2333 239 2396 traria
275 2335 334 2393 Si
325 2335 428 2418 rgitur,
445 2329 685 2438 Athenienses,'
676 2351 804 2398 istorum
823 2338 854 2397 id
873 2351 1085 2420 argumentum
1103 2337 1307 2403 firmissimum

142 2440 208 2479 esse
224 2419 387 2495 videbitur,
405 2423 489 2500 quod
499 2421 674 2523 municipes
691 2445 739 2483 me
758 2424 816 2483 iam
834 2421 1004 2490 eiecerunt:
1024 2443 1082 2505 ego
1102 2435 1205 2524 quater
1221 2420 1306 2501 prius

141 2517 244 2565 sancte
262 2516 294 2564 et
310 2506 377 2566 sine
401 2506 626 2586 conspiratione
650 2508 818 2567 decrevisse
838 2528 889 2566 eos
917 2508 1092 2579 ostendam,
1118 2529 1186 2566 cum
1191 2505 1309 2564 decre-

142 2602 267 2662 verunt,
287 2602 383 2653 etrhe
402 2603 433 2655 et
449 2604 565 2679 patrem
584 2613 648 2652 esse
666 2592 846 2672 municipes
852 2613 932 2679 suos
966 2592 1120 2663 Primum,
1137 2612 1206 2650 cum
1225 2602 1310 2670 pater

142 2674 288 2776 probatus
306 2674 379 2735 fuit:
398 2676 524 2752 deinde,
543 2699 611 2738 cum
630 2699 705 2761 ego:
723 2690 809 2768 post,
826 2676 873 2735 in
863 2666 973 2756 pr'ima
992 2633 1224 2757 disquisitione,
1242 2695 1308 2739 cum

142 2759 196 2820 isti
212 2758 314 2820 album
333 2761 553 2822 occultassent·
578 2776 748 2843 postremo,
775 2783 843 2827 cum
861 2760 941 2821 inter
964 2761 1173 2832 nobilissimos
1191 2779 1240 2818 me
1259 2759 1309 2818 de-

143 2845 285 2927 legerunt
309 2846 346 2904 ad
373 2846 566 2920 sortitionem
586 2846 768 2906 Herculani
776 2845 946 2904 sacerdotii.
980 2846 1083 2925 Atque
1109 2846 1184 2904 haec
1211 2843 1308 2903 omnia

76 2973 98 2988 .·
142 2929 327 3007 testimoniis
359 2917 553 3012 comprobata
579 2944 657 2991 sunt.
693 2930 813 3005 Quodsi
836 2931 1007 2990 tribunatus
1032 2931 1108 2989 mihi
1133 2930 1306 2990 referendus

52 3060 56 3066 «
144 3027 201 3086 est,
218 3026 347 3095 propter
362 3035 451 3094 quem
470 3017 545 3079 mihi
564 3017 684 3096 quidam
704 3015 911 3074 irascebantur
926 3013 1036 3096 (nam
1027 3038 1060 3075 ru
1080 3036 1117 3074 eo
1136 3013 1305 3074 inimicitias

98 3093 102 3111 '
143 3098 265 3178 suscepi
284 3099 433 3182 exigendo
453 3121 468 3159 a
486 3100 588 3160 multis
614 3101 832 3182 conductiones
850 3100 988 3160 lucorum
1009 3114 1040 3160 et
1056 3100 1128 3171 alia,
1156 3120 1233 3179 quae
1251 3096 1308 3157 rei-

143 3182 284 3265 publicae
301 3183 541 3267 subtraxerant),
566 3164 706 3264 equidem
725 3205 778 3244 vos
798 3185 901 3244 audire
919 3185 1025 3245 velim.
1044 3186 1097 3244 scd
1110 3181 1293 3244 fortasse
1264 3204 1308 3240 ιιι-

143 3266 188 3326 hil
205 3268 243 3326 ad
260 3287 325 3328 reru
342 3267 441 3329 facere
461 3269 676 3330 existimabitis.
694 3268 772 3328 Illud
791 3269 912 3348 quidem
926 3283 1138 3351 argumentum
1158 3267 1308 3347 conspira

62 3406 64 3408 ,
102 3394 105 3398 ⁴
127 3349 237 3411 ⁴tionis
256 3369 362 3412 eorum
373 3349 516 3434 proferre
533 3375 667 3454 possum,
685 3355 768 3434 quod
788 3374 804 3412 e
822 3354 1016 3413 iureiurando
1040 3353 1223 3414 deleverunt
1240 3353 1309 3410 haec

110 3436 252 3496 ‘'verba:
281 3437 482 3501 Sententiam
494 3439 587 3499 feram
615 3440 715 3499 animo
742 3438 942 3518 aequissimo,
966 3459 1023 3498 nec
1041 3440 1155 3521 gratiae
1173 3455 1232 3497 nec
1251 3435 1311 3495 odii

144 3542 232 3582 causa
250 3519 333 3604 (nam
351 3522 383 3582 id
402 3545 525 3605 quoque
549 3525 770 3604 deprehensum
790 3522 867 3605 est),
894 3535 923 3582 et
941 3524 1025 3603 quod
1049 3546 1129 3584 arma
1148 3544 1204 3603 per
1222 3521 1310 3582 sacri-

53 3646 56 3651 <
118 3602 123 3608 ’
144 3606 259 3689 legium
278 3607 468 3669 abstulerunt
485 3608 619 3692 (dicetur
637 3605 743 3690 enim),
762 3628 837 3686 quae
853 3628 911 3689 ego
924 3608 1076 3668 Minervae
1093 3598 1322 3678 consecraram,

144 3704 175 3753 et
189 3693 345 3753 decretum
363 3695 599 3776 exsculpserunt,
618 3715 679 3774 quo
693 3693 859 3773 municipes
876 3712 923 3750 me
938 3706 1087 3752 ornarant
1106 3689 1313 3752 Coniurarunt

144 3777 196 3839 isti
214 3791 319 3838 contra
338 3800 397 3852 me,
416 3801 431 3839 a
451 3780 561 3859 quibus
580 3801 630 3852 ea,
650 3800 726 3858 quae
744 3777 864 3856 publice
884 3776 1090 3852 debebantur,
1110 3778 1233 3859 redegi:
1261 3796 1311 3835 eo-

49 3920 52 3922 ,
79 3887 81 3890 ·
119 3888 123 3893 ·
139 3883 205 3946 que
223 3878 374 3929 uenerunt
391 3863 611 3944 impudentiae,
629 3876 665 3923 ut
682 3863 790 3944 passim
810 3861 961 3935 dicerent,
989 3883 1022 3922 ea
1040 3885 1088 3922 me
1106 3862 1205 3921 facere
1226 3881 1311 3921 causa

101 3951 107 4026 ’-
145 3948 340 4012 defensionis.
376 3948 453 4022 Quis
471 3969 544 4008 vero
562 3968 611 4007 me
629 3961 761 4007 vestrum
779 3960 879 4007 tantae
898 3948 1108 4007 condemnet
1099 3947 1245 4018 insaniae,
1262 3948 1311 4004 lu-

73 4100 75 4102 ,
120 4032 245 4106 dices,
271 4045 306 4092 ut
309 4046 455 4115 propter
476 4030 592 4093 tantilla
610 4032 656 4092 rei
681 4033 854 4114 probandae
878 4046 1053 4114 argumenta
1077 4033 1193 4093 facinus
1214 4043 1325 4091 morte.

144 4116 357 4177 vindicandum
376 4119 535 4191 auderem,
563 4129 612 4191 et,
636 4137 712 4196 quae
731 4116 805 4176 mihi
824 4117 990 4176 honorifica
1011 4131 1128 4191 essent,
1156 4139 1190 4177 ea
1209 4116 1311 4176 abole-

43 4219 44 4223 ’
108 4272 111 4278 μ
145 4201 230 4260 rem?
265 4202 343 4263 lllud
360 4216 481 4278 autem,
499 4203 582 4284 quod
602 4203 737 4263 omnium
757 4214 803 4262 est
794 4201 1038 4302 gravissimum,
1056 4211 1119 4264 noir
1137 4202 1245 4282 utique
1265 4199 1310 4259 di-

114 4302 121 4312 ·’
145 4294 216 4344 cent
231 4306 280 4346 me
297 4299 421 4349 auctore
439 4308 505 4382 esse
522 4289 643 4351 factum.
661 4284 738 4351 Cum
750 4285 886 4369 primum
905 4279 985 4379 enim
1003 4286 1077 4352 mihi
1095 4286 1246 4349 calamitas
1261 4305 1309 4346 ac-
