2722 4754
357 174 942 280 ιιίοιοιιοοιοιοιιιιι,
1070 243 1073 247 -
1169 171 1279 309 ιιι.

58 338 101 428 Si
118 367 228 431 iisdem
240 365 384 439 animis,
376 343 619 440 Athenienses,
645 358 677 426 et
695 366 919 428 consulentium
938 368 1093 430 orationes
1110 357 1231 433 audire-

58 455 109 527 tis,
129 467 160 513 et
177 453 241 534 ipsa
259 452 386 553 negotia
400 449 590 525 iudicaretis,
610 450 745 511 omnium
764 453 950 523 tutissimum
970 469 1050 516 esset
1068 457 1139 538 dare
1157 475 1230 515 con·
1256 502 1263 512 a
1324 448 1330 455 ”

60 540 141 600 silia:
168 559 236 597 nam
256 531 282 596 si
307 531 438 596 feliciter
462 537 676 617 praeclareque
705 538 866 598 cecidisset
888 534 1055 622 (semper
1046 539 1126 601 enim
1152 540 1232 620 bene

61 623 264 685 eminandum
279 618 338 702 est)
357 635 499 694 eventus,
527 642 614 682 causa
632 634 693 681 tam
703 622 799 689 vobis
827 645 926 724 quarn
940 627 1059 686 suasori
1078 648 1114 686 ex
1133 645 1232 706 aequo

61 709 307 785 adscriberetur.
326 707 415 766 Nunc
433 727 497 780 eos,
517 706 580 807 qui,
600 727 721 789 quae
695 728 749 766 vos
759 707 877 808 ιιιίιίι,
897 701 1026 783 dicunt,
1030 710 1233 785 libentissime

61 792 184 867 auditis,
202 793 387 871 eosdemque
406 813 494 872 saepe
512 804 547 851 ut
558 784 763 873 impostores,
775 792 892 893 siquid
911 794 990 854 forte
1009 817 1096 859 secus
1114 786 1234 871 accidit,
1283 798 1286 802 '

63 901 154 960 quam
173 899 226 939 vos
245 877 373 950 velletis,
392 876 556 951 accusatis,
574 897 638 936 non
655 883 849 958 reputantes,
867 879 899 938 in
917 879 1159 969 uniuscuiusque
1176 902 1234 962 po-

61 972 171 1026 testate
191 975 269 1035 esse,
287 975 324 1021 ut
342 975 373 1050 οι
390 961 539 1041 inquirat,
566 964 597 1021 'et
615 976 785 1043 qnantum
779 962 912 1024 humano
932 966 1062 1040 consilio
1076 962 1236 1066 provideri

60 1061 176 1133 potest,
194 1047 308 1130 optima
326 1040 441 1129 cogitet
458 1048 630 1127 cadentque
642 1050 723 1128 apud
740 1069 795 1149 vos
814 1063 954 1135 ειιροιιιι,
971 1064 1007 1110 ut
1024 1065 1125 1125 autem
1144 1051 1236 1111 etiam

63 1147 209 1221 gerantur
224 1132 416 1213 feliciterque
435 1131 618 1205 succedant,
633 1133 665 1193 id
682 1134 810 1193 maxima
829 1154 865 1194 ex
882 1147 1001 1216 partea
1015 1120 1148 1196 fortuna
1159 1157 1235 1223 pen-

64 1222 145 1281 dere
179 1219 251 1278 Non
270 1231 316 1277 est
333 1230 434 1277 autem
452 1217 488 1276 ab
512 1214 638 1277 homine
656 1218 724 1299 plus
748 1219 983 1298 requirendum,
1008 1243 1098 1301 quam
1116 1236 1151 1282 ut
1170 1216 1236 1281 cul-

32 1364 34 1371 ,
63 1326 133 1387 pam
148 1315 292 1385 praestet,
309 1324 418 1382 surque
433 1301 554 1362 consrln
565 1302 715 1363 rotronem
733 1304 854 1363 reddat.
872 1326 978 1364 verum
990 1305 1130 1366 lortunae
1146 1307 1237 1366 etiam

64 1404 101 1451 ut
117 1402 163 1448 ra
165 1411 195 1448 ro
213 1389 374 1462 reddatur,
400 1389 431 1447 1d
449 1386 518 1446 fieri
535 1386 659 1447 omnino
680 1388 759 1448 haud
785 1401 895 1468 potest
931 1390 1059 1490 Quodsi
1078 1374 1237 1471 disciplina
1279 1448 1284 1454 ,

65 1474 206 1574 quapiam
224 1467 367 1532 traditum
387 1483 467 1532 esset
486 1493 518 1530 ac
536 1485 723 1552 perceptum,
745 1495 804 1572 qua
820 1475 939 1534 ratione
959 1475 1112 1574 quispiam
1124 1489 1155 1536 et
1168 1487 1236 1535 tuto

68 1574 99 1620 et
123 1560 188 1619 sine
213 1558 348 1638 periculo
374 1556 638 1620 concionaretur:
656 1577 720 1616 eam
745 1558 895 1618 rationem
921 1560 1112 1642 negligere
1103 1560 1238 1645 1nsaniae
1308 1624 1310 1628 ,

66 1645 168 1707 luerit.
194 1640 272 1702 Cum
290 1654 390 1701 autem
409 1662 533 1700 necesse
552 1641 608 1717 sit,
627 1663 713 1715 eum,
732 1664 786 1722 qur
777 1643 914 1704 futuris
934 1645 1080 1711 derebus
1099 1640 1237 1745 pronun-

65 1730 140 1805 tiat,
158 1726 335 1811 participem
355 1738 460 1788 eorum
479 1746 563 1800 esse,
583 1726 636 1806 qui
654 1741 832 1807 sequentur,
850 1727 1024 1804 eventuum,
1043 1744 1092 1804 et,
1110 1729 1238 1812 siquod

67 1815 141 1874 inde
159 1813 274 1875 crimen
293 1811 451 1885 exstiterit,
469 1831 506 1869 eo
525 1807 655 1872 involvi:
676 1824 764 1895 turpe
784 1834 849 1873 esse
869 1815 1026 1889 existimo,
1044 1835 1131 1876 suam
1141 1815 1238 1875 iacta·
1248 1882 1251 1889 ,

67 1919 101 1958 re
121 1896 431 1970 benevolentiam,
406 1918 432 1954 ιι
450 1898 533 1976 q'uod
551 1910 652 1957 autem
671 1918 687 1957 e
707 1897 835 1958 consilio
859 1858 1028 1990 perieuluni
1053 1900 1244 1982 impendeat,

38 1976 45 1983 ⁵
69 1983 291 2065 subterfugere
323 1983 406 2041 Deos
433 1981 528 2063 igitur
551 1985 675 2064 precor,
701 1996 736 2043 ut
754 2004 831 2065 quae
850 1986 882 2044 et¹
905 1984 1100 2066 reipublicae
1110 1999 1140 2046 et
1164 1983 1240 2050 mibi
1270 2062 1273 2068 Ι

67 2068 227 2151 profutura
245 2079 331 2148 sunt,
358 2088 392 2125 ea
410 2065 443 2123 in
461 2071 593 2166 merrtem
611 2066 734 2129 veniant
753 2066 890 2144 etmihi,
907 2083 943 2129 ut
961 2071 1074 2144 dicam,
1093 2083 1124 2131 et
1140 2068 1258 2138 vobis,‘

68 2167 105 2213 ut
124 2152 319 2212 decernatis.
334 2151 419 2226 Nam
430 2149 537 2250 qpovis
556 2154 648 2220 modo
675 2152 797 2214 studere
821 2153 979 2214 victoriam
1005 2154 1148 2236 adipisci,
1173 2152 1240 2213 fieri

70 2239 159 2297 aliter
176 2259 239 2296 non
258 2248 369 2316 potest,
386 2235 463 2327 quiri
481 2235 556 2294 vel
546 2237 691 2310 insaniae,
708 2236 803 2296 vel
776 2258 852 2311 erus,
871 2238 924 2318 qui
941 2261 1031 2313 suum
1051 2239 1271 2334 emolumcn

70 2336 136 2383 tum
155 2334 282 2403 spectet,
301 2341 365 2381 esse
384 2340 531 2380 censeam
574 2338 576 2345 ’

479 2475 835 2495 -νο-ο-ιὼ-ι-ἆ--υιὺ-Μ-...ι

71 2593 164 2679 Fieri
182 2637 254 2677 sane
272 2629 385 2698 potest,
401 2615 624 2686 lthenienses,
641 2627 677 2676 nt
695 2629 726 2676 et
744 2618 830 2679 iniis
849 2621 957 2694 rebus,
974 2623 1014 2682 de
1032 2617 1143 2700 quihus
1161 2640 1244 2680 nune

73 2702 276 2776 convenistis,
296 2715 328 2761 et
345 2701 383 2759 in
395 2701 521 2761 caeteris
542 2700 684 2762 omnibus
703 2703 808 2776 eadem
827 2707 943 2786 optima
957 2719 991 2767 et
1008 2704 1095 2767 vobis
1115 2724 1187 2767 esse
1198 2704 1245 2765 ri-

74 2793 204 2850 deantur
221 2800 252 2846 et
270 2807 301 2845 re
316 2785 384 2884 ipsa
402 2785 470 2849 sint.
505 2786 601 2860 Quod
617 2797 652 2844 ut
670 2786 711 2845 ita
728 2808 795 2849 esse
814 2792 997 2864 concedam,
1025 2803 1147 2864 tamen,
1173 2810 1246 2849 cum

74 2873 190 2955 magnis
207 2870 401 2971 publicisque
420 2871 457 2929 de
476 2869 567 2930 rebus
586 2870 777 2947 deliberatis,
802 2875 908 2950 dccet,
935 2875 1062 2956 opinor,
1085 2887 1121 2935 ut
1140 2895 1267 2947 οιιιιιει,

74 2981 144 3030 cos,
164 2979 227 3038 qur
207 2957 304 3014 dare
323 2955 484 3015 consilium
501 2955 626 3026 volunt,
642 2956 786 3018 audiatis:
804 2959 984 3041 praesertim
994 2983 1070 3020 curn
1087 2973 1177 3040 turpe
1195 2960 1245 3034 sit,
1268 2967 1330 3026 420

43 3093 48 3100 ,
74 3043 296 3113 Athenienses,
321 3040 381 3112 eis,
401 3041 452 3120 qui
473 3062 553 3098 nunc
572 3040 686 3122 aliquid
705 3057 840 3104 monere
849 3045 972 3118 volunt,
992 3046 1187 3127 obstrepere,
1212 3067 1246 3106 ac

74 3140 146 3211 post
165 3120 288 3186 eosdem
308 3147 357 3199 ea,
384 3125 555 3204 quaefacta
574 3139 662 3200 sunt,
687 3142 862 3209 accusantes
882 3129 1015 3190 libenter
1032 3131 1144 3191 audire.
1179 3131 1246 3214 Ego

33 3266 39 3273 .
77 3213 158 3274 enim
177 3210 247 3271 satis
266 3210 347 3280 scio,
380 3210 538 3288 quodnec
558 3231 611 3270 vos
629 3211 770 3293 ignorare
788 3228 882 3297 puto,
914 3237 996 3275 nunc
1014 3216 1141 3297 maxime
1160 3216 1248 3275 vohis
1280 3234 1281 3238 ’

75 3299 196 3381 placere
216 3316 278 3387 eos,
297 3317 350 3374 qur
341 3295 437 3353 talia
457 3295 572 3368 dicunt,
591 3297 690 3375 qualia
708 3319 763 3358 vos
783 3299 985 3381 exspectatis:
1001 3300 1048 3360 sin
1065 3292 1191 3383 aliquid
1200 3304 1248 3360 ιε’-

74 3405 148 3456 cus,
174 3381 264 3481 quam
282 3401 335 3439 vos
350 3381 464 3439 modo
466 3380 577 3460 putatis
596 3377 695 3462 (quo'd
713 3383 820 3473 absit),
847 3376 1008 3459 acciderit,
1027 3385 1117 3460 lore,
1136 3380 1267 3446 utros
1307 3378 1309 3382 ’

77 3469 114 3530 ab
140 3467 204 3526 istis
230 3466 373 3545 deceptos
399 3485 464 3524 esse
490 3466 674 3544 queramini,
699 3487 768 3527 eos
766 3465 894 3568 antem,
920 3482 997 3549 quos
1018 3491 1104 3530 nunc
1128 3469 1250 3543 eiicitis,
1305 3489 1308 3493 ’

77 3567 143 3614 tum
161 3563 245 3610 recte
264 3549 377 3608 dicere
384 3551 538 3610 censeatis.
573 3550 629 3609 Est
646 3565 750 3611 autem
764 3553 831 3613 istis
842 3553 931 3639 q,ui
941 3553 1056 3614 iobis
1047 3567 1104 3614 rsta
1117 3555 1249 3616 maxime

40 3642 43 3649 ’
77 3643 315 3720 persuaserunt,
337 3634 413 3702 rel
402 3635 551 3714 inprimis·
558 3634 772 3710 utilissimum,
802 3650 840 3698 ut
856 3634 1251 3701 intercessoribusdicendi

79 3734 213 3804 potestas
233 3721 328 3780 detur
351 3719 457 3793 Qui
431 3741 459 3778 ιι
477 3721 588 3778 docere
606 3734 762 3819 poterunt,
779 3739 857 3784 non
863 3742 928 3783 esse
948 3726 1084 3807 optima,
1092 3744 1168 3807 quae
1186 3725 1252 3786 istis

38 3835 40 3838 ·
79 3805 264 3907 probentur,
292 3803 393 3897 idque
411 3803 558 3876 fecerint,
580 3805 768 3886 priusquam
788 3808 950 3894 quicquam
968 3823 1136 3890 peccatum
1144 3809 1252 3883 suerit'.
1302 3813 1305 3817 ’

33 3938 36 3943 .
79 3892 162 3972 ipsos
182 3900 263 3947 extra
280 3892 373 3947 omne
398 3888 567 3967 periculum
592 3889 816 3951 collocabunt
819 3890 883 3951 Sin
902 3892 938 3952 id
963 3895 1063 3958 lacere
1081 3915 1145 3955 non
1163 3909 1252 3978 pote-

77 3987 167 4036 ·:runt
185 3973 293 4032 saltem
308 3985 415 4054 postea
432 3994 506 4032 non
515 3973 681 4048 habebunt,
700 3977 784 4055 quod
801 3971 1037 4057 reprehendant,
1055 3981 1110 4041 scd
1128 3981 1159 4040 id
1177 4002 1253 4041 con-
1288 4040 1294 4049 „

81 4056 213 4131 secuti,
224 4057 311 4136 qnod
334 4057 470 4117 tribuere
486 4057 705 4121 humanitatis
701 4072 806 4139 est,
804 4074 841 4121 ut
864 4061 1061 4138 audirentur,
1088 4084 1120 4124 se
1145 4078 1254 4126 suecu'-
1292 4125 1295 4132 ,

80 4144 186 4205 buisse
204 4162 302 4240 aequo
319 4142 421 4204 anim'o
447 4143 513 4202 iure
531 4144 656 4238 ferent,
684 4157 717 4206 et
733 4166 926 4210 communem
945 4160 1088 4265 eventum
1106 4151 1255 4263 omnium,

81 4229 259 4360 quicunque
277 4225 302 4286 is
320 4228 428 4346 fuerit,
446 4226 653 4347 subibunt
933 4250 936 4256 ·

885 4346 940 4395 ,ΓΙ

999 4436 1049 4510 43
