2722 4754
333 149 629 265 assensus:
638 148 978 281 ιιιιιιιιῖιιιιιι
1130 270 1133 274 Α
1175 198 1239 260 ιιι
1283 166 1313 276 53

1177 298 1184 330 l

72 357 138 440 (vos
159 356 239 416 enim
258 341 386 439 tulistis)
402 356 517 438 legent,
530 365 617 434 quae
625 345 761 436 prorsus
768 354 821 414 ita
827 333 994 435 loquitur.
1006 340 1069 425 eos,
1084 351 1178 434 qui
1158 351 1238 411 iuter

73 464 104 502 se
129 455 332 521 permutent,
344 463 414 500 eunt
438 442 509 500 dato
533 439 729 500 iureiurando
754 462 822 498 suas
847 461 920 520 opes
945 434 1123 512 indicarint,
1148 437 1238 496 etiam

68 528 159 586 ,boc
151 547 249 586 aurare
268 527 397 612 debere.
428 526 572 610 Declaro
569 545 651 607 opes
664 546 751 585 meas
768 537 859 584 recte·
870 538 900 584 et
917 525 1015 598 iuste,
1041 523 1080 583 iis
1098 522 1242 604 exceptis,

75 633 151 692 quae
176 613 207 671 in
222 600 350 710 argenti
372 582 493 670 foditiis
509 623 598 692 sunt,
619 631 695 690 quas
719 609 831 691 leges
821 631 972 669 immunes
989 610 1136 671 fecerunt
1178 607 1240 666 Sed
1309 650 1314 655 -

74 696 172 797 legem
191 697 293 776 potius
312 694 526 776 ipsamrceita.
560 700 673 754 Verum
687 695 863 783 paululum,
889 693 1037 793 quaeso,
1034 695 1138 754 differ.
1173 692 1270 775 Ego*

76 782 207 862 etprius
227 780 325 842 obtuli
343 779 538 862 Phaenippo,
568 794 597 840 et
615 802 714 853 nunc,
742 779 892 859 ludices,
907 779 935 837 ei
954 780 1044 842 dono
1054 781 1108 838 do
1116 792 1147 838 et
1164 779 1240 837 cedo
1324 786 1331 797 ‘

76 890 142 927 cum
160 866 286 946 reliquis
305 865 393 926 bonis
413 867 502 925 etiam
521 866 638 955 argenti
640 865 768 938 fodinis,
804 886 829 924 st
820 848 923 934 'mibi
937 863 1038 940 solum
1055 862 1185 934 fundum
1205 864 1244 923 li

76 953 181 1012 berum
200 951 376 1024 tradiderit,
409 951 551 1024 utfuit,
561 971 642 1010 eum
661 971 718 1034 ego
730 950 876 1030 primunt
886 950 926 1008 in
937 967 1006 1025 eum
1024 948 1244 1020 renitentibus
1323 958 1329 972 ²

75 1037 234 1124 adhibitis,
260 1049 308 1108 et,
331 1048 477 1115 quantum
497 1057 533 1095 ex
551 1035 677 1099 aedibus
694 1035 839 1095 frumenti
859 1021 970 1094 etvini
989 1033 1109 1113 evertit,
1127 1045 1159 1110 et
1175 1054 1245 1093 cae
1312 1025 1324 1036 ’

78 1135 158 1193 ιιιι,
193 1143 268 1220 qqae
287 1121 454 1181 sublatis'
430 1122 526 1203 signis
545 1142 561 1180 a
578 1121 696 1180 foribus
710 1121 883 1198 abstulit,
884 1139 923 1179 ea
942 1118 975 1178 in
992 1120 1123 1204 eundem
1141 1118 1244 1195 locum

76 1206 251 1266 restituerit.
286 1207 325 1265 Et
343 1207 416 1285 quid
436 1207 550 1266 dicere·
561 1219 592 1266 et
616 1199 743 1287 clamare
760 1205 904 1288 pergis?
902 1204 1010 1264 Multa
1028 1199 1090 1287 ego.
1105 1203 1190 1284 prius
1208 1219 1245 1261 ιιι·
1302 1233 1308 1243 ·

78 1291 327 1372 argentifodiuis,
350 1291 541 1377 Phaenippe,
567 1299 689 1390 meopte
708 1305 842 1392 corpore
855 1289 1001 1372 laborans
1014 1301 1045 1349 et
1059 1287 1246 1368 quaeritans,
1277 1304 1283 1369 j
1319 1347 1325 1361 ,

79 1377 205 1458 collegi,
229 1377 343 1435 fateor.
376 1383 458 1435 nunc
479 1397 571 1448 vero,
596 1374 699 1456 paucis
726 1375 874 1455 exeeptis,
901 1374 1002 1434 omnia
1026 1375 1153 1458 perdidi
1196 1373 1275 1432 Τιι*
1295 1370 1325 1443 ζ’

77 1480 149 1528 vero
170 1483 185 1519 e
204 1461 300 1519 fundo
317 1473 372 1519 tuo
390 1461 524 1519 vendens
544 1459 692 1519 hordeum
712 1459 882 1519 octodecim
894 1459 1082 1530 drachmis,
1092 1473 1123 1518 ct
1138 1458 1254 1523 uinum,

79 1546 240 1605 duodecim
260 1544 419 1616 drachmis,
436 1566 499 1604 non
519 1534 570 1607 abs
589 1561 629 1604 re
641 1545 725 1605 dives
743 1567 812 1620 es,
805 1569 842 1605 st
822 1533 998 1603 frumenti
1012 1545 1194 1604 medimnos
1200 1544 1246 1604 fe-

80 1631 156 1695 ceris
181 1631 319 1714 amphus
333 1630 442 1703 mille,
452 1630 515 1688 vini
539 1643 681 1690 metretas
704 1616 833 1710 amplius
848 1626 1055 1711 octingertlas.
1088 1630 1245 1710 Numquid
1300 1621 1303 1628 ¹

79 1716 174 1798 igitur
193 1716 341 1774 eundem
341 1723 398 1773 nos
417 1715 564 1774 ordinem
572 1728 679 1789 tenere
698 1716 800 1786 decet,
813 1737 881 1789 cum
899 1729 981 1774 nunc
1000 1713 1083 1775 alia
1074 1737 1110 1774 m.
1120 1716 1247 1775 fortuna
1295 1787 1297 1791 .

81 1803 175 1860 simus
194 1821 283 1880 quam
295 1799 408 1859 antea?
432 1779 645 1880 Nequaquam:
663 1805 726 1859 uon
745 1799 827 1867 enim
836 1790 1077 1865 iustdmfuerit
1109 1793 1247 1861 Suoeede
1329 1875 1331 1880 Ι

82 1899 113 1945 et
131 1898 182 1945 tu:
214 1898 279 1944 esto
299 1887 334 1943 ad
353 1906 476 1965 partum
494 1898 613 1966 tempus
632 1886 663 1945 in
681 1886 774 1945 classe
793 1907 918 1945 munera
937 1885 1137 1960 obeuntium,-
1163 1894 1264 1966 pult-n

82 1991 195 2049 quam
190 1993 258 2029 cum
256 1970 430 2029 metallicis
446 1971 522 2030 male
539 1971 654 2051 agitur,
672 1991 726 2030 vos
740 1982 841 2044 autem
855 1969 1006 2054 agricolae
1020 1971 1149 2032 ditiores
1166 1971 1248 2044 estis,
1303 1996 1306 2000 ¹

83 2076 173 2133 quam
186 2055 358 2134 oportebat
393 2054 470 2114 Satis
491 2056 572 2114 enim
591 2055 641 2114 diu
661 2052 787 2114 duobus
799 2055 988 2134 patrimoniis
1007 2056 1133 2128 frueris,
1152 2057 1249 2116 altero
1297 2067 1320 2127 j

82 2139 227 2215 naturalis
246 2139 350 2237 patris,
367 2135 505 2218 Callippi,
524 2140 620 2198 altero
632 2125 776 2219 adoptivi,
794 2140 969 2198 Philostrati
985 2141 1128 2199 oratoris:
1147 2151 1248 2220 neque
1277 2134 1300 2154 ²

81 2208 127 2281 his
146 2244 280 2301 unquam
300 2224 460 2301 quicquam
478 2223 660 2303 praestitisti.
695 2227 753 2283 Ac·
766 2245 851 2297 meus
871 2223 993 2302 quidem
1012 2237 1098 2304 pater
1113 2227 1248 2304 utrique,

83 2319 112 2366 et
130 2308 206 2365 mihi
225 2319 254 2365 et
271 2307 372 2380 fratri,
408 2307 623 2386 patrimonium
640 2308 765 2386 reliquit
784 2308 979 2408 quadraginta
998 2309 1133 2389 quinque
1152 2311 1248 2369 niitta-
1295 2350 1296 2354 =

75 2414 159 2465 ‘ru-m,
177 2393 259 2450 unde
275 2392 368 2450 *vitam
386 2398 555 2453 sustentare
574 2392 654 2452 haud
672 2393 759 2452 facile
778 2406 839 2452 est':
862 2406 909 2452 tut
925 2400 999 2452 vero
1017 2403 1116 2474 patres
1134 2403 1248 2454 tantam
1301 2424 1304 2429 ·

82 2477 215 2554 habuere
234 2475 410 2555 pecuniam,
404 2492 422 2532 ἰ
435 2490 473 2537 ut
487 2478 785 2561 uterquetripodem
805 2478 956 2538 dedicarit.
967 2479 1006 2538 in·
1017 2477 1249 2549 Bacchanalium
1336 2535 1339 2541 a

83 2562 237 2622 aedilitate
253 2562 365 2621 victor
392 2561 502 2642 Neque
518 2582 592 2624 vero
609 2564 746 2623 snvrdeo
770 2563 886 2633 debent
904 2564 984 2622 enim
1002 2587 1019 2623 a
1038 2565 1210 2624 divitibus
1201 2588 1249 2624 tua
1326 2580 1339 2626 '-

82 2647 145 2707 var'i
163 2647 253 2705 cives.
285 2649 332 2705 Tu
350 2660 450 2707 autem
455 2660 500 2706 te
519 2651 644 2709 ostende
664 2649 711 2708 vel
728 2671 824 2707 unum
843 2649 1013 2708 teruncium
1032 2649 1063 2708 in
1081 2649 1250 2730 rempubli-'¹
1261 2663 1278 2680 ·

55 2788 61 2800 ,
85 2738 147 2792 cam
172 2732 353 2804 contulisse,
378 2733 431 2812 qui
453 2733 516 2791 duo
541 2734 680 2794 munifica
703 2732 886 2833 patrimonia
902 2735 1084 2814 suscepisti.
1108 2737 1164 2794 sed·
1186 2750 1249 2806 non

86 2819 235 2876 ostendes
271 2816 444 2896 Occultare
457 2818 537 2876 enim
564 2833 594 2881 et
611 2819 821 2901 tergiversari
828 2831 858 2878 et
883 2819 976 2878 nihil
982 2841 1045 2879 non
1071 2820 1185 2894 facere,
1210 2841 1277 2879 ne
1273 2824 1335 2880 157

85 2890 298 2981 quidhisce
289 2925 320 2960 ιιι
344 2925 433 2962 usum
445 2890 640 2982 reipublicae
664 2916 815 2984 praestes,
841 2903 991 2963 didicisti:-
1015 2925 1081 2986 ego
1098 2927 1170 2964 vero
1197 2907 1250 2964 de

84 2986 278 3059 monstrabo,
304 3005 369 3058 me,
392 2988 528 3068 pauculis
547 3012 562 3048 a
580 3002 664 3070 patre
682 2987 831 3069 acceptis,
858 2989 981 3048 multa
972 2990 1154 3049 insumsisse.
1189 2984 1250 3050 Sed

84 3072 214 3172 primum
234 3071 332 3165 legem
350 3073 432 3131 illam
450 3073 525 3132 mihi
540 3075 655 3156 legito,
686 3096 764 3153 quae
783 3092 846 3133 non
859 3075 1136 3156 sinitquioquam,
1167 3077 1251 3156 quod

85 3157 118 3215 in
136 3157 248 3215 fodinis
268 3168 331 3230 cst,
350 3159 517 3232 declarare,
529 3173 573 3219 et
583 3159 855 3239 provocationem,
867 3160 984 3219 demde
1001 3161 1189 3223 testimonla
1214 3174 1293 3229 ιιι,ι

85 3228 215 3315 constet,
231 3201 440 3350 Phaedippum
458 3246 530 3343 duas
546 3236 701 3304 munificas
717 3244 846 3329 familias
856 3237 1028 3351 hereditate
1045 3258 1252 3306 consecutum.

301 3384 719 3440 nex.ruov0ca110
762 3365 1044 3461 ιιιιιιιοιιιι.
1099 3364 1109 3393 ””

171 3497 274 3576 Unica
286 3499 429 3557 duntaxat
446 3494 622 3578 Phaenippi
632 3499 719 3559 istius
738 3499 770 3557 in
788 3520 859 3571 vos,
884 3500 1020 3572 ludices,
1047 3496 1252 3563 munificentia
1271 3530 1277 3538 ³
1335 3550 1337 3555 ,

87 3583 208 3643 ostendi
225 3595 333 3663 potest.
356 3584 461 3662 Equos
479 3584 620 3643 sollerter
638 3598 668 3644 et
687 3605 796 3665 magno
815 3578 918 3643 studio
937 3583 1005 3658 alit,
1022 3600 1057 3645 ut
1068 3577 1251 3650 adolescens

87 3681 123 3728 et»
135 3669 271 3747 locuples
291 3681 320 3726 et
337 3667 489 3728 robustus.
517 3670 680 3744 Quodnam
700 3669 763 3730 eius
782 3668 827 3728 rei
845 3684 1056 3751 argumentum
1077 3673 1143 3749 est?
1167 3675 1251 3739 Ven-

87 3754 151 3812 dito
172 3774 251 3831 equo
271 3752 381 3811 bellico
399 3752 437 3820 ab
456 3753 728 3833 e'qui'sdescendit,
749 3765 780 3833 et
796 3776 853 3834 pro
873 3776 909 3814 co
929 3755 1101 3816 vehiculum
1119 3756 1178 3816 sibi
1196 3757 1253 3819 ista

87 3851 184 3900 aetate
205 3837 404 3918 comparavit,
440 3847 475 3897 ιιι
497 3859 536 3897 ue
554 3840 648 3918 pedes
666 3839 814 3899 ambulet:
828 3851 834 3867 '·
848 3842 1041 3918 usqueadeo
1061 3841 1176 3901 deliciis
1196 3841 1262 3901 iste-

88 3923 208 4002 diffluit.
243 3924 294 3983 Et
300 3923 359 3982 hoc
375 3922 519 4002 quidem
519 3922 594 3981 maht
613 3924 784 4004 descnpsrt
808 3926 861 3984 sed
880 3925 989 3986 hordea
1007 3939 1038 3985 et
1056 3948 1120 3985 ιιιιι
1138 3939 1176 3985 et
1186 3947 1253 3986 cae

86 4021 233 4080 terorum,
251 4029 327 4088 quae
347 4028 364 4065 e
381 4008 477 4067 fundo
498 4009 682 4089 proveniunt
699 4010 746 4081 ei,
755 4029 811 4068 nee
827 4010 972 4070 decimam
990 4011 1112 4090 quidem
1130 4025 1254 4092 partem.
1299 4056 1303 4060 ·
1328 4063 1332 4070 .

88 4093 206 4174 Operae
224 4094 357 4175 pretium
375 4092 517 4153 nimirum
536 4106 599 4166 est,
628 4117 696 4157 eum
715 4115 797 4154 nunc
815 4095 941 4157 missum
957 4094 1074 4157 facere:
1100 4097 1277 4185 monum,

59 4208 61 4212 ·
87 4178 266 4239 industriam
284 4200 368 4237 suam
388 4192 418 4239 et
435 4179 618 4259 reipublicae
637 4180 805 4253 studium‚··
815 4193 884 4245 tum
900 4202 1049 4262 corpore,
1075 4196 1141 4266 turn
1158 4172 1270 4249 facab,
1322 4206 1334 4212 ·

88 4264 216 4338 tatibus,
242 4263 422 4323 declaravit?
454 4265 585 4324 Multum
610 4278 692 4326 certe
716 4264 809 4325 abest
840 4267 1009 4335 Bonorum·
1014 4267 1101 4355 enim
1119 4268 1254 4330 indicum

65 4365 69 4373 ’
89 4361 151 4426 est,
168 4366 224 4411 nos
240 4348 340 4424 cirea,
358 4349 428 4431 qui,
448 4368 524 4410 eum
532 4370 598 4411 rem
616 4348 753 4426 habent,
763 4351 854 4412 ultro
864 4351 1053 4440 largiuntur,
1070 4344 1124 4435 qni
1141 4355 1174 4416 in
1191 4367 1255 4428 trt-

388 4531 420 4585 'i‘
