2722 4754
73 148 243 257 ”este
335 233 336 236 κ
406 146 1014 287 ’Μ’ΜοεΤἨΕΝΙὲΟΒΑΤιο
1152 136 1167 182 ”

75 396 81 407 .
130 336 390 431 improbissimum
407 345 538 427 putetis,
556 365 614 405 nec
631 347 794 430 agricolas,
810 358 869 410 nec
887 354 1080 416 mercatores,
1098 361 1156 402 nec
1175 340 1310 413 metalli-¹

61 471 84 485 -·
130 453 199 510 eos,
217 447 271 494 aut
289 431 528 513 quicquamftale
546 428 780 512 responderitis:
799 433 852 492 sed
870 432 896 492 si
915 431 983 512 quis
1003 432 1072 503 eos,
1091 428 1145 508 qui
1156 425 1311 497 ,mercede

107 517 518 595 ‚conducticoncionantur
551 530 582 577 et
599 518 720 579 decreta
738 516 869 593 faciunt,
894 517 1049 590 nominet,
1077 514 1106 574 ei
1123 535 1178 575 vos
1198 532 1312 593 omnes

128 600 306 669 assensuros
322 603 397 665 'satis
417 603 488 663 scio.
506 588 661 664 Hactenus
675 603 771 686 igitur'
787 615 869 663 recte
887 602 1024 662 sentitis:
1043 602 1080 669 de
1101 595 1224 679 caetero
1245 608 1314 660 non

128 694 211 753 item.
239 691 428 770 ·Naquuos
448 688 585 748 omnium
611 688 858 769 improbissimos
872 687 931 768 ipsi
949 687 1077 768 putatis,
1092 685 1150 746 'his
1170 684 1313 759 creditis,
1337 764 1346 771 .

129 777 253 860 quando
279 775 475 835 iudicandum
495 786 555 848 est,
579 773 676 852 qualis
701 773 913 854 unusquisque
931 773 970 833 sit
996 771 1223 837 existimandus.
1268 769 1315 830 Hi

93 851 96 860 Α
128 884 220 939 vero,
245 862 340 949 prout
359 851 536 937 eis'bonum
556 870 587 919 et
612 860 808 919 commodum
827 857 889 935 est,
915 878 980 918 uon
997 871 1033 919 ut
1056 858 1192 938 aequitas
1213 868 1247 917 et
1263 854 1313 916 rei

127 941 238 1013 veritas
257 940 408 1028 postulat,
426 965 677 1024 unumquemque
694 942 743 1006 ‘vel
761 944 893 1026 probum
911 946 959 1005 vel
978 943 1153 1025 improbum
1172 963 1243 1004 esse
1261 941 1312 1003 di-

10 1083 27 1095 ,Ι
129 1047 211 1098 cunt.
240 1034 274 1092 ld
294 1032 377 1113 qu'od
396 1031 482 1090 etde
502 1026 685 1099 Charidemo
704 1032 853 1111 perpetuo
871 1030 1011 1091 fecerunt
1030 1042 1178 1102 oratores,
1198 1047 1310 1109 quem

128 1108 293 1183 admodum
313 1129 344 1176 et
361 1116 419 1197 ipsi
437 1113 623 1189 fatebimini,
642 1115 668 1177 si
687 1135 723 1175 ex
740 1136 788 1175 me
806 1116 884 1175 sacta
902 1114 1187 1176 illiusaudiv'eritis.
1218 1114 1312 1190 (hiae

128 1206 225 1290 igitur
242 1201 563 1275 miles·adhuc„dum
581 1200 746 1278 funditoris
772 1201 861 1261 initio
881 1201 1029 1262 et‘velitis
1048 1221 1176 1261 munere
1196 1200 1310 1283 lunge-

122 1301 228 1365 retuh,
253 1286 754 1368 contra'nostramrempublicam
780 1286 969 1362 bellunen,
995 1307 1059 1346 non
1077 1287 1161 1347 inter
1177 1285 1311 1345 iniurias

128 1370 277 1449 numero,
300 1367 358 1435 nee
375 1372 452 1433 illud
471 1372 579 1447 etiam,
607 1374 691 1453 quod
709 1391 930 1456 myoparonem
947 1372 1108 1454 piraticum
1127 1383 1238 1453 nactus
1256 1374 1328 1431 vei

61 1518 68 1523 .
119 1462 208 1524 stros
226 1458 327 1522 socios
346 1459 546 1541 depraedatus
563 1459 638 1530 luit:
656 1460 711 1519 sed
730 1459 840 1519 omitto
859 1457 941 1518 haec.
968 1457 1199 1533 Quamobrem?
1226 1455 1311 1532 Quia

116 1545 317 1615 ,necessitatis
336 1545 380 1605 'vis
399 1557 431 1605 et
448 1543 552 1624 inopia
569 1544 782 1627 cogitationes,
801 1543 874 1624 quid
894 1563 929 1603 ex
948 1543 1052 1606 officio
1068 1543 1117 1618 sit,
1137 1542 1214 1623 quid
1233 1560 1310 1602 con-

31 1644 52 1667 ·”
70 1621 77 1632 ’
127 1645 175 1694 tra
188 1631 335 1705 officium,
347 1629 431 1691 tollit
442 1629 612 1690 universas:
632 1646 725 1710 quare
736 1629 836 1709 iniqui
848 1629 983 1689 censoris
996 1629 1100 1702 luerit,
1114 1630 1191 1688 haec
1204 1627 1309 1688 omnia

63 1787 75 1799 .
127 1717 351 1779 accuratius‘ad
369 1715 501 1776 calculos
525 1735 676 1776 revocare.
718 1713 778 1778 Sed
797 1714 943 1775 cumiam
968 1715 1140 1794 auspicatus
1164 1725 1307 1796 praeesse

43 1807 106 1869 425
130 1802 324 1866 mercenariis
344 1815 375 1862 et
393 1800 539 1881 quosdam
558 1800 671 1861 milites
689 1799 746 1859 sub
765 1820 797 1861 se
815 1799 946 1873 hahens,
971 1821 1026 1860 vos
1045 1800 1150 1876 laesit,
1175 1800 1309 1865 haec‘ex
1351 1853 1353 1857 ,

128 1911 177 1961 me
196 1888 307 1950 audite,
326 1889 399 1947 ¹lste
416 1885 547 1966 primum
567 1883 894 1946 omnium·c0n'ductus
914 1886 951 1945 ab
970 1885 1218 1966 Iphicrate,·cum
1237 1885 1309 1966 plus

1 1965 4 1970 ⁸
31 1974 56 2050 j
128 1972 407 2059 quamtriennium
426 1970 482 2030 suh
502 1990 539 2030 eo
558 1971 708 2053 stipendia
725 1971 865 2047 lecisset,
881 1968 1053 2051 postquam,
1072 1971 1202 2052 imperio
1222 1969 1308 2052 lphi-

88 2110 92 2118 .
128 2061 205 2124 erati
222 2059 386 2141 abrogato,
410 2055 608 2116 Timotheum
635 2078 714 2124 cum,
728 2056 858 2137 imperio
881 2057 1024 2118 adversus
1043 2056 1252 2139 Amphipolim
1274 2067 1309 2114 et

57 2195 60 2198 .
102 2178 104 2185 ’
129 2143 356 2207 Chersonesum
375 2141 553 2224 ablegastis,
578 2141 710 2223 primum
728 2141 996 2223 Amphipolitanos
1016 2139 1153 2215 obsidel,
1176 2142 1258 2222 quos
1276 2140 1309 2200 ei

21 2239 24 2254 '
78 2217 86 2234 ¹
129 2232 167 2301 ad
191 2216 426 2291 custodiehdum
445 2227 609 2308 Iphicrates
634 2239 774 2307 acceptos
801 2227 839 2287 ab
857 2227 1200 2308 Harpalo-tradiderat,
1235 2225 1310 2307 qui-

40 2382 42 2387 ,
78 2385 79 2389 Ἰ
129 2337 190 2397 qne
204 2323 246 2376 xer
268 2327 370 2395 vestro
397 2312 663 2391 senatusconsulto
690 2314 727 2372 ad
752 2333 806 2374 vos
836 2312 978 2374 mittendi
1003 2325 1105 2387 erant,
1131 2311 1309 2393 Amphipo-

106 2400 191 2463 »litis
209 2399 358 2460 restituit:
378 2418 455 2479 quae
473 2418 521 2458 res
541 2397 675 2479 obstitit,
693 2419 732 2457 ne
750 2396 944 2480 Amphipolis
963 2411 1129 2480 caperetur.
1171 2397 1309 2470 Deinde,

108 2490 198 2549 ,cnm
216 2484 398 2559 Timotheus
417 2504 484 2542 eum
505 2484 607 2543 denuo
620 2504 694 2559 <cum
714 2483 778 2542 eius
798 2485 931 2545 exercitu
951 2485 1123 2545 conducere
1142 2482 1264 2543 velletz·
1279 2481 1309 2541 ei

127 2579 215 2633 ‘auam
231 2560 357 2650 operam
375 2569 476 2628 locare
494 2568 605 2641 noluit,
623 2568 677 2628 sed
689 2590 758 2646 cum
776 2570 884 2630 vestris
903 2569 1035 2629 navibus
1051 2570 1088 2629 ad
1100 2565 1211 2653 Cotym
1229 2587 1307 2649 pro-

94 2648 107 2735 ,
127 2657 226 2717 fectus
247 2669 308 2728 est,
334 2675 425 2735 quem
443 2652 530 2713 v'obis
549 2654 686 2714 omnium
707 2654 866 2715 hominum
890 2653 1135 2715 inimicissimum
1154 2673 1219 2714 esse
1235 2638 1308 2712 cer:
1330 2646 1351 2697 -“

79 2736 94 2763 ”
128 2740 250 2802 tissime¹
266 2739 396 2806 sciehat„
404 2740 525 2812 Postea,
544 2761 613 2800 eum
631 2739 800 2801 Timotheo·
813 2744 912 2803 visum
932 2740 1155 2814 esset,·hellum
1174 2737 1308 2820 Amphi·
1332 2762 1342 2775 ‘

128 2822 300 2908 politanum
326 2825 587 2906 prius'confieere
615 2846 704 2905 quam
724 2823 950 2886 Chersonesum
975 2825 1114 2909 aggredi,
1138 2816 1241 2903 neque
1259 2823 1305 2882 ibi

114 2910 249 2972 'laedere
267 2931 322 2971 vos
347 2921 466 2990 posset:
492 2904 595 2984 denuo
621 2922 705 2970 suam
733 2932 855 2991 operam
875 2911 1030 2994 Olynthiis
1049 2912 1144 2984 locat,
1171 2908 1304 2969 inimicis
1332 2966 1338 2973 ,

127 2996 246 3069 destris,
264 3007 295 3055 et
313 2994 370 3068 his,
388 2996 524 3074 quitum
541 2993 751 3076 Amphipolim
770 2996 972 3056 obtinebant·
987 2998 1059 3076 Quo
1079 2997 1152 3056 dum
1170 2994 1305 3076 navigat,

128 3077 238 3142 Cardia
256 3102 326 3159 cum
342 3081 468 3141 navibus
484 3088 646 3162 egressus,
673 3089 709 3157 n't
727 3094 831 3141 contra
848 3103 903 3143 vos
922 3103 1003 3158 arma
1020 3083 1131 3155 ferret,
1158 3103 1177 3143 a
1192 3078 1308 3143 vestris,

103 3161 110 3175 ³
126 3165 302 3227 triremibus
322 3178 424 3245 captus
445 3178 508 3237 est·
533 3164 593 3225 Sed
612 3165 683 3244 quia
700 3167 847 3248 temporis
865 3161 947 3228 illius
965 3167 1043 3228 ratio
1061 3164 1253 3248 postulabat,
1274 3177 1305 3223 et

115 3249 277 3348 [militibus
295 3251 333 3310 ad
349 3250 634 3332 Amphipolitanum
653 3251 766 3311 bellum
791 3253 942 3335 egebitis:
967 3275 1036 3314 cum
1054 3250 1234 3333 plectendus
1254 3269 1302 3310 es-

127 3347 193 3410 set,
211 3342 277 3396 tu'm
296 3336 378 3416 quod
392 3336 483 3397 ‘vobis
502 3335 624 3396 obsides
642 3359 706 3396 non
725 3337 916 3413 tradidisset,
933 3351 1000 3399 tum
1019 3337 1103 3417 quod
1122 3338 1160 3399 ad
1178 3332 1302 3420 Cotym,

111 3421 249 3501 ,hostem
267 3434 419 3496 vestrum,
438 3433 513 3482 cum
531 3422 638 3483 vestris
657 3421 783 3483 navibus
801 3424 1013 3506 tranfugisset:
1036 3423 1097 3482 lide
1117 3424 1185 3484 data
1202 3434 1234 3482 et
1252 3442 1304 3481 ac-

109 3504 112 3511 ‘
127 3518 214 3587 cepta
231 3506 389 3568 vobiscum
407 3507 554 3568 militavit.
566 3508 633 3567 'Pro
648 3508 759 3588 quihus
772 3508 867 3590 igitur
880 3511 973 3569 rebus
992 3518 1124 3587 aequum
1139 3519 1212 3582 erat,
1231 3525 1304 3567 eum

90 3621 92 3625 v
126 3590 215 3675 vobis
234 3591 373 3653 confiteri
392 3593 536 3675 gratiam,
562 3591 631 3673 quia
650 3615 770 3654 crucem
796 3595 906 3655 merito
930 3595 1152 3676 peper'eeratis,
1177 3592 1305 3673 probis

125 3676 201 3757 ipsis
219 3689 323 3738 nostra
341 3677 462 3752 civitas,
487 3679 573 3738 velut
589 3679 696 3739 allecta
715 3679 890 3754 beneficiis,
916 3701 1052 3751 coronas·
1064 3680 1093 3739 ei
1112 3679 1208 3740 etius
1228 3677 1305 3743 civi-
1356 3691 1359 3695 ’

15 3804 27 3815 -
125 3760 197 3823 tatis
216 3775 248 3823 et
259 3783 310 3839 ea,
329 3784 406 3843 quae
425 3762 507 3824 scitis
527 3784 643 3838 omnes,
662 3764 769 3848 largita
788 3779 840 3826 est
858 3766 905 3824 Ac
923 3778 959 3825 ut
976 3778 1117 3847 appareat
1134 3764 1210 3825 haee
1222 3786 1239 3823 a
1252 3758 1317 3823 me,

9 3930 11 3933 Ι
125 3866 197 3908 tere
216 3847 297 3909 dicit.
318 3862 349 3909 et
367 3850 531 3909 decretum
542 3851 580 3911 de
598 3850 774 3925 obsidibus,
799 3863 829 3912 et
845 3851 1002 3933 Iphicratis
1021 3851 1144 3923 literae,
1162 3851 1304 3930 itemque

72 3944 83 3955 “’
126 3932 349 4008 T'mothei,·et
367 3933 483 3994 deinde
496 3934 555 3995 hoc
573 3936 789 3996 testimonium·
800 3938 926 4020 legetur.
959 3936 1112 4005 Videbitis
1133 3937 1234 4010 enim,
1252 3954 1305 3995 me

127 4020 190 4078 ndu
208 4024 304 4102 nugas
329 4041 418 4108 agere
435 4024 495 4080 *ant
519 4020 592 4080 falsa
617 4021 742 4082 erimina
768 4021 974 4082 comminisci:
1000 4022 1053 4084 sed
1071 4019 1142 4082 vera
1169 4042 1236 4082 esse
1257 4043 1304 4094 ea,

128 4123 205 4182 quae
223 4121 438 4184 commemoro.
473 4105 579 4199 Recita
597 4107 706 4167 literas.
824 4180 837 4189 .
1087 4117 1100 4134 ‘
1181 4148 1207 4166 .-
1271 4155 1277 4186 ,

157 4268 167 4299 s
322 4255 504 4332 mennas.
540 4222 767 4317 oscannum.
803 4226 1126 4323 resumpturum,

139 4344 144 4359 ’
203 4358 289 4439 'Eum
308 4359 403 4442 igitur
421 4380 458 4422 eo
477 4352 607 4442 primum
627 4383 710 4437 suam
733 4374 856 4443 ¹operum
876 4377 906 4425 et
924 4362 1015 4435 fidem
1033 4364 1186 4425 addixisse
1206 4375 1301 4443 atque
