2722 4754
452 186 854 281 nncn'nssrn'us..
923 219 930 226 ·
1119 184 1124 189 ’
1192 219 1232 276 as

80 380 135 450 sint,
151 393 223 453 quos
241 369 407 431 celebrant.
448 368 523 429 Nam
543 393 611 430 cum
631 372 667 431 iis
685 371 723 428 de
741 369 833 428 rebus
852 367 954 430 dicere
972 363 1138 442 conentur,
1157 387 1231 448 quas
1285 418 1306 443 Χ,

81 459 229 525 mortalium
249 466 342 516 nemo
361 476 417 537 pro
443 455 598 538 dignitate
610 455 707 537 possit
733 455 896 535 explicare:
923 455 1034 536 utipsi
1053 454 1229 534 opinionem

84 542 250 627 eloquentiae
277 552 526 621 consequuntur,
551 542 595 601 sic
613 540 769 615 ellieiunt,
798 553 839 605 ut,
861 541 956 600 virtus
983 539 1105 601 illorum
1129 538 1230 598 minor

85 635 195 697 rideatur
212 626 416 711 auditoribus,
434 649 522 707 Qum
540 639 688 708 putarant.
722 626 790 708 Ego
808 646 880 686 vero
898 625 1103 685 laudationem
1123 645 1228 704 eonmn

88 718 214 783 marianam
232 724 309 792 puto
328 713 428 792 ipsum
446 732 511 770 esse
530 724 665 792 tempus:
684 711 784 790 quod,
804 732 870 770 cum
890 731 952 769 non
973 711 1114 792 exiguum
1133 710 1228 769 inter·
1277 781 1281 787 Ι

93 800 199 872 cenarit,
225 797 319 856 rebus
345 797 476 878 illorum⁴
490 796 584 880 gestis
603 798 715 857 oraiora
730 795 817 856 ,nulli
842 796 893 856 alii
917 795 1071 875 suscipere
1097 796 1228 877 gerenda

92 895 231 975 potuerunt.
261 886 329 962 lpse
348 895 448 942 autem
466 881 615 942 rationem
635 882 782 962 explicare
801 881 945 954 conabor,
964 902 1023 960 qua
1040 902 1094 938 vos
1114 880 1250 958 optime·

90 980 221 1036 instructos
244 967 311 1027 lore
338 987 484 1028 censeam.
519 967 641 1039 Etenim
658 987 706 1026 res
732 967 773 1026 ita
788 960 824 1026 'se
843 966 951 1027 habet:
977 966 1010 1024 Si
1036 968 1227 1037 nosomne's,

89 1060 125 1142 qui
138 1053 218 1116 terba
235 1053 490 1126 lacturi‘sumus,
517 1052 696 1132 eloquentes
713 1053 884 1112 videamur:
919 1050 1017 1110 nihilo
1034 1071 1084 1109 res
1102 1061 1228 1124 vestrae,

80 1144 139 1207 satis
153 1140 219 1210 scio,
238 1151 330 1198 erunt
347 1138 496 1198 meliores.
514 1136 574 1197 Sed
589 1139 723 1220 si'unus,
743 1138 880 1218 quisquis
898 1136 950 1197 ille
964 1135 1066 1210 luerit,
1085 1155 1227 1216 progres-

87 1253 124 1292 sus
139 1227 234 1287 docere
258 1225 358 1303 pessit
383 1237 413 1284 et
437 1225 563 1282 suadere
572 1254 588 1295 ,·-
606 1246 683 1304 quae
708 1224 868 1284 instinctio
905 1234 936 1281 et
953 1224 1064 1301 quanta
1097 1234 1128 1280 et
1144 1214 1226 1280 unde

45 1324 52 1333 '
87 1321 224 1393 comparata
241 1331 325 1369 nune
342 1308 526 1390 reipublicae
545 1302 702 1389 profutura
722 1329 788 1369 esse
805 1308 958 1368 uideatur:
978 1307 1076 1366 omnis
1095 1306 1144 1365 hic
1162 1325 1226 1373 me-

88 1416 127 1462 tus
142 1394 286 1457 evanuerit.
306 1395 399 1469 Quod
418 1415 486 1476 ego,
504 1395 530 1455 si
549 1396 641 1467 modo
664 1407 783 1476 potero,
802 1394 881 1454 dabo
901 1414 1034 1474 operam,
1051 1404 1087 1451 ut
1101 1390 1227 1451 faciam:

86 1505 156 1568 pauca
170 1480 316 1561 praelatus
335 1481 414 1560 apud
432 1494 502 1553 vos',
522 1480 595 1559 quid
615 1481 652 1540 de
669 1480 755 1562 regio
774 1480 900 1563 negotio
919 1477 1054 1538 sentiam.
1070 1493 1074 1497 “
1089 1478 1156 1559 Ego
1176 1497 1226 1535 ex-

86 1570 177 1647 istimo,
193 1586 384 1648 communem
402 1564 521 1625 hostem
541 1565 676 1644 oninium
697 1567 884 1646 Graecorum
904 1582 969 1623 esse
987 1564 1102 1645 Regem
1120 1564 1226 1620 Persa-

84 1676 146 1716 rum:
168 1672 226 1710 non
250 1665 363 1711 latitem
376 1664 538 1731 propterea
563 1651 727 1725 seraserim,
753 1652 812 1711 soli
831 1651 967 1711 omnium
985 1670 1039 1709 vos
1057 1660 1093 1707 ut
1110 1642 1225 1706 bellurn
1292 1644 1295 1649 ’

35 1763 38 1771 ·
85 1751 247 1800 contraeunt
265 1736 442 1816 suscipiatis.
460 1735 569 1817 Neque
589 1737 670 1797 enim¹
687 1737 769 1818 ipsos
786 1736 921 1797 Graecos
939 1735 1029 1815 uideo
1049 1753 1225 1792 communes

61 1827 144 1902 1iuter
158 1828 186 1882 se'
203 1843 268 1881 esse
287 1821 415 1903 amicos:
434 1823 487 1881 sed
506 1820 677 1882 nonnullos
691 1821 785 1905 magis
804 1821 849 1881 illi
867 1822 971 1893 fidere,
990 1841 1079 1900 quam
1099 1817 1224 1898 quihus-
1280 1854 1289 1865 ι

82 1911 133 1970 dam
149 1908 271 1967 suonam.
290 1909 377 1982 Quae
396 1929 464 1967 cum
483 1908 524 1968 ita
543 1908 616 1967 sint:
635 1929 699 1967 ere
711 1921 810 1967 vestra
830 1927 894 1965 esse
914 1924 1034 1977 censeo,
1052 1903 1224 1984 providere,
1292 1926 1294 1933 ⁴

82 1997 173 2056 iustum
189 1992 257 2052 belli
276 1993 396 2051 initium
414 1993 615 2074 utcapiatur,
639 2007 734 2073 utque
753 2004 951 2073 apparentur,
971 2011 1048 2070 quae
1067 1986 1233 2059 convenit,-

82 2079 174 2151 omnia,
191 2089 221 2143 et
238 2077 304 2136 hoc'
315 2090 504 2158 proponatur
521 2080 558 2137 ad
577 2070 813 2159 deliberandum.
848 2076 992 2135 Arbitror
1009 2075 1107 2147 enim,
1126 2072 1223 2149 Athe-

81 2163 191 2235 nienses',
218 2162 422 2236 Graecos,·si
441 2163 610 2239 declaretur
629 2176 659 2223 et
685 2163 878 2245 perspicuum
902 2162 969 2234 fiat,
996 2161 1080 2232 lore,
1105 2171 1141 2217 ut
1158 2159 1223 2216 Rex

82 2252 145 2331 ipsos
165 2248 365 2329 aggrediatur,
402 2260 432 2307 et
457 2249 613 2308 adiuturos
639 2261 670 2307 et
687 2271 824 2331 magnam
850 2247 975 2330 gratiani
999 2244 1157 2304 habituros
1176 2242 1224 2314 iis,

82 2336 123 2414 qui
144 2345 202 2393 ante
220 2331 301 2413 ipsos
330 2345 361 2392 et
385 2334 452 2392 cuin
474 2333 549 2414 ipsis
568 2334 683 2415 Regem
708 2334 899 2393 ulciscantur.
936 2329 1074 2406 Quodsi,
1097 2329 1171 2411 dum
1191 2328 1222 2386 id

80 2419 215 2479 obscurum
234 2417 323 2476 etiam
343 2431 404 2492 est,
430 2439 485 2477 nos
503 2419 621 2499 priores
640 2440 720 2479 arma
738 2419 949 2491 sumserimus:
974 2426 1100 2489 vereor,
1124 2412 1222 2472 Athe-

79 2506 194 2576 nienses,
218 2523 256 2561 ne
274 2501 330 2562 hos
349 2526 417 2563 cnm
435 2503 489 2563 illo
519 2503 698 2565 coniunctos
721 2504 1081 2584 populsare'lcogamur,
1109 2498 1220 2579 quibus
1248 2508 1306 2564 115

80 2589 224 2649 consultum
238 2588 385 2650 volumus.
405 2591 431 2648 ls
446 2589 539 2661 enim,
551 2610 691 2670 represso
709 2589 823 2670 impetu
838 2608 894 2648 suo
908 2586 948 2670 (si
960 2600 1064 2647 tamen
1078 2585 1221 2646 invadere

79 2674 193 2734 Graecos
209 2671 361 2755 instituit),
379 2674 598 2756 largitionibus,
612 2675 730 2754 aliquos
750 2692 856 2733 eornm
875 2683 1101 2752 corrumpet·et
1117 2668 1220 2731 'amici-
1270 2710 1277 2731 t

79 2759 143 2818 tiam
159 2757 300 2818 simulabit
325 2759 373 2818 llli
387 2760 505 2840 privata
523 2759 601 2818 bella
620 2758 772 2841 corrigere
790 2757 911 2818 volent:
930 2769 969 2830 et,
988 2759 1060 2815 dum
1078 2756 1138 2815 boc
1156 2754 1219 2813 ani-

77 2865 123 2903 mo
139 2857 229 2916 erunt,
253 2858 445 2904 communem
465 2845 601 2904 omnium
628 2836 755 2903 sulutem
778 2842 942 2924 negligent.
978 2842 1012 2898 ln
1030 2851 1100 2899 eum
1119 2842 1220 2899 autem
1284 2863 1285 2866 ¹

76 2929 215 2988 tumultum
234 2942 263 2989 et
289 2932 465 3003 amentiam,
493 2951 621 3005 moneo,
655 2951 693 2989 ne
715 2927 920 3011 praecipitetis
945 2926 1059 2986 urbem
1079 2937 1220 2985 nostram.

75 3014 165 3095 Neque
181 3013 255 3074 enim
279 3016 406 3075 eandem
423 3015 513 3096 uobis
531 3015 563 3074 in
581 3016 666 3097 regio
685 3014 811 3095 negotio¹
836 3011 1105 3084 deliberationem,
1130 3032 1219 3089 quam

75 3099 130 3158 aliis
146 3099 273 3173 Graecis,
294 3122 359 3160 esse
376 3096 483 3183 video:
500 3101 583 3182 quod
603 3100 691 3159 m‘ulti
708 3090 835 3159 illorum‘
848 3096 924 3157 mihi
941 3097 1093 3168 videntur,
1111 3095 1220 3175 privati

75 3184 179 3244 alicuius
196 3184 392 3245 emolumenti
411 3208 530 3258 caussa,
558 3206 648 3266 posse
674 3185 828 3268 negligere
847 3183 922 3243 alios
942 3182 1085 3242 Graecos
1122 3179 1217 3239 Vobis

74 3281 158 3348 autem
174 3284 227 3329 nec¹
240 3271 363 3331 allectis'
379 3271 488 3330 iniuria
507 3271 671 3333 honestum
688 3269 797 3344 suerit,
817 3290 865 3328 eas
885 3270 922 3327 de
941 3267 1080 3328 sontibus
1097 3277 1217 3326 sumere

73 3375 181 3433 poenas,
202 3351 237 3414 ait
256 3353 362 3415 eonium
386 3357 504 3436 aliquos
522 3379 539 3416 a
556 3357 689 3415 Rarbaro
714 3355 814 3438 subigi
838 3353 1002 3436 patiamini.
1038 3352 1130 3427 Quod
1149 3372 1217 3410 eum

70 3439 111 3497 ita
124 3439 162 3512 sit,
176 3439 394 3520 providendum
415 3455 470 3515 est,
488 3463 526 3501 ne
542 3455 572 3501 et
584 3463 640 3500 uos
660 3441 741 3499 bello
760 3441 852 3499 simus
871 3440 1010 3520 impares,
1029 3449 1060 3496 et
1072 3436 1108 3511 is,
1127 3456 1217 3516 quem

74 3523 176 3584 Graecis
192 3526 329 3586 insidiari
354 3527 549 3607 putabamus,
574 3527 615 3586 ita
633 3548 664 3586 se
683 3526 834 3597 insinuet,
860 3538 895 3584 ut
913 3526 991 3584 fidus
1009 3522 1068 3582 illis
1088 3522 1152 3582 esse
1171 3521 1216 3581 ri-

71 3609 164 3683 deatur.
187 3612 356 3689 Quomodo,
372 3613 466 3694 igitur
481 3610 557 3672 baec
575 3611 705 3679 curanda
716 3610 833 3670 crunt?
860 3609 892 3669 Si
910 3608 1014 3690 copiae
1032 3606 1217 3688 reipublicae

70 3692 182 3755 delectae
200 3710 231 3755 et
243 3697 407 3757 instructae
427 3698 570 3756 omnibus
587 3697 767 3778 conspicuae
785 3694 909 3768 suerint,
927 3706 1017 3774 atque
1036 3693 1217 3774 apparuerit,

35 3784 116 3851 jnos
132 3779 163 3838 iis
179 3781 218 3840 ita
238 3803 304 3841 esse
321 3783 495 3854 fretumut
513 3781 588 3841 nihil
617 3782 714 3862 iniqui
732 3794 833 3841 tamen
861 3801 1014 3840 conemur.
1049 3776 1216 3838 Ferocibns

67 3876 151 3923 autem
169 3877 198 3924 et
215 3867 305 3927 nimis
335 3867 473 3949 expedite
492 3869 535 3926 ad
547 3868 660 3926 bellum
687 3862 912 3948 impellentibus
937 3864 1013 3924 illud
1033 3864 1116 3922 dico:
1144 3862 1216 3920 Non

57 3970 121 4008 -esse
133 3947 260 4025 difficile,
279 3973 388 4032 neque,
408 3974 500 4032 quum
518 3952 745 4012 deliberandum
763 3950 1023 4024 est,'lortitudinis
1039 3947 1216 4028 opinionem

64 4037 209 4115 consequi,
235 4058 353 4117 neque,
379 4059 471 4117 quum
496 4035 664 4118 periculum
683 4037 806 4118 aliquod
824 4035 976 4109 imminet,
1003 4032 1215 4102 uehementem

62 4132 198 4180 oratorem
215 4123 322 4182 uideri,
339 4123 399 4183 Sed
417 4124 491 4183 illud
510 4136 540 4182 et
555 4122 678 4182 difficile
698 4135 791 4183 estet
810 4120 1003 4194 conveniens,
1022 4118 1053 4177 in
1072 4117 1214 4198 periculis

61 4205 257 4278 fortitudinem
277 4209 443 4269 declarare:
469 4208 718 4268 in'deliherando
743 4204 921 4288 prudentius
951 4202 1015 4263 aliis
1035 4205 1106 4263 dare
1125 4216 1213 4283 po‘ssc
1239 4230 1242 4235 ¹

60 4291 213 4351 eonsilium.
235 4293 316 4375 'Ego
334 4313 416 4365 uero,
435 4292 648 4368 Athenienses,
667 4292 815 4365 existimo,
834 4290 947 4348 bellum
966 4311 1034 4351 cum
1053 4289 1137 4369 Rege
1158 4287 1214 4346 'dis-

45 4376 127 4436 'fieile
146 4394 208 4438 esse
224 4377 424 4459 reipublicae:
442 4379 592 4461 proelium
608 4379 744 4440 futurum
760 4397 825 4438 esse
840 4372 1034 4437 facile.·Cur?
1053 4375 1133 4450 Quia
1151 4394 1215 4431 non
1302 4446 1304 4451 s

367 4567 371 4571 .
433 4533 454 4555 d
