2722 4754
111 229 210 341 ..aaa
296 206 299 210 ’
432 180 1027 305 nnn0·srrrarv1sortarro
1125 213 1128 219 ‘

151 344 326 459 Graediam,
345 399 408 439 non
426 398 494 436 suas
512 384 630 465 tantum
648 377 775 459 patrias,
790 375 990 479 largitionum
1008 377 1088 438 avidi
1105 391 1136 438 et
1152 366 1321 480 pecuniam

91 467 104 492 ³
149 423 331 546 aPhilippd
353 461 534 554 accipientes
557 451 720 523 allicerent
747 464 990 543 Posteaquam
981 463 1110 546 igitur,
1119 485 1152 523 ea
1170 477 1240 523 tum
1257 463 1321 520 isto

123 543 125 554 ’
149 552 378 620 administrante
398 559 428 606 et
445 541 504 606 tale
516 550 554 608 de
568 568 600 608 se
619 549 773 629 specimen
789 549 967 631 praebente,
985 548 1072 607 vobis
1092 550 1129 608 ad
1142 548 1329 628 Philippum

102 658 105 672 ·
146 637 263 717 legatos
282 633 402 692 mittere
420 654 597 713 persuasum
616 646 663 693 est
680 633 716 693 ab
735 633 947 714 Aristodemo,
970 634 1175 713 Neoptolemo
1195 646 1227 692 et
1245 629 1322 691 Cte-

57 739 75 789 ᾗ
117 719 289 800 ἰἰιιΙιοιιιι
313 739 348 776 ac
374 718 512 790 caeteris,
534 719 610 776 nihil
634 719 698 777 sani
724 738 760 777 ex
777 718 955 778 Macedonia
977 719 1242 778 renuntiantibus.
1264 736 1321 776 eo-

97 821 107 835 ·'
147 826 215 864 rum
239 803 410 890 legatorum
434 816 470 862 et
490 803 546 862 iste
565 805 714 903 titurius,
741 824 805 862 non
823 804 888 883 qui
884 816 991 862 vestra
1014 805 1174 864 venderet
1185 809 1239 869 aut
1264 801 1320 891 qui

77 932 80 939 ,
147 884 301 968 Philippo
307 886 404 951 fidem
415 886 578 964 haberet,
581 889 633 964 sed
653 888 705 968 qui
723 900 857 947 caeteros
877 888 1050 968 custodiret
1094 889 1171 948 Nam
1190 900 1321 973 propter

146 973 299 1034 orationes
318 985 387 1032 ante
404 971 520 1032 habitas
538 984 568 1031 et
582 958 727 1054 Philippi
731 973 876 1032 odium
852 995 895 1032 src
910 974 946 1032 de
964 994 1001 1032 co
1018 993 1082 1041 non
1100 973 1137 1033 ab
1154 994 1189 1032 re
1208 993 1320 1032 omnes

145 1057 329 1120 sentiebatis.
372 1054 491 1116 Deinde
517 1077 643 1116 mecum
654 1079 833 1140 congressus
852 1056 1028 1139 paciscitur,
1055 1079 1087 1117 se
1112 1057 1320 1118 communiter

145 1144 330 1233 legationem
349 1142 523 1216 obiturum,
545 1155 628 1214 et,
633 1154 669 1202 ut
686 1142 864 1224 sacrilegum
884 1156 914 1202 et
931 1141 1140 1226 impudentem
1156 1142 1318 1202 Philocra-
1328 1166 1335 1172 ·

144 1243 207 1290 tem
224 1241 354 1327 uterque
373 1248 562 1302 caveremus,
581 1228 710 1287 multum
729 1227 885 1288 hortatur..
919 1225 964 1286 Ac
983 1228 1081 1287 donec
1103 1228 1163 1288 huc
1180 1228 1318 1288 redisses
1352 1291 1354 1298 ,

42 1373 44 1379 .
94 1381 115 1396 ..
145 1335 212 1393 mus
236 1312 371 1394 aprima
394 1311 577 1394 legatione,
587 1301 746 1393 equidem,
771 1304 991 1391 Athenienses,
1018 1315 1081 1372 noir
1105 1311 1317 1386 animadverti,

145 1411 321 1480 corruptum
348 1419 413 1460 esse
432 1419 500 1460 eum
521 1409 551 1460 et
568 1396 769 1501 semetipsum
783 1398 961 1460 vendidisse
1004 1399 1128 1458 Praeter
1145 1399 1227 1458 cuim
1247 1417 1315 1464 cae·
1350 1404 1352 1409 ’

76 1561 77 1564 ι
102 1504 109 1513 ’
146 1499 218 1559 tera,
238 1507 325 1565 quae,
343 1497 378 1545 ut
395 1487 544 1560 recensui,
563 1487 661 1570 prius
665 1486 789 1558 dixerat,
807 1484 908 1584 priore
927 1485 1085 1574 concione,
1106 1507 1164 1565 qua
1184 1485 1222 1544 de
1240 1502 1315 1564 pace
1340 1501 1354 1535 ·.

102 1579 107 1583 ’
145 1571 374 1646 deliberabatis,
399 1573 543 1647 surrexit,
567 1588 668 1651 eoque
686 1570 835 1652 principio
854 1593 927 1630 usus
947 1582 1009 1645 est,
1017 1570 1116 1650 quod
1135 1590 1193 1652 ego
1212 1567 1325 1629 verbis⁴

141 1658 253 1728 etiarn,
266 1669 306 1717 ut
324 1658 454 1757 opinor,
469 1657 593 1728 iisdem,
612 1678 689 1737 quae
707 1656 758 1715 ille
778 1656 869 1728 dixit,
888 1656 967 1736 a‘pud
985 1676 1048 1716 vos
1058 1652 1314 1714 commemorabo.
1319 1654 1331 1723 ’,

83 1740 177 1802 Si
195 1741 341 1841 multum,
367 1741 485 1820 inquit,
515 1754 545 1800 et
564 1700 616 1800 diu
633 1742 795 1801 meditatus
815 1753 894 1800 esset
911 1740 1115 1817 Philocrates,
1141 1761 1203 1822 quo
1222 1751 1329 1820 pacto.

58 1839 120 1896 220
145 1827 289 1891 acerrime
307 1824 492 1907 reipublicae
519 1826 741 1908 adversaretur,
765 1826 987 1899 Athenienses,
1012 1825 1088 1885 nibil
1114 1847 1183 1885 eum
1202 1805 1314 1884 melius
1346 1822 1354 1830 ”

112 1941 115 1944 ·
141 1913 234 1975 fnisse
252 1924 445 1992 reperturum
464 1901 595 1970 arbitror
610 1911 722 1975 talibus
742 1911 877 1970 decretis.
912 1912 1070 2010 ligavero
1089 1932 1194 2009 pacem
1212 1911 1314 1983 istam,

140 2001 215 2059 dum
232 2018 312 2056 unus
330 1995 527 2057 Atheniensis
543 1996 748 2076 superfuerit,
767 2018 921 2076 nunquam
941 1995 1054 2056 civitati
1072 1995 1227 2056 suaserim
1255 1997 1314 2055 Ρι

142 2105 217 2144 cem
226 2095 327 2164 tamen
339 2081 512 2150 faciendam
531 2102 595 2139 esse
615 2082 691 2153 dieo.
734 2082 818 2141 Talia
843 2081 1027 2165 loquebatur
1045 2077 1178 2141 breviter
1195 2093 1227 2140 et
1244 2099 1313 2140 ιιιο-
1333 2133 1337 2136 ,

85 2192 89 2200 ·
142 2171 274 2229 derate.
296 2163 359 2241 Qui
375 2187 449 2226 vero
473 2156 571 2247 pridie
596 2166 669 2225 haec
692 2167 809 2226 dixerat
833 2167 1027 2226 audientibus
1051 2167 1138 2231 vobis
1159 2165 1313 2238 omnibus,

104 2253 250 2314 ”idem
232 2272 284 2327 ιιι
277 2253 478 2332 posteriore,
507 2264 654 2330 cunr-pax
672 2252 876 2311 confirmanda
895 2264 988 2326 esset,
1015 2273 1065 2310 me
1083 2252 1239 2312 sociorum
1257 2246 1313 2311 de·
1330 2251 1334 2323 j

115 2399 119 2405 ,
142 2352 259 2399 cretum
278 2336 461 2397 defendente
481 2351 512 2396 et
530 2337 560 2396 id
580 2350 705 2418 agente,
733 2349 768 2398 ιιι
786 2361 842 2419 pax
860 2338 937 2397 iusta
956 2351 987 2397 et
1005 2355 1110 2438 aequa·
1113 2339 1226 2410 fieret,
1255 2339 1313 2396 vo-

63 2484 65 2488 .
139 2423 277 2504 bisque'
262 2437 309 2482 ιιι
327 2409 529 2482 sentientibus
549 2444 582 2481 ac
600 2443 639 2481 ne
657 2445 763 2483 vocem
784 2423 907 2503 quidem
925 2423 1112 2504 spurcissimi
1102 2421 1313 2482 Philocratis
1334 2440 1337 2444 ’

81 2526 85 2530 “
140 2511 245 2570 audire
278 2507 487 2588 volentibus,
506 2508 616 2590 surgit
627 2508 663 2566 ad
690 2509 940 2569 condonandum
973 2508 1078 2587 illique
1103 2508 1315 2589 patrocinatur

84 2622 87 2627 ¹
140 2594 259 2666 verbis,
274 2593 358 2652 odii
376 2593 578 2667 immortales,
597 2594 699 2653 multis
717 2594 867 2657 mortibus
886 2592 1091 2654 vindicandis.
1124 2614 1227 2674 neque
1246 2614 1313 2653 ma-

127 2680 240 2741 iorum
257 2679 411 2738 recordari
427 2699 481 2738 vos
501 2692 658 2758 οιιοιιιιι,
677 2701 777 2759 neque
796 2701 865 2754 eos,
885 2700 949 2758 qur
928 2679 1126 2759 'triumphos
1146 2691 1176 2738 et
1194 2679 1312 2739 navalia
1337 2684 1341 2689 ”

133 2763 255 2846 'proelia
282 2775 473 2838 narrarent,
468 2764 631 2824 tolerare:
656 2778 750 2844 seque
776 2765 843 2847 lege
870 2764 929 2823 lata
954 2764 1165 2838 decreturum,
1194 2785 1235 2825 ne
1260 2763 1327 2831 cui⁴

141 2851 342 2910 Graecorum
340 2870 438 2929 opem
456 2849 592 2923 ferretis,
613 2849 666 2930 qui
684 2871 746 2908 non
765 2851 850 2930 prior
863 2849 952 2908 vobis
968 2871 1061 2930 opem
1079 2851 1209 2909 tulisset
1242 2848 1309 2908 At-

58 3001 78 3015 „
139 2956 212 3016 que
217 2935 292 2994 haec
311 2933 523 2993 detestabilis
514 2947 571 2994 rste
591 2947 622 2994 et
639 2935 798 3014 impudens
816 2935 919 2995 dicere
938 2935 1083 3008 audebat,
1118 2923 1308 3012 adstantibus

130 3020 245 3102 legatis
265 3032 295 3078 et
312 3008 516 3093 audientibus,
538 3036 614 3100 quos
635 3041 650 3079 e
671 3019 797 3080 Graecia
815 3033 881 3080 tum
899 3021 1144 3096 convocaveratis
1162 3020 1229 3079 de
1219 3020 1309 3079 istius

137 3105 295 3178 consilio,
290 3115 416 3188 cumae
435 3105 572 3165 nondum
588 3105 783 3178 vendidisset.
805 3088 1096 3182 Quemadmod-‘um
1088 3106 1192 3187 igitur,
1210 3103 1309 3165 Athe-

137 3190 276 3264 nienses,
292 3183 421 3254 iterum
440 3212 457 3248 ι
473 3182 560 3249 vobis
586 3191 722 3250 delectus
742 3192 784 3250 ad
811 3190 1021 3250 iusiurandum
1042 3191 1251 3272 erigendum,
1277 3202 1309 3250 et

84 3286 115 3326 ’--
136 3284 274 3357 tempora
300 3274 500 3339 consumserit
521 3287 556 3335 et
580 3277 681 3336 omnia
695 3275 889 3376 reipublicae
914 3275 1036 3358 negotia
1061 3274 1248 3357 corruperit,
1277 3286 1308 3334 et

138 3379 216 3468 quae
235 3361 319 3436 mihi,
339 3381 371 3420 ea
385 3359 548 3440 prohibere
568 3361 713 3443 cupienti,
733 3361 945 3421 contentiones
965 3361 1226 3421 cumeofuerint.
1244 3373 1304 3419 sta·
1330 3407 1333 3410 .

60 3442 65 3455 .
136 3447 193 3506 tim
211 3446 347 3507 audietis.
376 3446 546 3527 Postquam
564 3460 664 3507 autem
683 3446 720 3506 ab
736 3468 773 3505 ea
782 3446 960 3530 legatione,
978 3458 1111 3546 propter
1123 3446 1306 3529 exigendum

136 3521 346 3593 iusiurandum
364 3545 520 3613 suscepta,
537 3530 653 3593 reversi
669 3554 790 3619 sumus,
808 3533 845 3592 ad
857 3553 952 3612 quam
965 3528 1054 3591 haec
1055 3533 1210 3592 rationum
1227 3529 1311 3591 rela-

136 3617 238 3679 tiones
245 3618 429 3719 pertinent·
441 3639 510 3678 curn
528 3641 629 3700 neque
646 3613 771 3702 parvum
786 3639 889 3698 neque
901 3639 1051 3701 magnum
1070 3618 1233 3708 quicquam
1252 3636 1304 3674 eo

134 3724 203 3763 rum
220 3704 454 3804 reperissemus,
484 3726 577 3783 quae,
596 3728 665 3765 cum
683 3725 787 3787 pacem
805 3703 961 3778 laceretis,
986 3702 1084 3770 dicta
1084 3716 1115 3773 et
1134 3702 1305 3784 exspectata

134 3779 271 3862 fuerant,
295 3789 381 3848 sed
369 3812 405 3848 ιιι
424 3789 564 3850 omnibus
583 3791 726 3871 decepti
721 3812 870 3851 essemus:
906 3811 1035 3869 cumque
1055 3789 1106 3848 isti
1122 3809 1228 3850 rursus
1248 3787 1306 3847 alia

92 3886 94 3891 ’
133 3873 352 3959 vendidissent
360 3887 392 3935 et
409 3887 514 3935 contra
528 3874 630 3956 ipsum
646 3863 802 3936 decretum
820 3876 1005 3959 legationem
1020 3874 1184 3935 obiissent:
1203 3894 1306 3937 acces-

91 4002 110 4036 ¹.
134 3953 228 4036 simus
253 3960 290 4018 ad
314 3954 459 4020 senatum.
501 3961 542 4020 Et
566 3961 692 4035 horum,
720 3983 796 4041 quae
822 3961 935 4034 dicam,
962 3960 1051 4039 multi
1075 3973 1147 4036 sunt
1170 3960 1306 4036 conscii:

41 4081 43 4088 ·
134 4043 217 4103 curia
232 4041 316 4103 enim
333 4046 444 4105 referta
463 4058 526 4106 erat
537 4044 670 4130 plebeiis
689 4046 877 4107 hominibus.¹
889 4047 962 4129 Ego
980 4045 1053 4106 vero
1071 4061 1254 4146 progressus
1273 4045 1306 4105 in

133 4129 267 4189 inedium
286 4138 408 4190 omnem
425 4130 582 4191 veritatem
601 4132 720 4191 senatui
737 4133 925 4205 renuntiavi,
950 4146 982 4192 et
999 4131 1074 4192 istos
1093 4131 1248 4206 accusavi,
1275 4142 1307 4190 et

90 4283 98 4290 .
132 4213 263 4294 aprima
280 4213 331 4274 illa
349 4237 402 4296 spe
418 4237 521 4275 rerum
540 4236 659 4289 earum,
686 4239 759 4316 quas
779 4214 959 4297 Ctesiphon
967 4230 997 4277 et
1014 4207 1229 4281 Aristodemus
1248 4237 1306 4276 vo-

132 4298 179 4358 bis
188 4299 422 4400 renuntiarant,
440 4300 542 4360 omnia
561 4301 766 4375 emimeravi,
778 4314 809 4360 et
825 4316 946 4383 postea,
957 4324 1033 4362 cunr
1052 4322 1157 4388 pacem
1176 4295 1308 4364 fecisse-

51 4450 54 4463 ,
133 4384 182 4458 tis,
203 4406 280 4465 quae
297 4385 370 4446 iste
372 4381 429 4479 pro
447 4386 596 4453 concione
616 4385 749 4470 dixisset,
774 4399 812 4447 et·
821 4409 884 4468 quo
903 4378 1114 4468 perduxissent
1130 4388 1307 4481 ιιιιιιιιιΙιΙί-Ι
