2722 4754
114 151 176 258 soa
397 174 763 259 ounosununrs
788 172 994 236 onnuto

115 335 206 410 carit,
222 334 283 395 uel
301 332 436 394 duxerit:
467 344 590 411 praetor
608 353 677 392 eum
695 340 785 411 cogat
802 325 854 388 aut
872 328 1008 399 elocare,
1035 338 1088 386 aut
1105 324 1204 406 ipsum
1224 324 1279 384 du-

115 443 192 483 cere.
210 417 337 495 Quodni
353 430 476 498 praetor
492 418 637 499 coegerit,
656 416 766 486 debeat
780 414 862 474 mille
878 413 1034 473 drachmas
1049 433 1146 471 sacras
1163 410 1280 483 lunoni.

116 503 199 567 Citet
215 516 317 563 autem
335 523 423 576 eum,
442 502 493 581 qui
512 502 702 574 detrectarit,
720 493 818 580 qdivis
836 499 873 558 ad
891 510 1070 578 praetorem.

37 597 94 653 173
202 587 286 663 Quid
304 587 352 646 lex
370 585 465 659 dicat,
484 588 617 661 ludices,
635 585 754 646 auditis.
779 581 857 659 Cum
874 595 976 642 atatem
995 584 1034 642 de
1051 579 1167 663 pupilla
1185 579 1283 640 disce-

116 674 268 756 ptandum·
282 683 369 739 ,esset
393 671 603 745 Philomacha,
632 672 722 731 buius
746 668 834 751 pueri
857 681 969 739 matre,
997 680 1066 739 nata
1092 688 1128 726 ex
1154 663 1283 747 patrueli

117 756 269 840 llagniae:
305 776 363 840 ego
381 757 469 831 veni,
495 758 593 840 legem
613 771 769 830 metuens,
795 767 826 814 et
844 774 909 812 eam
927 752 1002 812 mihi
1019 751 1188 824 vindicavi,
1217 771 1283 810 cum

117 862 215 903 essem
233 840 346 924 genere
362 842 526 922 proximus.
546 841 764 922 Theopompus
782 852 894 912 autem,
911 837 1066 898 Macartati
1083 849 1180 918 pater,
1197 855 1285 917 pror-

117 949 172 997 sus¹
189 948 252 987 non
270 927 411 1000 accessit,
429 949 529 1007 neque
547 927 784 991 controversiam
802 923 914 995 movit,
932 924 1016 1003 quod
1034 923 1110 982 nihil
1129 920 1288 1000 adipsum

100 1011 277 1085 attineret,
304 1012 397 1091 idque
422 1034 491 1071 cum
515 1024 595 1071 esset
613 1013 717 1070 eadem
736 1021 840 1069 aetate.
858 1026 865 1031 ·
883 1010 982 1084 Quam
1001 1007 1166 1067 absurdum
1184 1017 1285 1065 autem

41 1116 45 1123 ’
119 1116 186 1157 esse
204 1095 473 1176 putatis,·ludices,
491 1097 790 1176 cumTheopompus
808 1095 846 1153 de
865 1093 989 1174 pupilla,
1003 1092 1060 1172 qui
1078 1091 1136 1152 luit
1149 1084 1284 1172 Hagniae

118 1181 248 1264 patrueli
266 1192 352 1254 nata,
378 1202 446 1240 com
464 1181 586 1240 nemine
604 1202 738 1260 unquam
756 1178 896 1260 litigarit,
921 1190 957 1238 ut
974 1176 1123 1258 postulet,
1150 1174 1285 1257 Hagniae

65 1276 69 1282 ’
119 1266 179 1338 sibi
196 1265 395 1325 hereditatem
419 1265 514 1326 tribui
538 1278 642 1327 eontra
662 1286 767 1325 omnes
785 1263 890 1346 leges?
926 1262 1008 1338 Quid
1027 1262 1092 1326 istis
1110 1257 1285 1319 bominibus

120 1348 187 1411 lieri
202 1362 294 1430 queat
309 1348 515 1432 impudentius
534 1363 587 1413 aut
603 1349 798 1423 sceleratius?
816 1347 922 1410 Recita
939 1347 1028 1408 etiam
1044 1344 1180 1407 'caeteras
1196 1343 1285 1426 leges.

474 1489 545 1575 ‘¹'
617 1501 792 1560 uncas

132 1646 138 1673 ,
173 1656 177 1662 ,
205 1602 366 1665 Homicida
384 1604 415 1665 iu
433 1604 502 1666 foro
515 1605 688 1687 postuletur
699 1603 736 1663 ab
750 1602 799 1678 iis,
815 1602 869 1683 qui
883 1615 955 1662 sunt
968 1601 1047 1662 intra
1064 1598 1281 1676 consobrinita7

120 1701 182 1748 tem
202 1700 233 1747 et
249 1711 266 1747 a
285 1688 494 1751 consobrinis:
520 1712 580 1751 una
598 1700 819 1770 persequantur
836 1688 966 1748 eundem
985 1700 1016 1747 et
1033 1685 1282 1757 consobrinorum

120 1773 221 1846 liberi,
240 1786 272 1832 et
288 1774 403 1856 generi,
423 1788 454 1834 et
470 1776 578 1849 soceri,
598 1788 629 1835 et
645 1773 773 1855 sobrini,
792 1787 822 1833 et
840 1772 975 1846 curiales.
1000 1772 1054 1833 Sin
1074 1794 1144 1831 eum
1163 1791 1201 1829 eo
1218 1770 1284 1828 red-

51 1898 54 1903 ·
96 1859 257 1933 'eundum
281 1858 457 1942 ingratiam
481 1861 590 1933 fuerit,
611 1859 637 1920 si
655 1872 741 1940 pater
758 1871 910 1939 superstes
938 1858 1011 1932 erit,
1035 1870 1088 1917 aut
1104 1857 1214 1928 srater,
1237 1866 1286 1913 aut

122 1941 195 2009 lilii:
219 1956 272 2003 aut
289 1944 441 2019 omnium,
467 1959 520 2007 aut
537 1946 618 2019 eius,
644 1944 697 2024 qui
715 1943 873 2024 prohibet,
897 1943 1011 2003 valebit
1028 1940 1200 2001 auctoritas.
1235 1938 1287 1997 Sin

122 2027 234 2088 borum
251 2048 342 2088 nemo
363 2029 436 2104 erit,
455 2045 485 2092 et
502 2032 624 2092 caedem
642 2029 754 2090 invitos
771 2028 893 2101 fecerit,
910 2018 1003 2108 idque
1021 2025 1241 2108 quinquaginta
1260 2036 1288 2082 et

19 2131 22 2139 ’
87 2149 90 2159 ι
123 2134 204 2174 unus
221 2112 269 2172 vel
289 2113 422 2194 Ephetae
440 2113 685 2198 pronuntiarint,
702 2114 832 2174 invitum
849 2113 957 2173 secisse
976 2114 1112 2174 caedem:
1136 2108 1288 2170 intromit-

123 2210 228 2258 tantur
251 2198 393 2273 curiales,
418 2201 443 2261 si
460 2192 591 2275 volent,¹
606 2201 719 2261 decem.
751 2197 801 2258 Ab
827 2199 873 2259 his
898 2211 998 2259 autem
1017 2196 1236 2279 quinquaginta
1260 2205 1290 2253 et

52 2316 54 2321 >
124 2304 204 2343 unos
223 2283 473 2364 ex‘opti'matibus
491 2287 670 2368 deligantur.
698 2285 738 2343 Et
756 2284 808 2363 qui
825 2283 908 2365 prius
927 2285 1049 2345 caedem
1067 2283 1215 2354 lecerunt,
1234 2279 1287 2349 bac
1341 2288 1344 2305 ¹

124 2367 283 2433 sanctione
308 2380 476 2430 teneantur.
521 2371 583 2446 Qui
601 2381 678 2435 'vero
704 2369 736 2428 in
761 2368 934 2449 municipiis
958 2369 1183 2441 desiderantur,
1209 2383 1284 2444 quos

111 2458 215 2513 'nemo
232 2451 407 2514 sustulerit:
433 2476 485 2515 eos
503 2455 618 2518 indicet
633 2454 775 2515 tribunus
793 2454 948 2536 cognatis,
965 2463 1009 2514 'ut
1024 2453 1136 2513 tollant
1154 2462 1287 2528 etsepe-

70 2621 74 2626 ι
124 2536 217 2607 liant:
246 2538 432 2630 ¹etpopulus
451 2561 489 2600 eo
507 2541 556 2601 die
574 2541 736 2613 lustretur,
764 2560 826 2618 qoo
845 2539 893 2598 die
910 2539 1025 2621 singuli
1042 2532 1207 2598 desiderati
1223 2533 1289 2593 suc-

124 2622 195 2709 rint
220 2621 433 2684 Denuocietur
448 2627 607 2705 autem-de
619 2624 718 2685 >servis
730 2624 880 2685 domino:
898 2625 936 2684 de
953 2623 1095 2707 ingenuis
1113 2621 1169 2693 iis,
1188 2617 1241 2699 qui
1259 2617 1289 2691 iu

69 2782 72 2788 Ι
124 2707 214 2768 bonis
233 2720 311 2768 sunt.
353 2708 408 2770 Sin
426 2705 549 2772 mortuo
567 2711 648 2772 bona
666 2714 854 2772 nonerunt:
884 2710 998 2781 mortui
1016 2705 1152 2791 cognatis
1172 2706 1290 2764 denun-

126 2792 229 2853 cietur.
248 2793 368 2867 Quodsi
383 2807 453 2875 post
468 2795 584 2856 tribuni
599 2795 863 2856 denuntiationem
878 2794 1000 2876 cognati
1016 2813 1079 2854 non
1096 2788 1292 2852 sustulerint:

46 2888 71 2952 j
124 2877 265 2937 tribunus
288 2878 458 2939 tollendum
483 2882 609 2943 cadaver
626 2881 725 2954 locet,
750 2881 782 2939 et
797 2879 1023 2960 sepeliendum,
1049 2891 1080 2937 et
1100 2876 1290 2936 lustrandum

126 2982 163 3023 eo
188 2961 237 3020 die
261 2963 424 3043 populum,
452 2987 540 3047 quam
558 2964 684 3026 minimo
703 2964 823 3045 poterit
858 2965 913 3024 Sin
938 2985 1002 3033 non
1025 2963 1150 3023 locarit:
1178 2959 1288 3018 debeto

125 3046 209 3107 mille
228 3047 382 3109 drachmas
401 3050 524 3110 aerario.
548 3050 704 3131 Quicquid
722 3063 824 3110 autem
841 3048 1040 3130 impenderit,
1057 3047 1184 3128 duplum
1203 3067 1220 3103 a
1239 3045 1300 3102 de-.

125 3131 268 3192 bentibus
287 3132 409 3219 exigito.
442 3136 535 3210 Quod
553 3137 613 3197 uisi
630 3136 750 3196 fecerit:
774 3136 837 3216 ipsc
856 3134 968 3194 debeto
986 3131 1192 3214 popularibus.
1230 3126 1290 3203 Qui

124 3229 225 3277 autem
244 3216 411 3279 locationes
430 3219 568 3282 lucorum
586 3223 740 3286 Minervae
764 3232 797 3280 et
817 3232 1004 3279 caeterorum
1022 3221 1159 3278 Deorum
1179 3227 1210 3273 ct
1228 3214 1289 3272 He-

40 3298 102 3382 174
124 3322 213 3366 roum
238 3304 689 3387 nonrcddiderintzinlames-
710 3318 740 3366 et
764 3306 822 3387 ipsi
848 3317 940 3365 sunto
965 3315 996 3364 et
1022 3324 1128 3364 eorum
1152 3297 1288 3370 heredes,

123 3386 222 3459 donec
239 3386 395 3453 solverint
465 3400 474 3410 “
801 3450 805 3471 β
955 3432 961 3438 -

208 3471 291 3531 Haec
310 3473 427 3547 omnia,
446 3496 522 3554 quae
541 3475 623 3557 leges
641 3475 749 3545 iubent
766 3474 864 3534 lacere
882 3486 1039 3556 cognatos,
1058 3492 1114 3532 nos
1133 3469 1242 3530 iubent
1260 3479 1291 3541 et

99 3558 104 3567 “
122 3554 221 3620 facere
240 3572 372 3639 cogunt,
390 3560 537 3637 ludices:x
549 3582 617 3620 cum
636 3562 799 3620 hlacartato
818 3573 918 3620 autem
936 3558 1013 3618 nihil
1031 3558 1290 3638 loquuntur,ne-

124 3661 185 3720 que
203 3663 272 3700 cum
290 3643 508 3724 Theopompo,
537 3657 621 3725 patre
640 3645 719 3704 eius:
754 3667 855 3724 neque
873 3644 954 3704 enim
973 3645 1005 3703 in
1023 3643 1135 3703 familia
1154 3640 1289 3722 Hagniae

48 3778 76 3798 ,ζ
123 3726 244 3785 suntin
262 3726 446 3789 uuiversum.
464 3731 535 3806 Quo
553 3743 642 3810 pacto
659 3730 753 3812 igitur
766 3731 831 3790 istis
851 3730 1012 3810 quiequam
1029 3726 1227 3786 mandarent?
1245 3725 1288 3784 he

104 3809 181 3871 ‘iste
200 3811 322 3890 quidem
344 3814 380 3873 ad
403 3813 577 3875 refutandas
602 3815 685 3897 leges
709 3827 740 3874 ct
762 3815 952 3887 testimonia,
979 3834 1055 3893 quae
1074 3824 1131 3870 n'os
1151 3809 1289 3870 exhibui-

122 3919 207 3968 mus,
230 3896 303 3957 iusti
321 3898 397 3959 nibil
415 3899 524 3969 asserre
541 3913 656 3981 potest:
678 3901 736 3969 sed
755 3899 931 3982 indignatur
949 3912 979 3960 et
996 3899 1101 3977 inique
1120 3918 1224 3956 secum
1242 3893 1288 3976 agi

60 4040 62 4047 s
123 3981 251 4068 dictitat,
269 3983 322 4063 qui
339 3999 423 4066 patre
442 3998 563 4047 mortuo
581 4007 651 4047 reus
668 3987 728 4051 fiat
761 3986 840 4059 lllud
858 3997 970 4058 autem,
988 3983 1116 4054 ludices,
1134 4003 1198 4040 non
1217 4001 1289 4039 con-

47 4141 50 4144 ⁴
90 4114 93 4119 .
123 4065 252 4140 siderat,
270 4083 385 4150 patrem
404 4094 492 4132 suum
510 4070 665 4132 bominem
682 4071 777 4131 luisse
795 4070 973 4144 mortalem,
992 4082 1109 4129 etcum
1127 4067 1193 4126 aliis
1212 4063 1289 4124 mul-

123 4150 162 4211 tis
179 4152 320 4229 obiisse,
346 4168 377 4215 et
402 4155 573 4217 senioribus
600 4170 631 4218 et
644 4156 828 4226 iunioribus.
846 4154 928 4215 ‚Etsi
953 4167 1057 4215 autem
1071 4153 1288 4234 Theopompus

124 4236 223 4297 obiit:
237 4239 321 4321 leges
338 4262 402 4303 nou
422 4241 574 4312 obierunt,
592 4241 757 4320 neqoeius
776 4240 863 4313 obiit,
881 4262 982 4321 neque
999 4238 1134 4312 iudices,
1152 4256 1288 4318 pronun-

117 4319 217 4418 'dandi
240 4325 420 4389 auctoritate
443 4324 580 4426 praediti.
615 4324 728 4424 Agitur
743 4324 844 4387 autem
862 4326 895 4387 in
913 4326 973 4387 boc
997 4323 1112 4386 iudicio
1131 4336 1164 4384 et
1186 4322 1218 4385 in
1236 4320 1289 4381 bac
