2722 4754
10 226 14 233 ι
51 277 57 285 „
106 138 191 281 ,im
388 137 775 259 fnnnos'cnnuts
800 149 1006 263 onamo

37 409 39 415 .
69 352 93 377 ’·
129 312 210 437 giuti
230 348 348 431 navigia
368 346 404 405 in
422 343 656 424 Hellespontum
668 343 718 403 *ad
736 343 958 423 deportandum
976 340 1163 400 frumentum
1191 335 1302 418 ani-
1330 356 1352 369 r

49 437 78 454 ''
130 437 204 519 lippi
223 438 300 495 duce
308 462 326 506 ,1
342 432 493 512 Amynta,
518 443 642 511 excepta
667 440 698 488 et
721 429 967 509 perducta‘csse.
980 427 1012 498 in
1031 424 1244 490 Macedoniam
1256 423 1303 511 fet

46 561 72 586 -.
131 521 268 585 custodia
285 515 400 589 teneri:
436 516 599 591 curandum
620 535 685 574 esse
704 505 932 575 consulibus'e‘t
950 511 1095 582 ducibus,
1112 523 1166 570 *ut*
1176 521 1304 570 senatus

60 619 79 645 ⁸·
130 606 306 676 conveniat,
331 615 362 663 et
379 601 668 683 legatidelegant‘ur
685 599 722 658 ad
738 598 930 680 Philippum,
954 598 1007 678 qui
1021 595 1155 678 'profecti
1173 604 1245 656 cum
1265 592 1303 654 eo

55 754 57 758 ,
130 681 221 776 agant
236 691 276 761 de
294 682 444 748 navarcho
463 687 645 747 dimittendo
671 684 845 767 et'navigiis
856 698 903 754 ,et
920 683 1076 743 militibus.
1118 679 1303 761 Quodsi-id

87 774 89 781 ⁴
130 762 167 839 ex
191 773 363 858 ignorantia
387 771 495 832 lecerit
518 768 682 855 Amyntas:
708 769 785 829 nihil
810 767 897 850 queri
916 769 958 840 ,de
984 789 1021 829 eo
1044 767 1232 850 populum,
1248 763 1303 836 Sin

88 860 91 865 ’
130 874 251 949 praeter
268 860 407 939 mandata
425 857 654 936 delinquentem
673 855 804 936 ceperit:
827 854 1032 921 Athenienses
1050 853 1255 936 inquisituros
1274 863 1304 912 et

106 1003 109 1008 .
131 966 245 1030 poenas
269 966 326 1026 pro
352 943 455 1003 delicti
479 942 572 1005 modo
596 955 760 1001 exacturos.
797 939 859 1001 -Sin
877 942 987 1023 horum
1006 952 1148 999 neutrum
1167 937 1224 1009 sit,
1249 938 1304 1014 sed

36 1072 41 1081 ·
74 1026 77 1031 ¹
129 1032 271 1123 privatim
289 1029 394 1090 iniurii
412 1027 488 1103 sint,
507 1027 562 1088 'vel
580 1027 622 1102 is,
647 1026 700 1106 qui
717 1025 816 1099 misit,
842 1028 891 1087 vel
909 1027 951 1100 is,
979 1025 1032 1106 qui
1049 1025 1240 1084 missusest:
1272 1022 1303 1083 id

9 1120 14 1135 “
77 1132 88 1139 “
112 1128 256 1200 ‘quoque
274 1111 492 1188 indicandum,
508 1125 558 1180 ,ut
574 1104 608 1172 re
627 1111 748 1195 cognita
766 1113 897 1194 populus
917 1111 1081 1186 deliberet,
1116 1108 1302 1191 qnidagen-

132 1207 204 1266 dum
229 1202 277 1262 sit.
309 1260 313 1274 .
1028 1238 1052 1279 ,¹
1114 1261 1119 1271 ἲ
1157 1203 1194 1277 ᾗ

192 1338 197 1345 ,
218 1288 288 1346 Ηοο
310 1282 405 1366 igitur
422 1283 577 1345 decretum
595 1281 733 1353 Eubulus
751 1282 841 1357 lecit,
867 1304 931 1342 non
950 1303 1026 1364 ego:
1050 1281 1082 1341 id
1102 1303 1195 1356 vero,
1221 1282 1348 1361 qnod-

121 1371 289 1454 -sequitur,
323 1368 532 1458 Aristophon,
561 1361 913 1451 'deindeffHege'sippus',
948 1381 1019 1449 post
1043 1366 1155 1427 iterum
1182 1367 1304 1440 Aristo-

54 1490 57 1496 ·
134 1459 236 1542 phun,
254 1477 326 1523 mor
343 1455 545 1529 Philocrates,
564 1453 675 1514 deinde
694 1449 929 1537 Cepbisnp‘hon,
946 1466 1018 1536 post
1035 1473 1141 1548 omnes
1159 1451 1228 1513 alii:
1246 1472 1305 1535 ego

130 1547 207 1621 ,tero
225 1541 303 1604 nibil
321 1534 438 1602 borum.
482 1538 588 1600 Recita
607 1540 769 1601 decretum.
811 1603 817 1613 ¹

569 1639 894 1751 neoresium„
950 1736 956 1751 ,

198 1791 202 1797 ’
219 1797 344 1858 Nicocle
361 1809 520 1877 praetore,
543 1795 648 1877 pridie
661 1792 787 1855 Calend.‘
801 1794 1005 1876 Septembris,
1029 1797 1067 1856 de
1085 1773 1306 1858 sententia‘se-

135 1893 223 1944 natus
243 1883 383 1944 consules
403 1893 434 1953 et
451 1883 562 1954 duces,
593 1881 686 1941 relata
705 1880 864 1949 concionis
882 1879 1056 1956 voluntate,
1088 1893 1310 1963 exposuerunt,

76 1970 78 1975 ’
123 1954 242 2047 'iubere
259 1968 418 2049 populum,
439 1966 557 2049 legatos
576 1967 670 2048 deligi
688 1968 725 2026 ad
743 1966 918 2046 Philippum
935 1956 1101 2028 mittendos
1121 1967 1310 2036 deua'vibus

21 2053 26 2059 ’
115 2061 119 2085 ⁵
137 2053 328 2135 repetendis,
357 2052 465 2132 eisque
480 2052 618 2112 mandata
637 2052 701 2111 dari
719 2065 751 2111 et
767 2051 933 2132 plebiscita.
970 2065 1000 2112 et
1018 2053 1219 2135 designarunt
1235 2052 1317 2111 bos:

9 2150 25 2194 ἑ
54 2156 115 2213 160
142 2138 441 2221 Cephisophontem,
460 2133 583 2197 Cleonis
601 2137 715 2209 filium„
732 2135 983 2220 Anaphlystium:
999 2138 1229 2212 Democritum,
1247 2137 1314 2209 De-

9 2253 12 2263 ’
140 2224 317 2306 mophorttis
326 2197 442 2296 hlium,
461 2221 697 2306 Anagyrasium:
715 2221 1102 2305 Polycritum,·Apemanti
1119 2223 1230 2296 filium,
1249 2217 1313 2281 Co-

11 2306 16 2313 ’
43 2314 47 2320 ’
84 2334 85 2339 ’
140 2309 311 2381 thocidemz
327 2308 518 2408 praesidente
536 2308 620 2369 tribu
633 2306 1089 2390 HippothoontiaAristopbon,
1108 2305 1332 2393 Colyttensis,

63 2414 67 2431 ’
141 2401 260 2480 praestes
279 2394 361 2453 dixit
434 2452 436 2457 ,
968 2417 973 2428 ⁸
1085 2441 1089 2445 .
1183 2466 1192 2475 .
1327 2441 1334 2449 .

152 2486 166 2542 ¹,
188 2487 191 2499 ⁴
224 2481 267 2541 Ut
289 2479 386 2562 igitur
408 2498 465 2562 ego
490 2477 719 2545 haec'ostendo
734 2479 891 2543 decretas,
904 2479 949 2541 sie
968 2491 998 2541 et
1021 2491 1056 2539 tu
1075 2475 1228 2552 ostende,
1248 2478 1311 2555 Ae-

41 2621 50 2627 .
140 2553 274 2639 schine,
292 2586 353 2644 quo
374 2584 430 2647 ego
451 2564 574 2624 decreto
593 2564 706 2644 scripto
725 2577 832 2624 auctor
849 2564 922 2625 belli
939 2563 1057 2624 luerim.
1101 2565 1136 2625 ld
1153 2572 1310 2629 v'ero'non

133 2662 236 2734 potes.
279 2649 355 2709 Nam
375 2650 402 2709 si
418 2670 540 2730 posses,
557 2641 634 2709 nillil
653 2669 690 2708 eo
708 2649 791 2730 prius
810 2672 892 2713 nunc
909 2645 1104 2731 protulisses:
1122 2657 1213 2729 atque
1232 2650 1309 2709 adeo

44 2734 48 2741 ’
141 2757 198 2816 nec
217 2723 376 2815 Philippus
399 2734 474 2801 belli
497 2756 615 2795 causam
639 2734 714 2794 mihi
738 2734 884 2815 imputat,
911 2754 979 2796 eum
1004 2730 1048 2798 de'
1066 2730 1132 2796 aliis
1157 2747 1310 2814 queratur.

107 2826 112 2832 '
141 2819 248 2896 Recita
265 2820 343 2900 ipsas
361 2818 496 2902 Philippi
512 2820 622 2881 literas.
1304 2836 1306 2840 ⁴

448 2959 687 3016 urrunnu
733 2971 1066 3040 unlutnrt„

81 3034 85 3042 ἱ
129 3099 135 3111 ’
228 3052 294 3135 ilex
317 3075 518 3136 Macedonum
542 3075 700 3220 Philippus
731 3076 850 3137 senatui
872 3036 1260 3159 populoquehtbediensi
1283 3075 1321 3135 S:

143 3159 276 3221 Profecti
294 3161 331 3220 ad
349 3181 397 3220 me
414 3161 507 3242 legati
523 3162 616 3221 vestri
657 3161 872 3243 ‚ephisopbon,
906 3163 1100 3224 Democritus
1125 3156 1158 3224 et
1172 3161 1312 3246 Polycri-

143 3257 191 3307 tus
218 3246 256 3305 de
273 3244 399 3306 navibus
419 3245 607 3307 dimittendis
625 3247 717 3307 verba
733 3248 888 3320 fecerunt,
917 3249 1026 3328 quibus
1045 3248 1178 3330 praefuit
1195 3248 1312 3335 Lpod'a-

101 3334 103 3339 ’
143 3351 214 3394 mas.
249 3331 292 3390 Ut
308 3331 402 3413 igitur
419 3330 552 3391 breviter
569 3331 683 3405 dicam,
701 3341 827 3415 magnus
847 3326 922 3392 mibi
940 3343 1048 3414 stupor
1065 3355 1130 3395 esse
1149 3337 1250 3405 vester'
1265 3331 1312 3391 vi-

144 3415 250 3489 detu'r,
282 3415 309 3475 si
327 3437 374 3476 me
393 3415 452 3476 boc
469 3437 533 3476 non
550 3416 722 3499 intelligere
740 3419 873 3499 putatis,
905 3418 995 3479 missa
1012 3418 1106 3479 luisse
1125 3420 1176 3479 illa
1193 3416 1315 3500 navigia

124 3517 199 3580 ..per
222 3501 354 3582 speeiem
378 3502 524 3562 frumenti
549 3523 584 3562 ex
601 3502 803 3584 Hellesponto
823 3504 855 3563 in
872 3505 1021 3565 Lemnum
1040 3503 1239 3586 deportandi„
1263 3523 1314 3562 re·
1344 3537 1359 3550 -

92 3649 97 3655 ,
144 3583 350 3660 hera'autem,
379 3599 415 3646 ut
432 3586 668 3670 Selymbrianis,
698 3589 851 3668 quiante
870 3587 1316 3650 obsidebanturetcommnni

43 3679 46 3682 ’
146 3670 293 3752 amicitiae
310 3671 434 3733 foedere
450 3673 662 3754 comprehensi
678 3695 742 3734 non
759 3688 853 3750 erant,
873 3695 962 3755 opem
976 3674 1100 3736 ferrent.
1118 3672 1223 3755 Atque
1239 3673 1316 3732 haee

37 3773 48 3787 ‘
145 3757 284 3819 mandata
300 3757 425 3818 fuerunt
442 3758 602 3832 navarcho,
620 3758 687 3819 sine
706 3760 829 3840 quidem
847 3761 953 3840 populi
961 3758 1159 3822 Atheniensis
1178 3757 1316 3824 auctori.

83 3883 90 3905 t
145 3853 224 3902 tate:
250 3842 304 3902 sed
316 3863 338 3902 a
356 3842 535 3921 quibusdam
555 3844 731 3926 magistratu
749 3845 892 3926 praeditis
912 3860 943 3906 et
960 3845 1043 3920 aliis,
1068 3846 1138 3926 qni,
1162 3866 1232 3915 cum
1251 3843 1316 3924 pri·

91 3950 104 3990 Γ
145 3926 206 3986 vati
222 3949 305 3987 nune
323 3927 401 4005 sint,
420 3928 560 3988 omnibus
579 3930 679 3988 modis
697 3930 817 3991 efficere
835 3932 977 4004 student,
1002 3945 1037 3990 ut
1054 3931 1203 4012 populus,
1221 3951 1316 4010 repu-

95 4048 99 4057 -
124 4085 127 4089 .
147 4008 228 4094 dia't'a
238 4033 362 4072 mecum
380 4011 453 4072 inita
472 4013 619 4088 amicitia,
655 4015 691 4074 ad
711 4015 825 4076 bellum
842 4017 964 4089 redeat,
998 4030 1088 4096 atque
1108 4017 1140 4074 in
1160 4008 1197 4076 eo
1217 4015 1335 4091 confi--

146 4096 255 4157 ciendo
274 4096 371 4158 multo
389 4099 483 4181 magis
503 4099 676 4172 elaborant,
712 4122 801 4180 quam
824 4115 859 4160 ut
877 4099 1345 4185 Selymbrianissopitulentur,''‘

138 4200 273 4265 eamque
287 4203 355 4243 rem
373 4181 432 4242 sibi
451 4184 589 4273 quaestui
607 4184 673 4255 fore
692 4198 805 4266 putant.
841 4187 907 4268 Ego
923 4199 1027 4267 tamen
1045 4186 1076 4245 id
1095 4206 1197 4265 neque
1216 4185 1320 4257 vobis,

101 4270 121 4295 '‘
145 4267 344 4359 nequemibi
367 4268 542 4351 consultum
566 4290 631 4332 esse
656 4282 739 4350 puto.
784 4272 991 4346 Quamobrem
1016 4284 1047 4331 et
1071 4271 1209 4353 navigia,
1239 4276 1320 4350 quac

35 4392 40 4403 ι
139 4358 228 4415 'nunc
246 4353 283 4414 ad
302 4373 349 4427 rue
361 4354 512 4441 perducta
531 4366 616 4425 sunt,
649 4345 742 4424 vobis
753 4354 893 4434 remitto,
925 4370 1016 4437 atque
1035 4350 1333 4438 inposterumsssi
