2722 4754
373 194 395 247 ·.
420 117 931 255 rutenensem-mn
1064 155 1076 176 ‘·
1190 172 1271 231 aas
1304 224 1308 239 ,

69 321 118 380 Ea
132 340 208 395 vero
218 320 331 396 dicam,
345 322 453 403 quibus
465 322 577 385 auditis
591 343 688 405 aeque
699 345 804 401 ompes
818 325 884 386 iure
896 322 1111 408 indignemini:
1129 312 1251 384 omnem

70 405 159 466 enim
179 407 306 466 modum
335 408 487 468 excedunt
503 430 554 483 ea,
580 429 657 489 quae
683 410 825 491 deinceps
843 410 948 470 dicam.
990 408 1037 471 Ac
1055 431 1094 470 ue
1106 431 1251 471 accusare
1295 416 1303 435 ‘
1332 413 1337 421 ’

69 491 203 572 quidem
223 512 293 552 eum
312 513 372 574 ego
389 513 471 553 nunc
488 492 699 569 instituissem,
717 495 776 556 nisi
789 494 860 556 'turn
877 495 967 555 etiam
986 496 1086 556 statim
1098 495 1130 554 in
1144 494 1251 577 populi
1268 528 1283 564 ρ

70 591 232 639 conventu
251 577 463 661 coarguissem.
488 578 619 641 ,Sacram
636 592 751 641 vestem
767 578 984 663 (uam'rsacram
1002 601 1060 664 ego
1080 586 1145 643 es'se
1156 593 1250 662 puto,

72 685 171 746 quam
195 662 269 724 l'esti
291 664 387 745 gratia
410 664 553 745 pararis,
568 666 712 744 quamdiu
736 685 772 725 ea
795 663 897 747 utare)
919 686 1086 746 aureasque
1111 686 1250 740 coronas,
1276 736 1278 740 ,

70 748 209 829 quas-ad
227 761 404 810 ornamenta
423 750 509 811 chori
528 770 699 812 curaveram
722 750 891 824 faciendas,
914 769 970 831 per
986 751 1127 825 insidias,
1150 751 1250 812 Athe-

67 833 217 907 nienses,
241 830 318 895 inihi
335 834 463 915 perdere
482 840 607 897 conatus
626 849 688 913 est,
705 846 808 897 'noctu
824 830 956 918 aurificis
974 836 1062 895 aedes
1082 840 1265 919 aggressus}=

47 917 121 979 'Ac
132 919 271 1011 perdidit
285 918 338 979 illc
351 919 485 1000 quidem,
501 933 681 983 nontamen
699 942 822 982 omues:
840 943 897 982 nec
909 921 990 994 enim
1006 920 1114 1001 potuit.
1133 922 1249 996 Quamss

70 1025 168 1086 quam
185 1018 288 1065 autem
305 1025 398 1065 nemo
413 1018 474 1079 est,
491 1005 545 1086 qui
563 1027 595 1066 se
609 1007 689 1069 dicat
701 1006 734 1069 in
749 1008 804 1069 bac
823 1008 943 1069 civitate
961 1027 1096 1085 unquam
1114 1006 1152 1081 de
1171 1027 1249 1085 quo-

70 1111 168 1173 quam
184 1089 419 1170 audivisse,.qui
435 1090 496 1152 tale
514 1091 640 1158 lacinus
650 1114 740 1154 ausus
758 1094 852 1155 luerit
865 1116 899 1154 ac
913 1092 1108 1176 perpetrarit:
1126 1091 1184 1151 iste
1202 1103 1248 1151 ta-

71 1184 159 1250 men,
176 1174 236 1235 boe
254 1197 318 1236 non
338 1188 512 1250 contentus,
530 1177 622 1258 etiam¹
640 1179 726 1240 chori
744 1179 806 1241 mei
822 1180 1016 1262 magistrum,
1033 1175 1250 1248 Athenienses,
1326 1214 1329 1219 ·

72 1260 229 1342 corrupit
255 1260 350 1346 Quod
378 1261 439 1321 nisi
463 1262 653 1342 Telephanes
678 1263 794 1325 tibicen
819 1265 967 1348 singulari
992 1262 1145 1346 probitate
1172 1260 1249 1321 mihi
1305 1260 1330 1291 ³

72 1360 152 1408 turn
164 1345 273 1427 optime
299 1346 474 1406 consultum
491 1347 669 1422 voluisset,
683 1346 850 1430 fraudeque
875 1346 1097 1422 animadversa,
1119 1346 1248 1407 *homine

75 1432 138 1492 illu
150 1431 282 1512 repulso,
300 1430 513 1497 instruendum
531 1430 589 1494 sibi
607 1434 841 1515 docendumque
860 1435 988 1495 chorum
1003 1432 1189 1526 pensuisset:
1207 1446 1248 1490 ne

73 1516 333 1596 certirequid‘em
350 1516 503 1599 licuisset,
520 1504 741 1594 Athenienses,
766 1521 821 1581 sed
839 1520 950 1582 chorus
967 1519 1051 1580 rudis
1071 1519 1246 1599 etimpara·
1270 1517 1331 1574 331
1355 1502 1357 1505 ⁸

71 1614 128 1662 tus
143 1601 399 1663 introiissetcum
407 1603 582 1685 ignominia
599 1618 703 1666 nostra
720 1606 870 1667 mammea
889 1605 998 1685 Neque
1016 1623 1089 1666 vero
1100 1602 1157 1663 -hic
1176 1622 1248 1681 suae

71 1684 269 1775 improbitati
279 1689 406 1749 modum
424 1689 513 1750 lecit:
538 1692 593 1751 sed
611 1704 672 1752 tarn
696 1691 814 1752 infinita
830 1691 890 1754 fuit
907 1693 976 1751 cius.
989 1689 1188 1771 protervitas,
1212 1699 1249 1750 ut

69 1785 255 1835 coronatum
271 1786 444 1854 praetorem
462 1778 653 1856 corruperit,
670 1776 782 1839 aediles
801 1789 906 1838 contra
924 1797 973 1839 me
992 1775 1168 1848 concitauit,
1187 1772 1246 1834 cla-

15 1930 22 1936 ,
70 1858 228 1934 enitendo,
236 1858 417 1934 minitando,
430 1860 600 1921 iurantibus
613 1860 765 1922 iudicibus
778 1862 937 1935 adstando,
954 1880 1061 1920 scenae
1076 1858 1175 1919 aditus
1191 1857 1246 1917 ob-

69 1945 241 2018 struendo,
257 1943 348 2013 clavis'
376 1945 538 2027 defigendo
560 1946 644 2027 ipse,
663 1946 756 2006 homo
774 1947 924 2027 privatus,
947 1945 1014 2005 'vim
1031 1944 1184 2025 publicam
1201 1943 1246 2003 fa-

69 2048 154 2103 cere,
173 2041 206 2089 et
221 2027 353 2099 infandis
371 2031 520 2091 molestiis
537 2031 662 2091 afficere
675 2050 725 2091 me
742 2051 806 2091 non
825 2031 1115 2098 destiterit,Harnm
1133 2049 1247 2101 rerum,

70 2132 151 2195 quae
170 2113 298 2193 quidem*
314 2115 346 2175 iu
364 2116 533 2197 praesentia
551 2116 663 2198 populi-
674 2130 727 2177 aut
744 2117 825 2197 apud
842 2117 959 2177 iudices
973 2117 1006 2174 in
1023 2113 1143 2175 theatro
1163 2126 1246 2174 actae
1319 2188 1326 2203 ι
1355 2198 1358 2209 1

71 2210 162 2272 sunt,
180 2216 239 2260 vos
254 2199 347 2275 mihi,
366 2201 504 2274 ludices,
522 2221 628 2262 omnes
639 2212 739 2261 >testes
759 2201 840 2262 estis.
882 2201 1046 2261 Enimvero
1063 2196 1246 2281 aequissima

1286 2022 1290 2049 ί
1356 2017 1360 2031 .

38 2352 42 2356 ,
67 2284 225 2361 censenda
243 2298 290 2346 est
302 2291 349 2346 ea?
360 2286 489 2346 dicentis
507 2287 615 2361 oratio,
635 2287 721 2348 cuius
739 2286 848 2347 veritas
868 2307 985 2358 eorum,
1003 2285 1056 2365 qui
1073 2302 1129 2366 pro
1148 2284 1246 2344 tribu·
1268 2305 1277 2340 ι
1316 2344 1317 2351 χ

67 2369 132 2430 nali
150 2370 272 2515 sedenq
289 2369 468 2439 testimonio
483 2372 708 2452 comprobatur.
726 2370 885 2432 Pr‘aeterea
905 2370 1054 2451 corruptis
1073 2370 1121 2444 iis,
1140 2369 1246 2450 quide

67 2455 238 2516 certamine
268 2457 401 2516 udorum
417 2456 500 2516 inter
512 2462 628 2527 armies
647 2456 809 2518 iudicaturi
827 2469 922 2531 eraut,
941 2459 1003 2530 duo.
1017 2455 1092 2516 haec
1102 2469 1246 2534 tanquam

67 2538 192 2624 fastigia
210 2535 363 2621 quaedam·
386 2542 529 2602 omnibus
547 2543 621 2603 suis.
632 2542 792 2623 praeclaris
817 2542 904 2604 lactis
921 2541 1090 2623 imposuit,
1105 2541 1196 2623 qnod
1215 2550 1247 2600 et

67 2647 174 2687 meum
192 2646 312 2708 cotpus÷
322 2628 548 2687 conmmeliose.
562 2629 696 2702 vexavit,
710 2640 760 2688 et·
768 2628 864 2688 tribui
881 2646 986 2701 meae,
1003 2648 1080 2707 quae
1097 2625 1131 2685 in
1149 2637 1267 2685 certa·
1333 2624 1360 2650 ’⁴

70 2711 160 2772 mine'
176 2711 405 2794 superiorgerat,
422 2713 560 2794 inprimis
573 2725 666 2779 'causa'
685 2713 753 2785 luit,
769 2735 808 2773 ne
827 2713 953 2773 victoria
967 2712 1127 2791 potiretur.
1144 2712 1178 2769 ln
1197 2726 1245 2770 nte
1348 2730 1354 2735 ·

68 2795 171 2878 igitur
185 2800 217 2856 'et
232 2797 361 2859 tribules
380 2819 465 2858 meos
484 2802 754 2880 proter've'·,.atque¹
771 2798 804 2858 in
821 2799 932 2878 festum
953 2797 1067 2858 nelarie
1086 2795 1246 2856 commissa
1264 2814 1269 2835 ¹

67 2902 128 2962 per
144 2881 253 2955 iturus,
272 2881 492 2957 Athenienses,
511 2885 626 2964 quihus·
642 2904 702 2969 ego
719 2898 890 2946 commotus
911 2898 979 2944 eum
998 2883 1077 2965 apud
1097 2873 1245 2962 populum¹

66 2967 218 3040 accusavi,
236 2967 311 3028 baec
328 2978 442 3028 suntet
457 2969 514 3029 alia
529 2971 642 3033 multas
659 2993 674 3061 q
690 2969 812 3052 q'uibus,
831 2989 1032 3052 quaecunque
1048 2980 1168 3049 potero,
1187 2979 1247 3026 sta-
1332 3037 1335 3042 .

67 3052 127 3115 tim
144 3052 234 3118 vobis
253 3054 507 3115 commemorabo.
525 3056 655 3116 Possum
671 3070 772 3117 autem
791 3069 822 3117 et
832 3056 910 3116 alias
930 3055 1062 3115 infinitas
1081 3052 1146 3111 eius
1165 3051 1246 3110 inim

69 3136 132 3198 rias
150 3151 181 3198 et
204 3139 409 3200 contumelias:
429 3141 533 3201 multis
551 3155 684 3203 vestrum
702 3143 795 3215 lactas
822 3155 853 3203 et
869 3141 1004 3202 facinora
1029 3137 1141 3218 impuri
1159 3136 1247 3196 istius

55 3222 166 3283 'multa
184 3226 356 3286 et..atr0cia
372 3248 520 3287 ‘namares
542 3233 633 3308 quae'
650 3227 720 3301 alii,
739 3227 883 3301 ludices,
908 3239 992 3286 metu
1019 3224 1111 3285 istius
1132 3235 1163 3283 et
1181 3217 1259 3281 eiu's'
1322 3232 1326 3236 '

69 3309 296 3385 confidentiae,
322 3323 354 3372 et
365 3313 538 3387 sodalium,
562 3327 595 3395 et
613 3334 724 3395 opum,
743 3326 774 3374 et
790 3312 992 3385 insolentiae,
1011 3330 1045 3370 ac
1062 3309 1249 3388 reliquarum
1312 3354 1317 3359 -

70 3413 185 3470 rerum,
201 3393 315 3477 qulbus
335 3398 393 3458 iste
410 3399 518 3480 pollet,
535 3398 676 3472 attoniti,
695 3419 751 3460 suo
771 3398 878 3459 dolore
898 3395 1103 3467 dissimulato,
1122 3395 1247 3473 quieve-
1315 3400 1319 3413 “

72 3490 162 3540 runt:
177 3481 241 3556 alii,
258 3483 366 3544 ulcisci
383 3483 498 3545 iudicio
518 3487 635 3558 conati,
653 3485 730 3547 nihil
749 3485 925 3545 effecerunt
969 3481 1048 3540 Sunt
1065 3479 1166 3551 etiam,
1185 3474 1248 3558 qui,
1296 3500 1309 3553 ᾗ
1343 3534 1345 3538 .

65 3558 275 3646 piaestareid
295 3581 386 3649 atque
406 3570 547 3651 expedire
572 3569 630 3629 sibi
647 3570 776 3631 sortasse
793 3568 868 3640 rati,
892 3590 961 3628 cum
978 3586 1018 3629 co
1035 3563 1247 3647 transegerint.

69 3649 167 3724 Quod
183 3652 242 3732 qui
257 3653 357 3714 tacere
375 3676 439 3716 non
463 3668 658 3729 recusarunt,
682 3656 722 3716 iis
742 3653 956 3735 quidem'ipsis
976 3651 1022 3714 est
1040 3649 1248 3711 satisfactum:

69 3735 142 3823 eius,
153 3740 440 3813 autemvindictae,
459 3762 535 3821 quae
552 3741 672 3823 legibus
691 3741 831 3815 debetur,
849 3746 976 3820 propter
992 3735 1118 3798 iniurias
1138 3749 1168 3795 et
1185 3731 1246 3795 tllir
1288 3744 1291 3751 ’

13 3866 16 3871 -
70 3824 205 3882 etrlutsc
223 3824 300 3883 mihi
319 3826 506 3905 caeterisque
534 3826 676 3886 omnibus
695 3825 734 3887 ab
750 3827 810 3887 isto
828 3825 937 3897 lactas,
955 3823 994 3884 ad
1012 3842 1065 3884 vos
1081 3821 1174 3880 rediit
1191 3817 1245 3877 be-
1274 3902 1281 3908 ,
1305 3885 1308 3889 ,

67 3906 193 3968 reditas.
213 3936 216 3941 ·
236 3910 281 3968 Ea
299 3910 396 3993 igitur
411 3912 513 3971 omnia
530 3911 563 3970 in
579 3934 677 3972 unum
689 3912 829 3972 ‘collecta
846 3910 924 3972 tanti
941 3909 1115 3995 aestimate,
1140 3902 1246 3985 quanti

68 3992 158 4053 vohis
177 4014 310 4073 aequum
328 3995 490 4056 videbitur.
532 3997 690 4057 Excutiam
708 4011 810 4059 autem
828 4009 860 4057 et
878 4013 1039 4077 coarguant
1057 3990 1165 4077 ordine
1183 3983 1247 4071 pri-

69 4100 157 4138 munt
171 4101 223 4152 ea,
240 4080 273 4138 iu
294 4080 404 4160 quibus
424 4100 481 4164 ego
500 4103 567 4142 sum
585 4082 732 4145 violatus:
759 4082 870 4144 deinde
888 4079 1013 4141 iniurias
1032 4075 1118 4145 vobis
1134 4076 1251 4135 iactast

65 4177 179 4245 postea
198 4165 232 4225 in
249 4165 397 4245 reliquam
417 4167 482 4226 eius
500 4187 622 4229 omnem
638 4167 732 4235 ‘eitam
750 4167 919 4249 inquiram,
937 4160 971 4225 ac'
990 4162 1165 4234 ostendam,
1182 4160 1247 4220 r'ron

71 4270 165 4310 unam
184 4250 260 4313 euni
274 4264 403 4313 mortem
422 4252 654 4330 commeruisse,
672 4255 725 4332 sed
744 4254 860 4317 multas.
895 4245 1246 4331 Cape'primumanrili·

31 4334 347 4431 'uis-'testimonium
365 4358 399 4399 ac
415 4341 517 4402 recita.
765 4368 769 4376 ·
