2722 4754
40 222 162 313 ¹aa
323 200 327 213 “
525 202 991 291 ιιιιιιοιιιι,ιιιιε,’ΙΙ

119 359 278 432 Messeniis
295 380 395 430 autem
411 379 442 428 et
452 365 573 450 Argivis
589 381 695 429 contra
705 369 961 431 Lacedaemonios
975 367 1208 448 impressionem
1218 386 1288 427 ιιοιι

10 485 16 537 g
118 457 223 517 faciet:
242 457 295 516 sed
314 467 344 514 et
361 452 550 514 milites-iam
568 474 605 514 eo
624 454 727 529 mittit,
744 466 776 514 et
791 455 951 535 pecuniam
969 453 1164 534 suppeditat,v
1171 465 1205 512 et
1220 451 1288 532 ipse

17 604 20 614 ,
45 534 50 547 ’
119 560 316 622 cummagno
332 537 467 617 exercitu
486 550 665 618 expectatur.
692 539 789 621 Igitur
807 559 859 617 eos
878 538 931 618 qui
948 539 1169 620 Thebanorum
1181 537 1288 599 hostes·

118 637 199 699 sunt,
216 623 470 684 Lacedaemonios
488 624 610 682 evertit:
630 644 707 703 quos
724 643 798 684 vero
816 623 898 704 prius
917 624 981 703 ipse
997 624 1131 704 perdidit
1144 622 1286 682 Phoceu·
1304 628 1317 649 ²

117 731 182 783 ses,
199 709 231 768 in
250 708 401 791 integrum
419 728 501 767 nunc
517 708 658 768 restituit
693 707 805 787 Ecquis
824 708 880 767 ista
898 709 1020 768 credat?
1043 708 1111 790 Ego
1128 706 1286 785 verogexi-

53 825 56 830 ·
101 792 428 873 ·stimo,⁸Philippum,
444 813 544 874 neque
564 793 587 861 si
606 793 737 872 primum
752 806 873 851 coactus
890 793 1022 866 fecisset,
1039 813 1140 872 neque
1158 791 1184 852 si
1203 813 1287 851 nunc

117 878 160 938 eis
174 877 337 952 diffideret,
357 898 462 937 eornm
480 876 619 936 hostibus
638 877 831 936 continenter
847 877 1084 938 adversaturum:
1103 878 1157 936 sed
1175 895 1212 936 ex
1228 875 1285 949 his,

65 988 76 1046 '.
117 982 194 1043 quae
219 984 301 1024 nunc
326 962 413 1035 facit,
440 961 491 1020 illa
517 961 606 1020 etiam
630 961 759 1021 consilio
783 982 815 1020 se
837 961 946 1021 fecisse
965 963 1102 1021 declarat
1139 961 1252 1035 Quod
1259 959 1286 1023 si

67 1102 70 1107 .
115 1047 194 1128 quis
200 1054 284 1108 reete
303 1047 483 1131 aestimet,
485 1067 521 1104 ex
540 1046 680 1105 omnibus
698 1045 877 1137 perspiciet,
903 1066 972 1106 eum
990 1045 1092 1105 haec
1082 1058 1235 1105 rnstruere
1255 1056 1286 1104 et

115 1133 223 1192 moliri
242 1144 347 1194 contra
364 1123 497 1197 nostram
515 1120 764 1210 rempublicam?¹
783 1130 875 1209 idque
901 1152 986 1190 nuuc
1006 1129 1178 1190 necessario
1204 1129 1283 1209 quo-

110 1216 324 1283 ,ᾱιιιιιιιοᾶο
297 1237 326 1276 er
341 1236 400 1274 usu
418 1216 508 1275 venit
533 1215 626 1289 Quod
644 1214 704 1274 hoc
720 1215 814 1275 modo
832 1214 1023 1314 intelligetis:
1042 1216 1192 1296 Imperare
1210 1213 1282 1312 vplt
1305 1214 1312 1277 ¹.

14 1308 16 1313 '
115 1288 149 1360 in
167 1321 205 1361 eo
223 1314 324 1361 antem
341 1321 395 1360 vos
413 1301 495 1360 solos
515 1320 567 1360 eos
586 1320 651 1367 esse
669 1312 772 1380 putat,
799 1299 851 1378 qui
868 1300 988 1379 possint
1005 1300 1171 1359 adversari:
1201 1292 1282 1357 inin-

1 1382 3 1402 '
115 1387 179 1446 rius
198 1398 244 1447 est
261 1385 383 1467 longo
373 1407 432 1444 ram
450 1374 629 1474 tempore,
617 1385 702 1444 cuius
719 1385 784 1465 ipsc
801 1405 847 1444 res
838 1383 923 1443 sihi
942 1397 988 1444 est
1004 1384 1117 1463 optime
1135 1383 1282 1443 conscius

116 1471 155 1530 lis
174 1471 271 1544 enim,
290 1490 367 1550 quae
385 1469 474 1538 nohis
495 1481 597 1549 erepta
614 1481 715 1555 temet,
740 1469 837 1528 utitur
854 1471 891 1529 ad
910 1481 1024 1529 caetera
1043 1468 1144 1528 omnia
1163 1467 1280 1529 intuto

57 1559 97 1618 46
116 1555 299 1629 collocanda.
329 1554 449 1613 Na'm‘
424 1576 451 1614 ss
468 1553 689 1649 Amphipolim
695 1566 726 1613 et
743 1553 917 1613 Potidaeam
934 1554 1101 1613 amitteret·
1123 1573 1180 1611 nec
1193 1550 1305 1612 domi‘

115 1661 148 1702 se
166 1652 234 1700 tuto
252 1658 342 1721 posse
359 1659 481 1698 manere
497 1636 629 1698 duceret.
647 1638 843 1717 Utrumque
834 1638 929 1719 igitur
945 1638 1012 1721 scit,
1030 1632 1110 1697 etse
1128 1635 1244 1697 vohis
1234 1657 1281 1696 ιιι-

114 1725 227 1824 sidiari,
244 1737 275 1783 et
288 1745 342 1782 vos
357 1723 388 1781 id
399 1723 646 1785 animadvertere.
665 1719 742 1782 Cum
756 1733 856 1783 autem
871 1743 926 1782 vos
941 1720 1100 1782 cortlatos
1098 1738 1163 1781 esse
1179 1733 1280 1800 putet:

114 1827 147 1869 se
165 1809 231 1868 iure
249 1806 335 1867 vohis
355 1827 419 1866 esse
439 1808 510 1867 odio
530 1807 693 1882 existimat,
725 1819 756 1866 et
774 1808 941 1867 concitatus
960 1819 1021 1880 est,
1050 1807 1169 1865 malum
1173 1825 1214 1888 se
1232 1825 1280 1865 ac·
1298 1840 1301 1845 -

43 1920 47 1973 j
114 1905 273 1974 capturum
291 1904 416 1972 putans,
442 1893 468 1951 si
487 1893 676 1951 occasionem
694 1891 925 1964 nanciscamini,
948 1891 1008 1950 nisi
1025 1891 1090 1970 ipse
1094 1901 1279 1951 anteverte-

113 1978 160 2037 rit.
163 1979 356 2059 Propterea
360 1976 508 2058 vigilat,
499 1976 638 2035 imminet
654 1976 740 2049 urhi,
759 1974 832 2035 colit
849 1975 1064 2035 Thebanorum
1084 1974 1231 2074 quosdam
1249 1985 1281 2033 et

110 2050 410 2142 Peloponnensium,
437 2083 490 2141 qur
482 2060 567 2121 'illis
585 2061 805 2121 assentiuntur:
838 2081 948 2139 quos
933 2073 968 2120 ut
984 2073 1111 2160 propter
1127 2058 1292 2118 avaritiam

42 2205 44 2210 .
113 2146 146 2205 in
162 2146 222 2206 hoc
235 2162 338 2206 rerum
354 2157 443 2205 statu·
450 2146 642 2224 acquietutos
658 2159 760 2226 putat,
790 2145 838 2204 sic
854 2157 981 2225 propter
995 2165 1112 2226 rngonu
1124 2155 1281 2224 stuporem

100 2230 192 2291 ‘nihil
210 2250 326 2304 eorum,
332 2251 421 2315 quae
439 2241 615 2309 sequentur,
633 2243 855 2311 prospecturus.
887 2228 975 2288 Ac
950 2251 978 2289 ss
995 2252 1048 2310 qur
1040 2229 1114 2290 'vel
1131 2226 1291 2327 mediocri

27 2371 30 2377 f
112 2315 274 2397 prudentia
290 2327 370 2390 snut,
390 2314 577 2374 evidentia”
556 2338 593 2374 us
613 2315 746 2395 exempla
766 2327 811 2375 est
827 2335 966 2374 cernere:
979 2335 1072 2395 qnae,
1091 2335 1160 2373 cum
1176 2333 1225 2372 res
1239 2311 1280 2372 ita

112 2401 222 2473 ferret,
251 2412 282 2459 et
298 2399 378 2479 apud
396 2399 563 2468 Messenios
591 2412 621 2458 et
634 2400 717 2480 apud
736 2399 866 2482 Argivos
884 2400 981 2459 retuli.
1023 2400 1160 2459 Praestat
1177 2409 1279 2456 autem

29 2552 40 2562 ἱ
111 2484 250 2557 fortasse,
267 2483 354 2543 vobis
374 2483 463 2556 etiam
482 2484 592 2563 exponi
610 2486 721 2544 eadem.
740 2486 839 2561 Quam
856 2502 955 2567 aegre,
967 2484 1106 2564 iuquam,
1124 2481 1278 2555 Messenii,

56 2638 63 2649 Ι
112 2568 270 2629 audituros
287 2568 382 2626 fuisse
398 2568 510 2647 putatis
529 2566 752 2650 Olynthios,
728 2591 753 2628 sa
772 2569 840 2648 quis
858 2569 889 2628 in
908 2569 1082 2649 Philippum
1099 2558 1279 2629 dixissetil-
1291 2596 1308 2641 ι1

113 2653 150 2713 lis
165 2652 365 2733 temporibus,
384 2672 453 2710 cum
467 2651 750 2712 'A‘nthemuntem'
724 2673 767 2721 ers
784 2654 974 2727 concederet,
992 2676 1081 2734 quam
1096 2652 1205 2711 urbem
1219 2647 1279 2709 sibi

16 2753 19 2762 “
112 2756 218 2797 omnes
235 2736 353 2817 priores
371 2735 566 2796 Macedoniae
583 2737 682 2818 Reges
699 2737 904 2798 vindicarent?
942 2760 1009 2798 cum
1028 2737 1202 2798 Potidaeam
1222 2734 1278 2794 do·
1300 2813 1302 2817 Ι

71 2826 93 2877 λ
111 2833 208 2895 naret,
226 2820 461 2880 Atheniensium
479 2820 595 2880 colonis
609 2821 738 2883 eiectis?
756 2844 825 2881 cum
845 2835 876 2881 et
892 2835 1010 2882 nostras
1025 2821 1196 2882 inimicitias
1212 2819 1278 2901 ipse

112 2906 294 2988 susciperet,-
304 2919 335 2964 et
348 2905 546 2985 provinciam
550 2905 609 2965 illis
625 2906 783 2966 fruendam
800 2906 903 2967 daret?
921 2906 1078 2987 Numquid
1094 2916 1278 3002 expectasse,

112 2991 154 3050 ita
172 3011 275 3060 secum
292 2999 392 3050 actum
409 2989 457 3062 iri,
475 3003 527 3050 aut
543 2985 646 3070 aliquo
662 2990 781 3050 dicente
798 2986 1050 3052 credituroste
1065 3010 1138 3051 vero
1154 2987 1278 3070 putetis.
1285 3062 1289 3067 ι

65 3075 174 3135 sed
197 3089 313 3148 tamen,
342 3075 481 3154 inquam,
509 3097 577 3135 cum
603 3076 711 3158 exiguo
735 3089 872 3157 tempore
898 3077 1012 3136 alienae
1035 3089 1135 3136 terrae
1159 3074 1277 3133 fructus

112 3160 333 3241 percepissent,
358 3159 453 3241 longo
476 3172 581 3240 suapte
605 3161 777 3240 privantur,
802 3160 838 3220 ab
864 3181 901 3220 eo
926 3162 1058 3241 turpiter
1082 3157 1186 3232 eiecti,
1212 3177 1305 3232 non,

111 3245 184 3305 victi
206 3257 342 3316 tantum,
368 3245 421 3303 sed
443 3257 476 3302 et
493 3245 608 3325 proditi
625 3245 675 3304 alii
693 3246 730 3305 ah
749 3245 831 3318 aliis,
857 3258 887 3305 et
903 3246 1030 3306 venditi
1062 3245 1170 3323 Neque
1195 3240 1286 3300 enim·

111 3332 179 3389 tuta‘
195 3341 241 3388 est
258 3327 361 3388 liberis
380 3327 598 3390 ciatitatihus'
566 3330 660 3391 nimia
677 3330 733 3390 ista
749 3343 949 3412 tyrannorum
966 3329 1160 3390 familiaritas
1191 3324 1276 3399 Quid

64 3466 69 3475 .
110 3434 204 3495 porro
221 3412 378 3473 Thessali?
405 3413 486 3472 Num
504 3415 633 3494 putatis,
651 3415 791 3494 inquam,
809 3437 877 3474 cum
896 3422 1001 3476 eorum
1018 3411 1163 3498 tyrannos
1180 3409 1276 3469 eiice-

55 3564 58 3569 ,
109 3510 173 3598 ret,
192 3511 223 3558 et
239 3508 360 3572 rursus,
378 3519 446 3556 cum
464 3498 605 3558 Nicaeam
623 3512 654 3560 et
671 3498 854 3581 Magnesiam
874 3500 973 3573 daret,
993 3511 1162 3580 expectasse
1181 3495 1276 3554 decu-

38 3634 44 3659 ,
109 3569 262 3642 rionatum
265 3584 346 3642 fore
363 3582 443 3662 apud
466 3603 498 3642 se
517 3606 599 3643 nunc
615 3584 790 3664 receptum?
824 3597 876 3643 aut
894 3605 948 3663 qus
939 3584 1116 3669 Pylaeam
1123 3578 1275 3641 reddidis-

39 3691 43 3696 ’
110 3680 172 3740 set,
191 3688 260 3727 eum
278 3668 411 3748 privatos
427 3667 562 3747 ipsorum
580 3669 695 3728 reditus
713 3666 973 3748 intercepturum?
992 3669 1190 3748 Nequaquam
1209 3683 1277 3724 cre

109 3751 264 3817 didissent
281 3751 342 3812 Sed
359 3762 461 3813 tamen
478 3753 554 3813 facta
573 3766 644 3812 sunt
662 3752 745 3826 haec,
763 3766 794 3812 et
810 3753 843 3813 in
862 3766 1036 3834 conspectu
1033 3749 1191 3811 omnihus.
1209 3753 1276 3808 Vos

73 3848 76 3853 ’
108 3849 219 3911 autem,
237 3837 370 3917 inquam,
387 3836 565 3919 largientem
582 3851 614 3896 et
628 3830 827 3917 pollicentem
840 3838 981 3918 spectatis
995 3835 1184 3936 Philippum:
1203 3855 1275 3899 eum

108 3934 236 4022 aute-m,
252 3943 320 3982 cum
344 3941 398 3983 vos
422 3922 481 3981 iam
501 3923 654 4002 deceperit
672 3935 702 3983 et
725 3923 756 3982 iu
774 3923 910 3982 fraudem
927 3918 1105 4003 pellexerit,
1122 3918 1276 4017 depreca-

108 4006 193 4080 mini,
211 4007 238 4067 si
255 4007 374 4087 sapitis,
391 4026 430 4064 ne
448 4006 582 4065 videatis
614 4007 693 4066 Sunt
711 4007 833 4087 quidem
851 4018 948 4079 certe,
966 4008 1107 4086 inquam,
1125 4003 1206 4064 varia
1217 4021 1274 4067 re·
1314 4015 1317 4021 '

108 4103 194 4171 perta
211 4093 249 4163 ad
264 4091 387 4150 urbium
405 4091 571 4150 custodiam
590 4103 621 4149 et
638 4091 862 4164 defensionem,
881 4091 977 4151 veluti
993 4111 1119 4173 aggeres
1138 4100 1170 4148 et
1187 4106 1276 4164 moe—

108 4175 157 4234 nia
183 4189 213 4236 et
234 4177 349 4248 fossae,
374 4186 405 4234 et
429 4187 601 4254 quae-sunt
625 4173 692 4235 eins
708 4175 837 4257 generis·
852 4175 924 4235 alia:
950 4197 1027 4256 qnae
1053 4175 1156 4233 omnia
1180 4192 1273 4255 manu
1289 4186 1311 4207 *⁴

108 4259 203 4333 fiunt,
230 4273 261 4319 et
277 4279 403 4340 magnos
421 4271 558 4338 sumptus
576 4258 738 4338 postulant
771 4261 877 4320 'Unum
895 4272 996 4321 autem
1014 4259 1169 4340 quoddam
1188 4277 1273 4316 coma

99 4365 199 4406 mune
216 4344 333 4403 animus
349 4342 545 4423 prudentium
568 4341 602 4401 in
624 4343 787 4423 semetipso
804 4345 941 4425 possidet
957 4342 1165 4425 praesidium,
1185 4340 1273 4422 quod

708 4616 722 4645 N
