2722 4754
268 201 279 208 '
357 281 362 287 ,
436 181 797 279 rerumrerum
832 220 873 278 11.
1012 174 1041 190 “’
1104 275 1107 279 .
1198 228 1239 283 sa

41 440 44 455 Ι
101 372 263 448 &indstuou
282 390 363 450 quae
381 369 722 450 reipublicae-nostrae,
749 393 838 454 agere
854 371 996 443 ,instituit
1031 373 1239 447 Quamobrem

41 458 44 477 ¹
100 455 211 528 amem?
234 454 392 530 Nimirum
411 455 494 535 qnod
511 457 548 514 ad
568 477 642 536 opes
660 469 691 516 et
707 459 890 538 potentiam,
916 479 978 538 quo
995 456 1061 517 iure
1080 478 1140 540 qua
1158 460 1239 519 iniu-

101 536 318 624 rhauigen‘dam,
346 540 472 599 consilia
490 561 543 599 sua
560 542 714 614 referens,
739 563 802 601 non
820 544 857 601 ad
875 564 980 622 pacem
998 555 1051 602 aut
1067 534 1239 625 tranquilli·
1332 618 1336 623 Ι

103 645 170 695 tatem
189 635 238 684 aut
262 623 587 703 ullam-aequitatem,
620 628 788 706 prudenter
804 626 864 686 hoc
882 627 1043 708 intelligit,
1068 650 1100 688 se
1118 642 1247 691 nostrae

106 710 186 781 driuti
209 709 387 789 nostrisque
406 709 552 769 institutis
574 710 656 769 nihil
681 710 834 770 eiusmodi
851 732 941 791 posse
959 712 1007 771 vel
1021 713 1241 792 polliceri,'vel

108 809 236 886 pestere,
256 815 319 874 quo
339 790 462 865 adducti
479 815 551 868 vos,
578 795 687 874 privati
706 795 903 881 emolumenti
922 796 1033 876 gratia,
1053 811 1240 858 caeterorum
1301 794 1310 814 ”

109 889 260 946 ductorum
278 878 397 959 aliquos
416 878 474 958 ipsi
492 879 689 940 condonetis:
715 880 770 940 sed
788 893 819 939 et
836 880 968 940 iustitiae
986 881 1099 954 studio,
1119 894 1150 941 et
1168 904 1241 943 con·
1340 954 1345 960 ,

82 973 193 1047 junnae
210 984 279 1023 curu
299 983 333 1022 ea
350 983 388 1021 re
403 963 588 1044 ignominiae
606 965 736 1045 luga-et
754 965 944 1045 providentia
961 986 1073 1038 rerum,
1092 987 1170 1045 quae
1188 956 1242 1025 de*-
1309 964 1313 971 ’

41 1076 45 1085 ·
98 1066 166 1125 cent,
185 1049 321 1109 omnium
346 1054 443 1128 aeque
466 1051 693 1122 adversaturoS,
718 1050 745 1108 si
771 1050 844 1129 quid
868 1049 928 1109 tale
945 1053 1131 1122 conaretur,
1158 1071 1192 1109 ac
1216 1051 1253 1109 si.

41 1142 45 1153 '
100 1138 189 1199 bellum
206 1132 375 1216 gereretis..
394 1132 557 1193 Thebanos
575 1145 675 1192 autem
694 1133 837 1214 putabat,
854 1134 885 1194 id
905 1135 987 1214 quod
1006 1134 1129 1207 accidit,
1148 1134 1241 1194 modo

98 1224 144 1305 ipsi
156 1220 265 1279 lucrum
283 1218 437 1290 facerent,
468 1218 599 1291 siturus,
626 1231 662 1279 ut
679 1239 736 1277 suo
754 1218 899 1278 arbitratu
918 1231 1034 1278 caetera
1052 1218 1242 1280 administra-

60 1371 64 1378 ,
96 1320 149 1380 ret,
172 1317 200 1363 et
215 1303 290 1367 adeo
309 1322 374 1362 uon
393 1302 601 1362 adversaturos
621 1316 651 1362 et
667 1302 895 1383 prohibituros,
921 1316 957 1363 ut
974 1304 1062 1363 a'rmis
1082 1303 1170 1363 etiam
1189 1303 1242 1365 ad-

97 1390 176 1453 iuturi
190 1399 304 1460 essent,
323 1385 351 1446 si
368 1386 511 1459 iussisset
529 1375 561 1446 et
578 1409 675 1461 nunc,
695 1387 960 1461 eodem-consilio,
980 1389 1017 1447 de
1034 1387 1192 1448 Messeniis
1212 1401 1243 1447 et

95 1473 195 1557 Argivis
218 1473 466 1545 bene'meretur:
490 1492 567 1551 quae
590 1473 716 1532 maxima
740 1485 838 1534 vestra
856 1474 920 1533 laus
944 1485 1006 1546 est,
1029 1471 1241 1544 Athenienses.

94 1563 129 1619 Ut
143 1557 215 1618 enim
233 1578 268 1616 ex
286 1556 333 1615 his
351 1557 438 1616 factis
456 1569 589 1637 apparet,
611 1558 648 1617 de
667 1558 739 1617 solis
757 1557 844 1617 rubis
862 1558 904 1618 ita
921 1557 1082 1631 iudicatur,
1097 1578 1155 1618 vos
1173 1558 1257 1616 nul-.

93 1645 141 1705 lin's
164 1641 359 1702 emolumenti
378 1662 467 1701 causa
491 1643 678 1701 Graecorum
694 1642 913 1702 defensionem
938 1644 1128 1716 deserturos,
1160 1642 1243 1702 nulla

49 1758 54 1763 ·
92 1727 185 1813 gratia,
205 1726 290 1786 nullo
308 1727 472 1785 commodo
491 1726 739 1803 benevolentiam
754 1748 823 1809 erga
843 1727 977 1787 Graecos
996 1740 1243 1789 commutaturos.

91 1818 178 1893 Atque
202 1811 277 1871 adeo
302 1810 369 1869 iure
389 1822 419 1869 et
437 1812 474 1869 de
492 1811 579 1878 vobis
597 1810 639 1871 ita
656 1813 764 1885 sentit,
794 1824 824 1870 et
842 1811 880 1870 de
898 1811 1020 1893 Argivis
1038 1833 1072 1871 ac
1089 1811 1244 1874 Thebanis

91 1898 177 1960 aliter:
194 1900 262 1954 'non
279 1893 312 1954 in
330 1894 405 1954 haec
417 1897 516 1961 ¹modo
535 1908 678 1975 tempora·
689 1897 828 1968 intuens,
842 1897 902 1971 ,sed
920 1910 950 1956 et
966 1895 1123 1975 superiora
1142 1897 1244 1955 consi·
1304 1938 1310 1956 ,

90 1985 192 2044 derans.
216 1980 335 2039 Invenit
353 1976 434 2038 enim
453 1981 577 2052 scilicet,
599 1993 688 2060 atque
707 1980 800 2052 audit,
818 1992 936 2040 vestros
953 1980 1094 2054 maiores,
1111 2002 1181 2040 cum
1200 1981 1244 2040 eis
1289 1977 1295 1985 ’

89 2069 181 2128 liceret
195 2064 322 2143 reliquis
341 2060 488 2144 imperare
509 2064 651 2140 Graecis,
682 2079 719 2125 ut
742 2066 802 2146 ipsi
818 2064 897 2146 Regi
914 2067 1074 2124 Persarum
1092 2076 1255 2146 parerent„

89 2148 376 2213 canconditionem
400 2171 464 2208 nou
488 2151 581 2209 modo
608 2171 673 2210 esse
698 2163 889 2231 aspernatos,
919 2170 987 2209 cum
1011 2148 1200 2223 Alexander,
1226 2171 1244 2208 a

89 2235 206 2319 quo‘isti
224 2233 348 2294 oriundi
366 2249 454 2307 sunt,
466 2256 508 2302 ,ea
527 2235 564 2294 de
582 2256 615 2294 re
633 2236 762 2295 nuntius
777 2236 925 2294 venisset:
944 2233 997 2295 sed
1017 2246 1048 2293 et
1063 2234 1171 2302 urbem
1191 2233 1251 2311 deq

88 2341 176 2382 serere
190 2318 343 2394 maluisse,
362 2333 393 2379 et
408 2320 505 2379 nullas
521 2321 585 2399 pati
601 2334 757 2380 aerumnas
771 2340 940 2392 recusasse,
958 2319 1102 2398 talesque
1111 2340 1159 2378 res
1175 2318 1244 2400 ges-
1296 2317 1302 2323 ’

77 2408 153 2467 ‘sisse
174 2417 295 2486 postea,
321 2426 396 2485 quas
420 2417 456 2464 ut
474 2426 579 2464 omnes
599 2405 750 2464 celebrare
768 2416 926 2485 perpetuo·
942 2404 1094 2485 gestiunt,
1120 2403 1163 2463 sic
1187 2423 1245 2482 pro

88 2491 349 2575 dignitateoruarc
367 2488 459 2549 nemo
477 2490 580 2570 potuit
603 2490 677 2572 (qua
701 2492 739 2549 de
760 2511 847 2549 causa
873 2509 922 2568 eas
947 2501 978 2547 et
995 2493 1053 2569 ego
1071 2487 1138 2546 iure
1156 2502 1247 2567 prae,
1261 2500 1302 2560 45

47 2628 54 2635 .
87 2591 172 2637 tereo.
204 2574 316 2635 maiora
342 2575 513 2635 enim'sunt
532 2595 637 2634 eorum
655 2575 803 2647 facinora,
824 2591 922 2652 'quam
939 2592 1016 2651 quae
1036 2572 1173 2632 oratione
1192 2592 1243 2633 ex.-

87 2657 261 2743 pliceutu'r):,
274 2673 307 2723 at
321 2658 538 2720 Thebanorum
557 2673 589 2719 et
605 2656 953 2741 Argivorumfmaiores,
971 2657 1040 2716 illos
1059 2657 1091 2715 in
1105 2657 1245 2717 ‘exercitu
1331 2687 1334 2697 ·

87 2746 175 2805 luisse
189 2743 326 2817 Barbari,
345 2744 402 2804 bos
422 2744 531 2804 cinon
550 2764 616 2803 esse
633 2744 812 2803 adversatos.
845 2740 998 2799 Intellexit
1014 2740 1125 2820 igitur,
1143 2753 1257 2800 utros--

87 2850 144 2911 que
165 2829 280 2909 privato
303 2829 464 2889 commodo
488 2831 759 2900 lorcrcontentos,
788 2847 852 2913 non
879 2844 1072 2884 communem
1099 2823 1245 2884 Graeciae

86 2913 240 2979 utilitatem
257 2926 452 2994 spectaturos.
471 2913 603 2975 Proinde
622 2913 748 2993 putavit,
766 2933 808 2984 se,
827 2910 925 2970 sivos
943 2908 1055 2970 amicos
1073 2908 1246 2992 delegisset,

87 2998 365 3080 propteriustit'ia'm
382 2999 475 3059 luisse
492 2997 698 3058 delecturum:
719 2996 765 3058 siu
784 2996 843 3076 illis
861 3012 893 3054 ¹se
911 2994 1107 3068 adiunxisset,
1124 2995 1245 3055 adiuto-

87 3103 131 3149 res
145 3076 315 3143 habiturum
334 3104 405 3144 suae
424 3082 605 3163 cupiditatis.
625 3082 673 3142 Ob
690 3082 764 3141 baec
782 3081 850 3141 iilos
869 3080 959 3141 vobis
975 3091 1006 3140 et
1022 3091 1097 3138 tunc
1116 3091 1147 3138 et
1163 3100 1246 3138 nunc

88 3168 216 3248 praefert.
249 3167 359 3248 Neque
385 3169 465 3228 euim
493 3167 632 3227 triremes
652 3167 694 3227 eis
714 3167 815 3247 plures
835 3167 939 3226 adesse
957 3164 1172 3244 videm-quam
1190 3169 1244 3224 vo-¹

90 3251 145 3329 hisa
170 3272 270 3332 neque
296 3275 365 3312 eum
389 3254 420 3312 in
446 3252 675 3312 mediterraneis
708 3253 859 3332 quoddam
889 3249 1042 3311 invenerit
1074 3249 1246 3330 imperium,
1279 3270 1284 3276 ·

88 3335 260 3397 maritimum
277 3337 488 3418 imperiumst
504 3352 651 3397 mercatus
670 3337 852 3396 contemnit:
870 3355 971 3414 neque
989 3333 1101 3393 oblitus
1118 3347 1164 3393 est
1177 3354 1245 3394 rer-

89 3421 187 3481 bo'rnm
202 3435 233 3482 et
247 3422 515 3503 pollicitationum,
533 3443 589 3503 per
604 3444 676 3503 quas
692 3443 796 3503 pacem
807 3421 987 3500 impetravit
1007 3417 1050 3477 rlt
1064 3419 1247 3491 mehercule,

93 3505 163 3565 dicat
182 3506 308 3587 aliquis,
338 3523 406 3566 eum
432 3508 508 3567 scire
533 3508 607 3568 haec
626 3508 742 3588 omnia,
768 3526 869 3584 neque
895 3528 930 3565 ex
948 3503 1085 3575 avaritia,
1110 3500 1189 3590 iisvel
1209 3504 1266 3590 qle·

89 3589 192 3663 causis,
215 3614 290 3672 quas
313 3612 375 3674 ego
401 3593 559 3666 criminer,
583 3606 648 3651 tum
675 3592 749 3650 haee
776 3591 888 3673 egisse:
914 3591 967 3648 sed
987 3589 1069 3666 quod
1094 3589 1247 3667 aequiora,

89 3696 169 3755 qnam
187 3697 262 3763 uxos,
286 3676 426 3760 'lfhebani
444 3677 633 3757 postularint.
667 3681 790 3735 Verum·
801 3675 878 3734 hanc
896 3675 944 3734 vel
962 3673 1056 3732 solam
1075 3695 1193 3733 causam
1213 3694 1248 3732 ex

52 3821 56 3828 ,
87 3759 220 3820 omnibus
245 3760 275 3821 ei
302 3774 574 3842 nuucpraetexere
594 3760 754 3822 nonlicet
790 3761 853 3835 Qui
871 3759 1138 3819 euim¹Messenam
1155 3760 1247 3816 Lace-
1315 3808 1317 3815 .

41 3862 55 3889 ’ἱ
86 3835 256 3907 daemo'uios
273 3846 448 3930 relinquere
466 3846 562 3919 iubet,
581 3869 643 3926 quo
662 3859 749 3926 pacto
765 3842 960 3904 Orchomeno
980 3854 1012 3901 et
1025 3839 1165 3903 Coronea
1181 3854 1248 3901 tum

85 3929 231 4015 Thebanis
250 3931 372 4004 tradita,
389 3951 421 3991 se
439 3931 490 3993 illa
508 3931 624 4005 lesisse,
643 3952 720 4010 quae
736 3951 831 4009 aequa
849 3950 913 3989 esse
929 3939 1057 4008 putaret,
1076 3923 1248 3986 simulabit?

84 4010 122 4074 ht
138 4035 211 4075 vero
230 4028 356 4076 coactus
375 4016 439 4075 est?
457 4015 530 4094 (hoc
550 4017 629 4074 enirn
647 4028 741 4074 restat
759 4012 888 4096 scilicet)
906 4024 937 4072 et
954 4023 1073 4091 praeter
1091 4010 1183 4070 animi
1201 4008 1248 4085 sui

58 4120 62 4127 ·
82 4094 276 4174 senteutiam,
301 4100 509 4160 aThessalico
529 4101 665 4181 equitatu
681 4099 908 4178 -Thebanisque
927 4095 1100 4177 legionibps
1119 4096 1248 4155 circum·
1291 4089 1318 4156 .‘

81 4196 202 4258 ventus,
220 4185 273 4245 illa
286 4185 464 4246 *concessiti
489 4188 581 4246 Bene.
615 4185 755 4245 -Proinde
771 4185 896 4254 dicunt,
915 4179 1077 4262 Thebanos
1096 4181 1125 4240 ei
1143 4200 1248 4260 suspe-

81 4282 143 4331 rtos
152 4271 244 4349 lore:
277 4281 311 4330 et
328 4268 501 4330 fabulantur
518 4270 640 4352 quidam
658 4265 786 4351 passim,
812 4289 882 4328 eum
899 4265 1035 4325 Elateam
1052 4265 1248 4327 muniturum.

80 4354 106 4415 le
119 4375 195 4418 vero
210 4355 297 4419 haec,
307 4354 446 4417 nondum
463 4356 544 4431 lacit,
560 4376 634 4431 uec,
645 4368 681 4415 ut
698 4373 757 4436 ego
773 4351 887 4424 iudico,
903 4370 1039 4430 unquam
1055 4350 1153 4411 faciet
1166 4345 1248 4407 <cum

996 4445 1019 4512 3
1083 4500 1089 4515 .
