2746 4748
127 180 207 244 ,ιιι
422 156 1048 242 ιιιιιοιιιιιιιιιιοιιιιιο

80 398 93 418 ,
135 331 398 394 dareturoccasio
416 330 755 432 Quodsitestimonium
771 333 848 393 illud
861 333 981 416 legerit,
993 330 1165 414 diligenter
1176 332 1290 392 animal
1319 340 1321 415 j

136 417 260 479 ιιιιίιι·
278 415 452 477 invenietis
458 417 548 491 enim,
567 417 681 476 dictum
700 438 766 477 esse
784 439 799 476 a
818 417 964 498 testibus,
983 438 1055 477 eum
1072 438 1142 478 non
1160 437 1236 505 esse,
1251 416 1290 518 sed
1319 420 1321 433 '

135 504 230 563 luisse
246 501 403 562 aerarium.
439 501 546 562 lllud
535 501 639 584 igitur,
657 522 719 581 quo
737 502 947 563 adversarius
940 502 1107 584 praecipue
1126 500 1289 575 nititur,in-

135 588 239 687 primis
257 586 390 647 refutare
409 587 554 659 conabor,
571 587 675 666 idque,
694 586 807 667 dequo
823 587 904 648 inter
920 609 977 648 nos
996 586 1101 648 omnis
1121 601 1169 648 est
1186 599 1288 647 conus

136 672 240 733 versia.
275 671 396 746 Quodsi
413 683 478 731 tum
497 668 652 743 licuisset,
659 691 760 756 neque
771 671 923 753 temporis
942 671 1093 765 angustiis
1113 693 1173 752 per
1187 670 1287 732 insidias

133 766 173 818 ea
187 778 224 839 re
239 756 353 817 exclusi
370 776 520 819 essemus:
544 755 673 816 testibus
690 752 826 857 planum
830 755 1055 830 fecissemus,
1042 756 1288 836 pecuniawtolr-

61 836 73 849 ⁸
134 855 196 902 tam
214 854 246 902 ct
262 836 448 921 reipublicae
465 860 608 921 pereum
626 840 702 899 ab
682 841 766 924 omni
783 854 867 922 parte
886 842 957 908 satis
975 861 1043 901 esse
1061 841 1187 903 lactum.
1220 840 1287 900 Nunc

35 976 38 979 .
134 926 252 1009 magnis
269 925 460 1006 argumentis
474 923 681 999 ostendemus,
698 918 767 985 eum
786 947 886 1006 neque
898 925 1040 986 debuisse
1058 926 1235 1005 quiequam,
1247 944 1288 984 ιιιι

4 1043 5 1047 1
51 1052 54 1057 .
132 1013 231 1071 ullum
249 1007 418 1090 periculum
435 1009 529 1070 briase
547 1009 691 1082 nobis,
666 1032 691 1069 ιι
708 1009 893 1092 patrimonio
911 1011 1013 1090 palam
1026 1011 1211 1070 frueremur
1239 995 1286 1068 Pri

110 1165 113 1170 ,
134 1119 219 1175 mum
235 1094 451 1167 Demochares,
469 1094 522 1175 qui
540 1106 729 1155 materteram
747 1115 863 1168 meam,
881 1094 1025 1178 Gylonis
1031 1095 1168 1169 filiam,'
1158 1117 1192 1155 ιιι
1208 1095 1287 1154 matri·

38 1214 48 1226 ·-
134 1180 240 1241 monio
263 1179 363 1251 babet,
381 1201 450 1239 suas
469 1194 542 1259 opes
561 1200 624 1238 non
643 1179 789 1252 occultat,
807 1181 861 1239 sed
880 1192 911 1239 et
927 1179 1084 1247 aedilitate
1103 1179 1285 1261 sangiune

128 1265 272 1325 'triremes
292 1264 330 1324 ιιι
348 1264 461 1335 bellum
476 1263 620 1336 instruit,
645 1263 810 1343 etreliqua
828 1263 931 1323 munia
947 1263 1072 1343 publica
1093 1264 1184 1337 obit,
1210 1278 1298 1342 neqtt'

135 1348 242 1409 barum
260 1368 362 1417 rerum
376 1348 542 1427 quicquam
559 1347 752 1436 pertimescit.
769 1348 916 1408 Deinde'
906 1363 978 1428 ipse
986 1361 1075 1428 pater
1093 1362 1162 1408 tum
1177 1348 1284 1426 reliquas

59 1457 62 1464 ¹
130 1453 228 1515 opes,
253 1446 319 1493 tum
338 1446 470 1510 quatuor
486 1430 599 1494 talenta
617 1455 685 1494 cum
709 1431 807 1492 tribus
818 1432 960 1493 millibus
979 1433 1195 1492 drachmarum
1193 1432 1283 1532 palan

135 1517 261 1591 babuit,
270 1536 365 1620 quae
383 1515 434 1577 isti
453 1518 532 1577 etin
551 1525 734 1580 testamento
753 1516 846 1576 inisse
857 1517 1030 1616 perscripta
1053 1531 1139 1578 etse
1159 1517 1283 1597 accepisse

29 1620 35 1629 *
70 1636 86 1665 κ
136 1601 249 1678 mutuis
268 1601 326 1682 ipsi
345 1614 377 1662 et
393 1601 576 1677 testimoniis
594 1622 660 1661 sese
679 1601 883 1663 convicerunt
903 1601 1014 1677 Quin
1005 1624 1073 1682 ipse
1093 1602 1186 1662 etiam
1205 1600 1313 1682 Aple..

103 1687 193 1747 bus
202 1708 273 1748 cum
286 1685 411 1766 reliquis
425 1673 589 1759 tutoribus,
604 1699 731 1766 quantae
747 1706 819 1766 opes
833 1686 955 1758 relictae
971 1699 1088 1759 essent,
1100 1680 1222 1766 publice
1232 1705 1281 1764 pro

58 1775 107 1830 17
121 1773 233 1851 fessus
252 1783 311 1845 est,
336 1783 367 1831 et
384 1791 433 1831 me
451 1771 552 1832 classis
571 1771 679 1832 ducem
697 1769 881 1871 constituit,
899 1793 967 1831 cum
985 1791 1049 1830 ιιοιι
1069 1793 1183 1852 parvus
1200 1789 1280 1829 censu

135 1869 295 1945 ageretur,
312 1856 367 1924 sed
383 1867 503 1929 tantus,
520 1869 555 1916 ut
573 1857 610 1917 de
629 1855 730 1934 quinis
751 1868 783 1915 et
800 1855 914 1914 vicenis
933 1855 1022 1914 minis
1041 1856 1218 1939 quingenae
1233 1855 1282 1914 dtr·

75 1936 103 2001 ’,
135 1941 251 2002 cbmae-
246 1936 476 2020 ponderentur.
486 1939 573 1999 At
549 1962 575 1999 ιι
593 1940 693 2039 quid
683 1953 812 1999 istorum
830 1956 934 1999 terum
952 1939 1081 2000 suisset:
1099 1940 1210 2002 borma
1224 1935 1283 1997 nibil

55 2071 60 2081 .
134 2021 268 2096 iecisset,
285 2024 338 2082 sed
356 2023 430 2082 baec
450 2024 550 2082 omnia
570 2024 703 2102 cavisset
722 2028 783 2083 lam
797 2045 870 2099 vero
890 2036 1018 2097 constat,
1037 2037 1070 2084 et
1085 2022 1283 2085 Democbareu
1305 2030 1313 2101 '¹

4 2116 35 2182 ζ
136 2123 167 2170 et
184 2119 341 2188 parentem
360 2121 391 2167 et
414 2106 489 2181 istos
508 2108 589 2187 ipsos
616 2109 717 2168 οιιιιιίι
735 2108 801 2168 sine
827 2109 919 2169 ullius
945 2109 1077 2188 periculi
1104 2121 1185 2168 metu
1200 2119 1282 2184 etpa-

69 2194 74 2207 '
134 2194 195 2252 lam
212 2190 371 2256 babuisse
387 2191 516 2250 Faciunt
532 2205 632 2251 autem
651 2193 787 2252 οιιιιιίιιιιι
806 2193 1030 2266 absurdissime,
1050 2195 1109 2272 qui
1127 2193 1283 2263 dicante

47 2350 53 2360 „
133 2277 228 2335 tuisse
226 2288 372 2356 patrem,
390 2295 428 2333 ne
448 2276 555 2359 domus
573 2275 736 2352 locaretur,
755 2291 786 2336 et
796 2278 912 2337 tabulas
930 2291 1044 2363 tamen,
1062 2273 1150 2338 unde
1167 2276 1210 2336 rei
1223 2272 1284 2334 reri-

70 2362 83 2370 ⁰
133 2375 178 2425 tas
197 2374 289 2420 certo
300 2361 445 2442 cognosci
462 2353 582 2440 posset,
607 2383 755 2440 nusquam
774 2362 946 2442 proferant,
974 2384 1008 2422 ac
1026 2376 1160 2442 putent,-
1182 2359 1282 2420 subbto
1302 2392 1305 2397 ·

124 2458 227 2534 tanto
237 2444 430 2517 testimonio,
454 2458 565 2505 setam
584 2445 669 2506 facile
688 2447 778 2505 fidem
796 2449 875 2526 apud
887 2468 947 2507 vos
966 2446 1158 2510 inventuros.
1183 2443 1283 2503 Adeo
1309 2460 1313 2469 ·

134 2527 222 2603 candi
241 2529 364 2628 quidem
383 2550 453 2588 mor
470 2542 540 2608 post
558 2530 674 2590 obitum
695 2532 790 2610 patris
808 2544 901 2591 testes
926 2531 1058 2590 fuissent
1076 2531 1283 2610 complures,a

5 2682 7 2686 Ι
43 2635 54 2660 “-
134 2610 246 2694 quibus
266 2613 438 2695 consignari
455 2626 670 2675 testamentum
688 2614 846 2688 iuberent,
872 2628 924 2688 ut,
942 2616 968 2675 si
987 2615 1063 2694 quid
1081 2616 1163 2675 forte
1182 2625 1283 2674 conuo-

55 2694 78 2760 f
118 2698 247 2760 ‚versiae
268 2698 410 2798 oriretur,
427 2701 465 2759 ad
482 2699 561 2758 illud
577 2699 721 2779 scriptum
739 2700 855 2759 recurri
870 2713 901 2758 et
916 2701 1053 2758 omnium
1073 2698 1179 2760 rerum
1196 2696 1283 2757 vesias

62 2780 70 2793 '
133 2782 251 2882 plane
240 2783 372 2842 inveniri
389 2797 500 2863 posset
523 2784 622 2845 Nunc
640 2784 696 2842 alia
717 2785 861 2864 quaedam
880 2774 1091 2865 consignanda
1111 2791 1284 2847 censuerunt,

72 2869 75 2873 ’
105 2898 109 2905 ι
133 2869 166 2926 in
181 2850 292 2946 quibus
308 2868 402 2926 multa
418 2869 458 2926 de
473 2869 586 2928 relictis
607 2852 742 2948 apibus
734 2869 876 2948 inscripta
893 2890 955 2927 ιιοιι
971 2868 1110 2941 fuerunt,
1128 2870 1211 2927 nuda
1219 2867 1283 2925 dur·
1307 2938 1312 2951 ι

47 2960 53 2964 ’
133 2963 224 3013 taxa-t
232 2951 475 3011 commentarius
492 2952 590 3032 ipsum
609 2975 681 3012 vero
704 2961 936 3026 testamentum,
962 2954 994 3038 in
1009 2956 1099 3033 quod
1117 2966 1251 3037 pater
1221 2963 1283 3010 esu

23 3100 36 3125 Ι
58 3037 63 3043 '
110 3044 115 3050 “
133 3035 348 3100 commentaria
365 3037 511 3096 retulerat
529 3050 559 3097 et
574 3037 722 3117 reliquam
740 3039 899 3118 pecuniam
918 3034 1050 3110 omnem,
1072 3060 1152 3117 quae
1168 3026 1283 3096 lidrico:

39 3151 43 3157 .
70 3180 73 3194 ,
130 3142 200 3177 rum
216 3119 423 3194 mandabatur,
443 3134 474 3181 et
487 3142 543 3200 per
556 3124 639 3201 quod
658 3143 720 3181 ιιοιι
740 3122 872 3182 elocatae
891 3123 998 3182 domus
1020 3122 1107 3182 omni
1127 3115 1321 3199 criminali
1319 3132 1321 3159 ¹

59 3213 81 3285 's
133 3202 321 3301 berareptur,
339 3200 370 3262 id
390 3206 511 3272 demum
530 3227 629 3286 neque
648 3207 883 3288 consignarunt,
893 3228 993 3291 neque
1011 3200 1217 3287 protulerunt
1242 3203 1284 3260 Est
1317 3204 1321 3237 ¹

49 3351 53 3357 ,
118 3308 205 3346 =vero
225 3287 267 3346 eis
287 3289 659 3374 credendum,quicquid
680 3291 817 3350 dehisce
837 3287 987 3350 dixerint?
1031 3292 1101 3372 Ego
1120 3310 1195 3350 vero
1203 3282 1282 3365 ‚quil

4 3436 13 3451 ‚
133 3371 214 3432 istud
234 3372 289 3446 sit,
307 3394 371 3432 ιιοιι
389 3374 548 3457 intelligo:
582 3375 654 3434 Non
672 3374 790 3434 sinc'bat
807 3375 906 3435 locare
925 3376 1067 3448 domum,
1085 3395 1191 3455 neque
1205 3370 1321 3465 palam

45 3463 53 3479 ⁸
114 3459 269 3538 'proferre
288 3461 447 3537 pecuniam
465 3471 557 3539 pater
575 3462 725 3519 Utrumne
743 3458 837 3532 ιιιίιιί,
848 3482 885 3519 an
899 3479 972 3518 vero
988 3459 1128 3519 civitati?
1149 3462 1210 3517 lmo
1226 3474 1284 3515 coo·
1317 3424 1321 3505 i

131 3554 199 3615 stat,
217 3562 272 3601 vos
289 3542 474 3622 reipublicae
494 3544 575 3603 illam
593 3543 752 3616 retulisse,
770 3543 844 3602 mihi
863 3564 934 3604 vero
953 3544 1076 3642 penitus
1097 3520 1321 3617 abscondisse»

86 3687 89 3690 ,
118 3648 165 3686 ·ac
183 3646 222 3685 ne
242 3647 306 3685 earn
326 3628 447 3705 quidem
468 3629 643 3719 declarasse,
665 3629 701 3687 de
721 3627 804 3697 cuius
824 3628 1033 3687 aestimatione
1052 3627 1172 3688 tributa
1189 3634 1321 3720 pepen·'

35 3716 38 3721 '
117 3710 224 3791 *distis
241 3709 345 3792 Agite,
363 3713 553 3787 ostendite,
544 3710 619 3772 istae
632 3713 742 3792 copiae
760 3733 837 3792 quae
856 3713 979 3785 fuerint,
995 3725 1088 3791 atque
1107 3712 1175 3785 ubi,
1193 3723 1221 3770 et
1235 3724 1283 3808 put
1318 3678 1321 3745 l

79 3804 82 3810 ’
129 3808 289 3876 praesente
308 3795 384 3856 mihi
401 3797 463 3860 sint
480 3798 615 3858 traditae.
642 3798 718 3857 Nam
737 3799 797 3856 duo
817 3797 940 3877 quidem
962 3794 1078 3857 talenta
1097 3809 1129 3857 et
1148 3793 1283 3890 octoginta

37 3916 45 3922 ·
129 3882 225 3958 minas
245 3881 283 3942 de
310 3895 444 3961 quatuor
459 3881 581 3944 talentis
609 3896 640 3943 et
662 3882 759 3942 tribus
788 3883 995 3942 drachmarum
1021 3881 1159 3941 millibus
1185 3874 1316 3957 accepi·

62 4022 73 4041 ῃ,
129 3961 201 4026 stis.
218 3958 348 4049 proinde
367 3988 468 4047 neque
485 3967 558 4027 istas
575 3989 641 4028 mea
660 3969 748 4029 causa
765 3967 949 4049 reipublicae
972 3966 1160 4040 contulistis,
1178 3957 1282 4025 cunil-

129 4049 166 4109 lis
184 4052 372 4152 temporibus
391 4065 509 4113 vestrae
534 4066 643 4115 essent
683 4052 780 4132 Atqui
807 4073 843 4113 ex
866 4051 992 4112 aedibus
1012 4064 1043 4111 et
1067 4045 1307 4131 quatuordecim

130 4135 286 4218 mancipiis
304 4159 339 4198 ac
355 4137 484 4220 triginta
498 4137 605 4238 minis,
631 4158 708 4218 quae
726 4137 800 4198 mihi
817 4136 1001 4208 tradidistis,
1019 4155 1084 4195 non
1102 4135 1171 4196 lieri
1186 4137 1280 4216 potetis

30 4222 33 4227 '
78 4267 85 4278 ,
122 4229 164 4293 ut
180 4231 297 4282 tantum
314 4222 466 4289 tributum
483 4221 524 4283 sit
548 4237 755 4296 numeratum,
780 4220 927 4302 quantum
946 4241 1003 4284 vos
1021 4220 1054 4280 in
1081 4222 1204 4282 classem
1219 4233 1277 4275 con·

130 4301 259 4393 tulistis:
284 4307 337 4369 sed
354 4308 483 4371 omnino
501 4328 637 4374 neeesse
645 4321 709 4384 est,
734 4307 799 4383 uti,
815 4308 920 4427 relicta
935 4319 1125 4387 quaesunt,
1140 4304 1190 4367 bis
1202 4302 1277 4379 ιωιῑ

934 4526 938 4553 l
1004 4548 1007 4553 Ι
1093 4563 1100 4571 ι
