2722 4754
98 125 111 195 j
143 72 206 171 ιιι
240 120 254 154 ι
378 96 790 209 nnuosrnrms
826 81 1038 171 onemo

142 280 267 350 gum
231 273 273 324 'ne
284 262 494 363 ascendunto,
512 276 547 323 ut
566 234 618 348 qur
609 263 738 346 legum
758 209 1002 328 emendationem
1020 237 1180 346 abrogent.
1203 263 1310 329 Ante-

141 370 232 433 quam
250 344 324 409 vero
343 347 450 409 concio
469 349 509 408 sit
526 344 649 422 indicta,
667 351 842 451 quicunque
857 350 1095 411 Atheniensium
1113 351 1214 433 legem
1233 351 1310 414 serre

103 432 106 437 ’
142 435 292 509 voluerit,
310 447 380 494 ante
398 446 510 495 statuas
530 434 658 494 heroum
678 435 818 516 scrip‘tas
821 457 870 496 cas
888 436 990 519 leges,
1002 455 1083 516 quas
1101 436 1195 511 fert,
1188 457 1310 518 propo
1320 500 1324 507 ,

143 523 227 595 nito,¹
249 532 285 579 ut
302 541 358 609 pro
385 520 581 580 multitudine
606 521 831 602 propositarum
856 521 979 621 legum,
985 534 1099 583 statuat
1122 523 1258 603 populus
1275 524 1310 584 de

42 603 45 609 ⁴
141 621 280 686 tempore
292 590 543 688 legumlatoribus
559 607 772 666 concedendo:
782 610 809 666 ls
824 628 908 681 vero,
926 607 979 687 qui
998 629 1107 668 novam
1125 607 1232 690 legem
1245 607 1311 683 sert,

93 711 101 717 ·
142 693 174 752 in
192 691 294 751 album
316 691 440 752 relatam
464 704 617 773 proponat
641 704 710 750 ante
736 703 848 752 statuas
875 691 1004 752 heroum
1030 692 1187 772 quotidie,
1217 693 1312 756 donee

37 854 42 858 ι
88 824 91 831 ,
141 778 256 838 concio
269 776 426 837 indicatur.
457 777 639 859 Deligantur
656 789 755 835 autem
775 799 791 836 e
809 777 982 878 municipiis
1000 777 1119 860 legibus
1135 779 1311 858 patrocina

18 870 22 877 '
141 864 221 937 turi,
240 883 316 942 quae
334 859 414 944 apud
425 862 647 944 legumlatores
666 861 866 945 abrogentur,
885 863 1021 944 quinque
1039 864 1096 923 viri
1115 885 1160 923 ex
1169 863 1310 927 omnibus

140 947 394 1047 Atheniensibus,
412 949 454 1008 xl
471 947 584 1008 mensis
603 947 719 1007 lunii·
1241 976 1246 1000 ·.

225 1036 289 1094 Hae
309 1035 391 1117 leges
410 1053 515 1093 omnes
541 1032 670 1115 longo
660 1054 720 1092 ram
745 1045 883 1113 tempore
908 1047 979 1094 sunt
1004 1047 1145 1117 receptae
1165 1046 1198 1094 et
1222 1054 1310 1137 saepe

141 1114 195 1181 sui
208 1119 361 1200 specimen
375 1119 594 1200 praebuerunt,
612 1139 646 1179 se
657 1119 808 1198 prodesse
825 1119 926 1179 vobis·
944 1140 1044 1199 neque
1060 1121 1216 1180 hactenus
1229 1118 1312 1199 qnis-

143 1225 233 1286 quam
252 1205 376 1278 erstitit,
395 1227 448 1285 qur
439 1203 561 1264 bonas
581 1224 634 1265 eas
650 1224 715 1263 esse
723 1217 904 1286 negareti
894 1205 1012 1264 Merito.
1037 1205 1132 1265 Nihil
1141 1205 1227 1264 enirn
1244 1217 1313 1281 'crus

91 1361 92 1365 ,
141 1292 237 1392 dele,
244 1291 320 1350 nihil
338 1290 519 1350 violentum
517 1302 578 1350 aut
595 1276 729 1349 libertati
747 1289 931 1349 contrarium
950 1290 1113 1371 imperant:
1133 1292 1189 1350 sed
1209 1276 1313 1351 ronna

68 1372 89 1413 ’-
140 1374 244 1459 potius
264 1376 437 1436 humaniter
454 1376 555 1436 omnia
574 1389 605 1435 et
620 1375 810 1455 populariter
825 1375 893 1434 fieri
912 1374 1025 1434 iubent
1044 1375 1250 1456 Acprinrum,
1265 1375 1312 1437 iu

142 1462 255 1523 dicium
273 1483 367 1543 penes
380 1480 439 1522 vos
458 1480 523 1521 esse
540 1460 720 1538 voluerunt,
737 1483 819 1519 num
837 1461 971 1542 roganda
985 1458 1030 1520 sit
1048 1460 1138 1521 etiam
1153 1481 1242 1521 nova-
1256 1460 1312 1535 len,

141 1570 180 1608 an
198 1547 269 1607 satis
288 1568 353 1607 esse
371 1559 490 1607 veteres
507 1545 555 1605 sit
565 1546 748 1626 putandum.
766 1545 930 1618 deinde,
905 1567 931 1605 ιι
950 1546 1155 1648 decreveritis,
1172 1564 1245 1606 esse
1261 1562 1311 1607 ro·

141 1632 280 1716 gandam,
297 1653 363 1692 non
375 1633 475 1717 statim
489 1651 555 1690 earn
573 1630 647 1689 ierri
662 1630 779 1704 iubent,
798 1631 874 1690 sed
865 1653 897 1690 ιιι
910 1631 1030 1691 tertiam
1049 1633 1248 1692 concionem·
1252 1631 1310 1692 die

140 1718 293 1779 tulerunt.
311 1738 368 1776 nec
386 1716 428 1776 in
438 1711 483 1776 eu
494 1716 568 1776 ferri
594 1729 828 1790 concesserunt,
854 1717 913 1776 sed
932 1713 1118 1777 considerari
1145 1719 1312 1791 iusserunt,

141 1803 253 1885 quibus
272 1802 501 1875 conditionibus
519 1801 734 1885 legumlatores
749 1801 935 1862 constituere
948 1801 1054 1863 velitis
1072 1803 1242 1863 luterieoto
1260 1823 1314 1863 ιιι

62 1957 71 1970 .
139 1903 203 1951 tem
220 1903 375 1969 ternpore,
395 1888 576 1948 mandarunt
592 1888 702 1969 legeui
708 1908 817 1970 rogare
834 1876 1024 1961 volentibus,
1041 1901 1077 1948 ut
1094 1889 1188 1973 leges
1197 1907 1315 1969 propo·

141 1987 217 2036 nant
233 1988 303 2034 ante
321 1985 433 2034 statuas
451 1974 597 2046 heroum,
619 1985 656 2032 ut
674 1972 856 2053 quilibet,”
836 1995 872 2032 ns
891 1973 1150 2048 consideratis,
1126 1997 1151 2033 ιι
1169 1972 1276 2053 quid
1264 1995 1315 2033 ιιι

112 2109 120 2117 .
140 2061 219 2121 utile
235 2056 325 2121 vobis
340 2058 537 2140 perspexerit,
557 2058 673 2117 indicet
690 2071 724 2117 ac
740 2079 805 2138 per
803 2058 910 2118 otium
927 2058 1047 2118 refutet
1083 2060 1212 2132 Horum,
1231 2078 1314 2138 quae

36 2139 39 2143 ’
140 2158 202 2219 tam
222 2145 315 2204 multa
323 2157 415 2244 oront,
433 2144 509 2204 nibil
527 2144 600 2203 fecit
614 2143 812 2203 Timocrates.
836 2136 900 2203 Nec
918 2144 1000 2204 enim
1017 2139 1121 2227 legem
1137 2143 1317 2231 proposuit,

19 2292 24 2302 ,
92 2222 98 2235 ”
141 2244 243 2317 neque
262 2227 380 2310 copiam
397 2229 522 2303 lecit,
498 2252 524 2288 sn
543 2229 609 2308 quis
630 2250 694 2289 earn
712 2229 821 2288 lectam
837 2229 941 2302 vellet,
957 2229 1122 2303 refutandi,
1139 2249 1246 2319 neque
1265 2228 1316 2287 nl·

141 2317 205 2376 lum
222 2330 341 2397 tempus
361 2315 520 2375 delinitum
538 2314 656 2397 legibus
675 2311 860 2374 observavit:
883 2315 939 2375 sed
957 2336 1025 2374 curu
1029 2315 1169 2388 concio,
1189 2335 1252 2394 qua
1270 2313 1317 2373 le-

56 2464 59 2470 ,
141 2418 194 2484 ges,
213 2401 417 2474 diiudicastis,
438 2401 481 2460 Xl
501 2400 584 2459 lunii
599 2399 825 2471 celebraretur,
845 2399 992 2480 postridie
1016 2401 1116 2460 statim
1134 2402 1193 2460 ΧΗ
1200 2399 1317 2482 legem

31 2537 36 2550 ,
140 2487 229 2561 tulit,
256 2501 387 2566 eamque
400 2485 627 2559 Saturnalibus,
651 2496 873 2566 proptereaque
892 2485 1005 2544 Senatu
1025 2485 1166 2561 dimisso,
1185 2505 1318 2564 percos

142 2572 293 2645 obtinuit,
330 2570 383 2650 qui
408 2569 494 2630 vobis
520 2570 718 2644 insidiantur,
753 2582 788 2629 ut
806 2570 1069 2630 senatusconsulto
1093 2570 1316 2652 legumlatores

141 2655 402 2717 constituerentur
426 2672 481 2736 per
506 2655 642 2755 speciem
656 2655 946 2722 Panathenaeorum.
988 2654 1070 2715 Volo
1097 2669 1200 2727 autem
1223 2654 1317 2714 vobis

44 2804 47 2809 ,
131 2742 254 2822 -ipsum
258 2742 555 2802 senatusconsultum
580 2741 724 2841 recitare,
750 2741 834 2821 quod
849 2753 949 2801 ratum
967 2740 1105 2800 habitum
1124 2753 1189 2814 est,
1211 2752 1250 2800 ut
1263 2739 1324 2800 in-

140 2827 298 2914 telligatis,
318 2848 352 2886 ea
371 2825 472 2886 omnia
489 2848 544 2907 per
560 2827 819 2909 conspirationem
837 2826 901 2887 ab
892 2825 957 2886 rstis
977 2831 1042 2902 esse
1058 2825 1153 2899 lacta,
1172 2825 1330 2907 nihilque

140 2908 269 2974 fortuito
288 2912 441 2973 accidisse.
460 2909 544 2994 Cape
559 2912 857 3017 senatusconsultum
875 2912 934 2972 hoc
953 2924 983 2972 et
1000 2912 1087 2994 lege
1087 2912 1129 2972 eis
1147 2923 1192 2981 ιιι,

427 3026 1023 3117 anurUscottsunrlJM
1116 3097 1121 3107 .
1185 3063 1191 3079 ¹

226 3135 421 3227 Praesidente
440 3167 524 3226 tribu
538 3166 723 3241 Pandionia,
746 3169 909 3228 undecimo
918 3180 1049 3232 senatus
1068 3167 1136 3241 die,
1153 3167 1328 3227 Timocra-

140 3265 186 3313 tes
211 3250 300 3312 dixit·
320 3266 361 3313 ut
385 3265 416 3312 et
437 3253 528 3313 sacris
547 3253 666 3333 operari
690 3253 779 3313 liceat
803 3267 834 3313 et
857 3266 1013 3314 sumtuum
1037 3253 1141 3333 copia
1143 3252 1208 3312 sits
1230 3265 1263 3311 et
1287 3253 1325 3317 si

56 3342 118 3404 450
141 3338 225 3439 qnid
234 3337 270 3396 ad
288 3337 498 3399 Panathenaea
517 3338 665 3413 deluerit,
691 3351 727 3398 ut
743 3330 971 3420 suppeditetur.
1005 3353 1045 3399 ut
1056 3351 1212 3398 senatores
1229 3337 1320 3397 Pan-

82 3501 84 3504 ,
140 3423 265 3484 droniae
280 3424 413 3484 tribus
402 3425 618 3507 incrastinum
643 3424 860 3506 legumlatores
880 3437 999 3484 creent.
1018 3423 1239 3507 legumlatores
1259 3443 1315 3480 au.

140 3521 203 3569 tem
228 3509 289 3568 sint
311 3531 391 3570 uuus
417 3523 448 3573 et
472 3510 556 3570 mille
580 3518 709 3570 numero
734 3511 888 3581 eiuratis:
914 3511 996 3592 leges
1022 3522 1125 3570 autem
1148 3530 1212 3568 una
1235 3507 1310 3569 ferat

139 3595 230 3655 etiam
248 3607 377 3656 senatus.
459 3617 461 3620 ’
1190 3636 1194 3647 .
1285 3638 1311 3667 ,ι

180 3679 382 3760 Numquid
413 3678 665 3741 animadvertistis
696 3679 778 3741 inter
805 3648 968 3764 legendum
998 3679 1316 3753 senatusconsultum,

122 3778 231 3848 ,qnam
249 3767 356 3827 callide
374 3780 481 3826 auctor
500 3766 581 3839 eius,
606 3786 667 3866 per
678 3768 834 3846 speciem·
843 3781 997 3827 sumtuum
1024 3779 1054 3826 et
1071 3764 1213 3848 urgentis
1230 3764 1306 3838 sesti,

41 3920 44 3925 .
140 3851 260 3912 sublato
279 3853 416 3935 legitimo
434 3864 589 3932 tempore,
612 3852 677 3931 ipse
700 3853 870 3933 scripserit,
895 3852 1040 3933 perendie
1064 3852 1149 3933 leges
1167 3851 1305 3910 ferendas

64 3966 71 3981 ι
140 3937 226 3998 esse?
261 3938 349 4011 Non,
367 3944 416 3999 me
436 3938 503 3997 dius
519 3938 627 4012 fidius,
646 3948 727 4012 non,
746 3939 887 4018 inquam,
904 3944 940 3997 rit
957 3937 1072 4018 aliquid
1090 3937 1123 3996 in
1141 3938 1222 3996 lesto
1241 3936 1306 4018 pul-

141 4021 289 4083 cherrime
308 4023 549 4083 administretur
555 4022 670 4107 (neque
689 4024 770 4083 enim
787 4024 947 4102 reliquum
957 4036 1010 4083 aut
1026 4023 1227 4104 praeteritum
1245 4035 1308 4081 erat

138 4107 333 4199 quicquam)·
357 4110 411 4170 sed
419 4123 479 4210 ut,
497 4110 619 4169 nemine
637 4109 795 4168 hominum
815 4109 1038 4190 praesentiente
1057 4121 1110 4171 ant
1126 4109 1307 4190 refragante,

50 4234 53 4239 ,
139 4190 299 4254 serretur
295 4207 326 4254 et
348 4195 516 4256 sanciretur
539 4196 603 4256 istis
630 4217 664 4254 ea
689 4195 754 4267 lex,
779 4217 838 4274 qua
857 4196 894 4256 de
912 4214 995 4256 nunc
1013 4195 1121 4277 agitur.
1166 4194 1201 4253 ld
1226 4194 1309 4274 quod

140 4279 225 4340 hinc
217 4279 424 4385 perspicitur.
445 4281 625 4342 sedentibus
644 4280 917 4362 legumlatoribus,
928 4282 969 4342 de
985 4281 1052 4354 bis,
1070 4301 1149 4360 quae
1167 4281 1212 4340 de
1227 4298 1306 4339 suna
