2722 4754
231 132 555 273 ιιιιιιιιιιεΑ
580 134 1032 291 ιιιιιιιιειιιιιι.
1153 127 1239 264 ιιι,
1268 180 1281 269 ᾗ
1337 131 1339 136 ,

41 330 133 430 nini,
150 350 208 389 usu
226 328 347 390 venisse
365 330 424 390 iam
442 330 632 411 quibusdam,
650 343 686 392 ut
702 332 823 392 multas
829 290 1002 413 acciperent
1019 331 1143 395 iniurias
1161 353 1216 434 pe·
1280 348 1300 405 's

41 413 191 480 uniariis
211 415 337 475 damnis
347 416 507 498 grauiores.
525 417 602 476 Nam
621 430 652 477 et
669 417 812 477 fortuitae
829 418 935 477 caedes
953 418 1042 493 fiunt,
1060 432 1091 479 et
1104 441 1138 480 ca
1150 420 1216 480 vio-
1307 413 1309 417 ’

41 513 166 574 antur,
193 521 270 580 quae
295 500 419 560 minime
445 502 664 576 conveniebat,
690 514 721 562 et
744 503 900 584 complura
925 504 990 564 eius
1015 506 1135 586 genqris
1160 505 1218 565 alia

45 586 288 672 ammittuntur.
324 585 385 645 Sed
408 599 509 646 tamen
532 587 645 655 horum
669 587 804 647 omnium
827 589 975 648 terminus
998 602 1029 648 ct
1051 591 1231 652 satisfactio¹

41 685 157 735 tatuta
178 685 224 731 est
240 671 328 730 laesis
347 671 438 744 haec,
464 685 500 734 ut
517 683 549 733 re
568 684 716 731 transacta
735 686 767 732 et
783 674 950 772 composita
969 674 1141 753 quiescant:
1154 676 1216 736 id·
1248 737 1258 742 ,
1302 665 1306 674 ’

41 779 103 842 [ιιι
124 758 172 816 ius
191 768 309 816 tantum
328 755 361 815 in
380 757 521 816 omnibus
540 757 746 831 valetqut,'s1
765 757 832 837 quis
850 758 993 817 fortuitae
1010 761 1112 820 caedis
1128 782 1217 821 reum

41 842 203 926 ›eregerit
222 854 253 918 et
270 841 367 921 palam
386 843 592 920 ostenderit,
602 839 736 922 aliquem
759 863 831 904 non
842 864 906 903 esse
924 865 1052 923 purum,
1083 860 1153 925 post
1170 860 1217 907 ta-
1319 856 1321 863 ’

41 949 114 990 nen
132 929 267 1013 placatus
288 927 429 986 e1fucrit
457 928 652 1008 missumque
661 927 786 1028 fecerit,
813 927 948 987 eiusdem
967 927 1109 988 eiiciendi
1127 945 1216 1012 pote·
1288 919 1292 926 ¹

41 1026 152 1074 tatem
172 1033 236 1072 non
261 1011 378 1071 habeat
413 1013 540 1072 Nam
515 1035 557 1087 si,
580 1014 656 1095 ipse
663 1013 830 1088 sauciatus,
857 1025 926 1073 ante
945 1014 1063 1074 obitum
1081 1016 1215 1076 vulneris
1253 1032 1258 1046 “
1309 1040 1311 1045 ’

41 1112 207 1162 ιιιιιοιιιιι
220 1097 344 1161 missum
362 1097 479 1171 iecerit,
497 1098 575 1158 nulii
590 1111 778 1159 caeterorum
794 1112 996 1199 cognatorum
1009 1101 1108 1160 caedis
1126 1119 1216 1192 agere
1298 1150 1301 1158 f

41 1185 227 1268 permissum
246 1194 306 1241 est:
325 1184 379 1241 scd
398 1204 475 1261 quos
496 1183 564 1242 elici
582 1197 613 1243 et
632 1184 781 1262 exsulare,
801 1197 846 1256 et,
865 1184 891 1244 si
909 1183 1144 1271 convincantur,
1164 1206 1217 1246 oc·
1224 1241 1242 1253 ,,

41 1255 104 1332 {iti
130 1270 214 1350 leges
240 1267 363 1345 iubent,
391 1287 443 1326 eos
471 1269 565 1328 semel
592 1269 731 1328 dimissos
758 1268 899 1328 omnibus
923 1264 1066 1349 periculis
1088 1270 1232 1343 verbum,
1283 1276 1285 1283 ’

41 1348 105 1416 hoc
127 1354 244 1414 liberat
278 1354 326 1412 De
349 1352 410 1411 vita
433 1352 529 1433 igitur
551 1355 737 1452 summisque
761 1351 852 1412 rebus
872 1375 940 1413 cum
958 1354 1072 1436 agitur,
1098 1368 1216 1415 tantum

41 1439 123 1500 salet
140 1451 266 1516 rataque
284 1451 386 1496 manet
403 1439 579 1497 transactio.
604 1439 636 1496 in'
654 1445 687 1497 re
705 1438 878 1538 pecuniaria}
895 1438 1140 1519 minoribusque
1145 1461 1216 1499 cau-

41 1525 85 1586 sis
102 1545 176 1584 uon
200 1522 332 1581 valebit?
359 1523 565 1601 Nequaquam.
599 1523 707 1623 Neque
727 1522 826 1597 enim,
852 1524 879 1583 si
893 1538 954 1612 ego
974 1544 1076 1591 meum
1094 1547 1111 1585 a
1128 1523 1215 1597 vobis
1243 1554 1245 1561 v

41 1612 91 1670 ius
118 1631 181 1668 non
207 1628 394 1687 eonscquar,
420 1608 451 1667 id
477 1609 535 1678 erit
560 1607 784 1689 gravissimum:
810 1603 897 1671 illud
904 1631 994 1690 grave
1013 1610 1088 1684 erit,
1116 1610 1142 1669 si
1159 1623 1215 1669 Nes
1282 1627 1294 1642 ⁸

43 1695 140 1768 iusta,
148 1698 274 1754 servata
293 1692 332 1752 ob
352 1692 436 1751 omni
454 1712 545 1766 aevo,
563 1706 667 1781 nostra
685 1707 784 1754 aetate
802 1685 1025 1776 abrogabitur.¹

50 2044 355 2129 EXCEPTIO
390 1973 711 2120 ADVERSUS
744 1990 1217 2121 NAUSIMACHUM
1240 2060 1301 2148 116

136 2150 172 2176 ’“
352 2168 428 2245 ET
463 2166 931 2250 XENOPITHEM

488 2423 490 2425 ,
989 2379 997 2424 Ι

412 2483 844 2545 'ARGUMENTUM

48 2591 273 2680 Nausimachus
292 2633 322 2680 et
333 2595 526 2702 Xenopithes
544 2622 600 2681 sub
619 2621 714 2708 tutela
731 2619 857 2679 suerunt
873 2617 1109 2693 Aristaechmi,
1113 2631 1215 2698 atque,
1232 2610 1235 2615 ’
1272 2670 1276 2675 ,

48 2705 181 2793 inscripti
200 2705 233 2764 in
252 2705 400 2764 album'
371 2727 523 2792 virorum,
541 2708 654 2767 tutelae
674 2704 743 2766 cum
762 2724 798 2763 eo
819 2717 956 2784 egerunt.
979 2705 1099 2777 Deinde
1115 2715 1216 2764 trans

50 2803 190 2872 egerunt,
215 2773 314 2850 tribus
333 2776 460 2851 talentis
473 2792 621 2872 acceptis,
648 2810 780 2871 eumque
797 2788 934 2868 periculo
953 2789 1127 2876 liberarunt
1169 2789 1216 2858 Ac

48 2876 71 2934 is
90 2875 214 2954 quidem
233 2875 327 2947 obiit,
347 2889 504 2956 quatuor
495 2877 601 2947 liberis
616 2877 741 2950 relictis,
759 2894 835 2954 quos
854 2875 950 2941 multo
968 2887 1040 2955 post
1057 2859 1216 2932 Nausima-

50 2959 118 3019 chus
138 2972 171 3019 et
183 2959 382 3038 Xenopithcs
401 2962 462 3021 dati
481 2962 583 3021 damni
601 2974 752 3034 accusant,
772 2974 802 3020 et
818 2960 979 3038 pecuniam
997 2961 1035 3020 de
1052 2959 1148 3028 tutela
1165 2979 1214 3017 re·
1311 3035 1313 3040 A

49 3057 184 3125 poscunt
216 3045 259 3103 Hi
274 3064 347 3105 vero
366 3045 481 3133 actioni
499 3048 630 3106 dandum
649 3064 715 3107 esse
721 3047 836 3128 locum
852 3058 975 3126 negant,
993 3044 1121 3104 adducta
1137 3043 1217 3126 lege,
1249 3101 1252 3106 .

50 3150 122 3209 qnae
142 3129 291 3190 derebus
309 3130 382 3190 actis
401 3145 431 3191 et
449 3132 605 3192 transactis
625 3132 727 3192 denuo
745 3129 850 3194 venire
869 3130 901 3191 in
919 3130 1066 3192 iudicium
1083 3141 1172 3190 vetat

50 3436 139 3548 Quia
158 3467 242 3556 leges
260 3481 443 3548 potestatem
461 3464 687 3551 praescribendi
705 3464 866 3541 dederunt,
884 3411 1143 3543 ΑιΙΙιιΙιιιιι,”
1122 3492 1159 3529 us
1178 3469 1217 3529 de

42 3555 153 3625 rebus,
171 3573 265 3632 quae,
283 3576 352 3614 cum
370 3567 452 3614 actae
470 3567 698 3634 transactasque
717 3552 793 3626 sint,
811 3554 843 3613 in
860 3554 1008 3614 iudicium
1025 3567 1217 3652 revocantur,

48 3652 78 3708 et
92 3651 225 3738 utraque
244 3638 318 3698 haec
343 3636 421 3719 patri
445 3661 515 3699 meo
540 3661 609 3698 cum
626 3638 830 3700 Nausimacho
849 3651 880 3698 et
896 3640 1089 3740 Xenopithe,
1114 3660 1130 3697 a
1143 3638 1219 3717 qui·
1224 3633 1228 3642 ’

48 3721 130 3784 bus
120 3746 153 3782 m
172 3723 221 3781 ius
239 3725 483 3798 vocatisumus,
501 3724 755 3785 intercesserunt:
782 3725 1052 3804 praescriptionem
1071 3722 1220 3804 opposui-

47 3829 130 3880 mus,
155 3821 193 3868 ut
211 3810 304 3867 modo
323 3809 464 3883 audistis,
492 3811 528 3869 de
546 3830 610 3871 non
626 3810 726 3869 danda
745 3809 787 3868 eis
805 3808 933 3869 actione.
969 3809 1097 3892 Rogabo
1116 3819 1218 3868 autem

49 3905 77 3951 et
92 3914 191 3972 aequa
211 3905 242 3950 et
259 3893 378 3953 modica
393 3914 450 3954 Nos
469 3914 591 3953 omnes:
617 3895 767 3974 primum,
792 3906 828 3953 ut
846 3915 893 3953 me
913 3895 1065 3955 dicentem
1082 3893 1219 3974 benigne
1274 3967 1280 3979 x

47 3979 189 4038 audiatis:
209 3977 335 4051 deinde,
354 3979 380 4037 si
398 3979 507 4042 iniuria
525 3977 601 4038 mihi
619 3980 686 4039 fieri
702 3974 871 4053 uidebitur,
890 3979 915 4039 si
934 3974 1067 4040 criminis
1086 3977 1163 4039 nihil
1181 3977 1220 4038 ad

46 4083 90 4122 mc
108 4063 271 4124 attinentis
292 4083 358 4122 esse
374 4083 456 4137 reus,
473 4066 520 4125 uti
537 4086 597 4137 me,
613 4065 694 4124 sicut
711 4086 842 4165 aequum
861 4077 916 4138 est,
935 4065 1090 4126 adiuvetis
1118 4064 1233 4138 Quam*
1268 4116 1271 4121 .

46 4168 95 4208 vos
116 4147 232 4209 iudicii
256 4149 503 4210 aestimationem
521 4150 662 4239 audistis,
686 4150 812 4232 triginta
836 4149 935 4211 minae
959 4162 1044 4211 sunt.
1070 4148 1220 4250 pecuniae

45 4247 155 4308 autem,
176 4233 264 4293 cuius
282 4255 466 4308 accusamur,
484 4234 597 4296 talenta
615 4248 754 4315 quatuor.
779 4228 857 4295 Cum
876 4236 959 4296 cuim
976 4237 1038 4296 duo
1056 4236 1127 4308 siut,
1146 4250 1229 4314 qun-1

43 4329 125 4383 terna
145 4319 242 4380 nobis
260 4318 371 4381 iudicia
390 4320 542 4381 dictarunt
561 4321 697 4382 eiusdem
714 4321 863 4403 pecuniae
880 4322 1042 4394 universa,
1071 4315 1219 4411 termille
