2722 4754
40 163 241 252 -.ιιι
331 143 364 238 ².
428 147 1025 289 ιιιιιιιιειιιιιιιιοιιιιιο
1085 219 1185 243 x.

143 347 218 408 haec
236 340 332 426 prima
350 319 670 424 definitio·qo1festo
689 318 890 422 delinquunt,
900 340 1058 424 publicum
1071 344 1187 405 crimen
1206 342 1321 404 admit-

49 445 56 450 “
118 443 221 492 ·tuut
240 430 346 490 Altera
362 426 516 490 definitio:
509 426 705 511 praesertim
722 449 748 490 st
739 427 873 488 aediles
888 427 1058 508 laeduntur.
1075 430 1197 491 Tertia:
1216 429 1321 489 omnis

71 539 72 544 ¹
121 539 123 543 ’
144 511 329 591 contumelia
348 525 395 574 est
412 513 536 575 crimen·
549 514 714 616 publicum.
756 513 880 593 Decipit
891 528 996 585 autem
1014 513 1064 573 hic
1081 536 1137 595 per
1162 515 1321 600 homony-

130 603 234 664 'miam
253 598 407 661 vocabuli
402 592 463 682 ῧβι
466 611 502 670 ις.
532 600 595 661 sive
613 600 695 661 enim
710 596 863 704 flagitium
883 599 1106 681 committatur,
1125 601 1188 660 sive
1207 596 1321 681 aliquis

40 678 58 730 i·
142 685 297 788 verbis,
272 705 335 745 sive
348 623 539 746 verbciihus
546 674 746 757 laedatur,‘'“
710 705 796 757 υρριςι
806 683 867 743 dici
883 696 993 764 potest
1034 685 1195 746 Publicum
1214 698 1321 747 autem

143 772 259 833 crimen
276 771 505 842 arbitrabantur
511 770 675 854 flagitium-2
693 767 890 854 homonymia
901 769 1005 852 igitur,
1022 784 1058 831 ut
1069 770 1140 845 dix'n
1159 772 1321 872 decipien-¹

143 857 175 918 di
189 878 277 917 cansa
296 868 343 917 est
359 879 441 917 usus
459 857 575 932 Quarta
591 856 709 916 finitio:
728 855 781 935 qui
795 875 915 936 semper
932 856 1036 915 studet
1048 855 1195 916 insultare
1216 857 1319 917 omni-

142 939 237 1026 hus,
227 964 261 1003 ιιι
277 925 495 1025 rempublicam
513 954 626 1042 peccat
643 942 720 1001 Nam
738 962 764 1001 st
755 940 953 1022 respublica
970 961 1007 1000 er
1025 942 1167 1002 omnihus
1186 955 1320 1016 ιοιιιιιι,

142 1048 216 1112 ergo
235 1027 392 1109 publicum
410 1026 469 1087 hoc
483 1028 599 1088 crimen
612 1039 665 1086 est
683 1025 776 1085 Ponit
788 1039 891 1086 autem
909 1027 1034 1110 sparsim
1049 1027 1081 1086 in
1098 1027 1251 1089 exordio
1242 1050 1317 1108 qua-

140 1127 215 1174 tuor
231 1113 321 1174 hasce
338 1113 510 1187 finitiones,
524 1133 541 1172 e
560 1112 698 1194 quibus'
689 1133 722 1183 ιιι
740 1111 972 1172 confirmatione
990 1125 1062 1173 sunt
1079 1125 1149 1173 tres.
1168 1113 1317 1188 Quartam

133 1200 175 1277 io
193 1199 411 1282 digressione
401 1199 527 1273 roserit,
545 1198 629 1259 hono
648 1196 794 1258 consilio:
822 1219 916 1278 quum
935 1197 1016 1257 enim
1034 1190 1133 1271 dicat,
1151 1218 1260 1259 omnes
1278 1198 1316 1259 ah

142 1306 180 1345 eo
198 1285 278 1345 laedi
295 1307 330 1344 ac
347 1284 419 1346 ideo
439 1284 657 1366 rempublicam
675 1282 798 1357 violari,
824 1281 1020 1364 digreditur
1011 1305 1043 1341 ιιι
1061 1283 1230 1366 superioris
1249 1286 1315 1345 eius

140 1371 220 1432 vitae
238 1371 568 1432 commemorationem.
599 1369 701 1430 Habet
719 1368 817 1430 oratio
835 1367 910 1428 haec
928 1369 990 1429 duo
1010 1370 1140 1430 exordia.
1167 1368 1268 1434 Prius
1279 1391 1315 1431 ex

50 1451 54 1455 ’
108 1480 111 1490 ·
140 1456 303 1516 adversarii
322 1456 471 1517 calumnia
490 1470 576 1518 etex
600 1442 894 1516 commendatione
883 1475 954 1521 suae
973 1475 1140 1534 personae,
1167 1467 1278 1554 atque
1280 1476 1315 1516 er

140 1540 331 1614 attentione.-
360 1542 416 1602 Est
433 1555 533 1603 autem
553 1540 731 1625 propositio
756 1539 917 1620 bipartita,
946 1560 980 1598 ac
1019 1561 1084 1599 ιιοι
1101 1532 1227 1620 quid'em
1246 1563 1313 1622 pars

64 1629 69 1636 '
99 1680 102 1686 .
139 1627 371 1688 confirmatione
389 1640 486 1688 caret
520 1626 676 1688 Posterius
703 1631 804 1714 antero
830 1637 861 1684 et
878 1625 978 1705 ipsum
997 1540 1198 1709 bipartitum,
1226 1638 1261 1686 et'
1277 1647 1314 1686 eo

138 1723 314 1794 utrumque
324 1699 490 1773 coufirmat
515 1713 635 1772 Deinde
653 1710 746 1771 infert
763 1702 1030 1785 conclusionem,
1020 1733 1052 1770 ιιι
1072 1733 1130 1798 qua
1150 1725 1196 1772 est
1215 1724 1316 1773 atten-

29 1790 32 1800 '
119 1797 218 1857 vtio.-
237 1771 352 1886 Finilio
370 1819 433 1880 per
445 1797 761 1879 comprehensionem
768 1795 880 1856 dicitur
897 1809 998 1856 autem
1016 1796 1077 1870 sic',
1095 1794 1241 1884 quando,
1257 1819 1313 1857 reo

117 1933 120 1937 ι
139 1901 254 1942 nomen
273 1879 407 1945 criminis
426 1883 509 1943 aliud
526 1894 678 1984 ponente,
705 1894 790 1942 actor
806 1902 876 1941 eum
894 1893 927 1943 et
944 1882 1004 1941 hoc
1023 1895 1053 1941 et
1071 1878 1167 1943 altero
1186 1883 1315 1942 nornine

36 2004 47 2038 ,-
86 1985 89 1989 ·
139 1968 239 2028 teneri
257 1968 391 2038 affirmat
422 1968 570 2049 Duplex'
561 1969 665 2051 agitur
673 1981 728 2042 est,
747 1988 842 2047 quum
861 1966 922 2040 duo
941 1967 1067 2027 crimina
1085 1967 1355 2048 complectatur

140 2053 279 2135 Exempli
297 2054 399 2136 gratia.
417 2056 496 2128 Dux,
516 2076 569 2133 qut
560 2053 715 2135 puellae,
733 2053 952 2135 alegatosuae
970 2054 1126 2113 mandatae
1145 2053 1228 2126 fidei,
1246 2066 1315 2114 stu

98 2213 101 2215 ,
139 2160 228 2218 prum
246 2139 406 2213 intulerat,
432 2135 559 2219 publici
559 2137 699 2200 criminis
717 2150 873 2198 accusatus
891 2139 1075 2217 respondet,
1094 2159 1126 2200 se
1145 2159 1208 2198 non
1227 2159 1314 2198 com-

41 2217 52 2287 s
76 2219 82 2227 ’
126 2224 256 2283 *misisse
284 2223 316 2283 in
334 2224 571 2325 rempublicam,
592 2224 653 2284 sed
680 2223 741 2283 vim
769 2224 888 2304 puellae
905 2223 1028 2285 fecisse:
1061 2223 1182 2305 legatus
1210 2236 1315 2288 autem

98 2390 101 2396 Ι
137 2320 304 2430 utrumqne
322 2309 442 2369 crimen*
455 2309 543 2371 in-eo
562 2310 686 2369 haerere
706 2308 886 2369 contendit*
919 2345 924 2349 -
1217 2354 1239 2385 ι,
1334 2369 1355 2395 ,

54 2571 115 2628 ³27
139 2530 220 2641 Qua
238 2531 415 2641 petulantia,
434 2561 563 2632 ludices,
582 2558 613 2620 et
629 2560 814 2622 contumelia
832 2583 953 2644 semper
965 2563 996 2622 in
1012 2515 1117 2623 omlnes
1135 2573 1245 2623 utatur
1254 2562 1314 2621 lla

109 2699 116 2703 .
138 2645 237 2719 dias,
247 2647 402 2707 neminem
419 2667 521 2726 neque
539 2656 687 2721 restrum,
712 2667 813 2725 neque
830 2647 1065 2728 reliquorum
1039 2647 1148 2707 crvium
1169 2647 1312 2730 ignorare

29 2728 31 2736 ’
137 2732 275 2794 arbitror.
307 2733 373 2814 Ego
392 2751 475 2804 vero,
495 2731 578 2813 quod
596 2730 807 2810 unusquisqne
826 2746 959 2793 vestrum
977 2733 1105 2792 aflectus
1124 2731 1314 2792 contumelia

49 2862 51 2868 ι
137 2816 313 2883 faciundum
339 2816 397 2876 sibi
423 2816 608 2891 censuisset,
627 2815 665 2875 id
685 2827 715 2874 et
732 2816 797 2897 ipse
814 2817 891 2891 feci,
916 2839 950 2877 ac
974 2817 1095 2898 publice
1122 2830 1311 2896 conquestus

76 2975 80 2979 .
137 2923 215 2974 sum,
233 2900 325 2963 istum
343 2886 457 2966 violare
475 2901 608 2974 festum,
615 2921 679 2965 nou
697 2902 789 2961 modo
800 2903 938 2984 acceptis
953 2903 990 2962 'ab
1007 2924 1044 2963 eo
1058 2902 1155 2984 plagis
1172 2901 1309 2962 Baccha-

137 2986 275 3059 nulibus,
300 2987 355 3059 scd
373 2999 405 3046 et
421 2983 480 3046 alia
497 2983 591 3074 multa
610 3005 721 3074 eaque
719 2985 864 3074 violenta
890 3008 1051 3082 perpessus
1071 3001 1144 3047 toto
1168 3000 1311 3066 tempore

116 3069 327 3151 ‘aedilitatis
320 3066 520 3151 Postquam
514 3092 587 3132 vero
595 3063 737 3152 populns
754 3070 924 3146 universus,
942 3087 979 3162 nt
995 3094 1124 3153 aequum
1144 3071 1311 3147 othonum

137 3142 368 3238 postulabat,
344 3179 386 3217 s1c
404 3156 566 3217 excanduit
577 3168 615 3221 ιι
632 3154 801 3217 concitatus
818 3157 895 3232 fnit,
895 3152 1074 3247 tantaeque
1092 3179 1182 3218 curae
1202 3156 1314 3217 hahuit

30 3295 38 3304 ,
73 3262 85 3268 ··
138 3263 204 3301 eam
221 3241 380 3326 iniuriam,
400 3263 459 3322 qua
476 3263 525 3302 me
542 3239 657 3302 sciebat
674 3241 816 3302 affectum
835 3263 917 3317 esse,
935 3257 979 3317 nt,
998 3245 1133 3325 quamvis
1151 3242 1210 3303 iste
1230 3241 1310 3302 nihil

35 3360 52 3402 ᾳ
94 3394 96 3398 Α
136 3347 201 3403 nou
219 3317 348 3427 faceret,
371 3339 406 3387 et
423 3327 473 3387 alii
491 3328 614 3407 quidam
624 3347 687 3407 pro
707 3346 744 3386 eo
768 3329 966 3407 vehementer
989 3329 1178 3401 laborarent,
1195 3321 1308 3387 taineu

136 3432 212 3472 non·
218 3412 368 3493 paruerit,
403 3433 503 3492 neque
530 3409 658 3472 istorum
686 3433 759 3492 opes
785 3425 838 3473 aut
862 3415 1098 3496 pollicitationes
1132 3411 1312 3492 respexerit,

135 3497 204 3557 sed
209 3497 470 3560 consentientibus
497 3497 648 3580 suffragiis
678 3518 753 3569 eum
775 3499 999 3561 condemnarit:
1026 3499 1115 3558 multi
1133 3498 1182 3557 ad
1189 3517 1240 3555 me
1260 3518 1308 3556 ac-

20 3615 24 3622 ·
51 3591 53 3599 ⁴
118 3584 265 3655 cessere,
283 3582 410 3659 ludices,
428 3594 493 3643 tum
511 3595 656 3654 vestrum,
673 3581 728 3662 qui
745 3575 876 3644 nuncin
894 3585 1009 3645 iudicio
1028 3581 1157 3655 adestis,
1174 3596 1242 3643 tum
1259 3588 1341 3641 re-⁴

65 3731 68 3736 A
132 3661 335 3746 liquorum
309 3668 435 3768 civium,
462 3691 521 3748 qur
506 3668 695 3728 suaderent
713 3681 744 3728 et
762 3669 988 3743 hortarentur,
997 3684 1032 3730 ut
1050 3669 1097 3728 ius
1115 3688 1220 3727 meum
1237 3666 1310 3747 per-r

97 3771 282 3831 „sequerer
297 3764 388 3833 atque
405 3753 498 3814 istum
516 3754 553 3813 ad
567 3774 621 3812 vos
640 3749 835 3813 adducerem·
853 3775 919 3816 mea
937 3755 1060 3836 quidem
1078 3753 1219 3834 prolecto
1237 3771 1339 3835 sen-1

33 3843 39 3851 ’
80 3891 85 3902 ,
134 3837 230 3899 tentia
253 3838 295 3898 ob
312 3851 444 3938 utraque
470 3837 569 3911 haec,
586 3837 809 3912 Athenienses,
834 3842 917 3920 qnod
936 3853 967 3900 et
984 3861 1032 3900 me
1051 3838 1207 3921 insignem
1222 3858 1309 3898 acce-

23 3935 27 3938 ’
125 3922 218 4012 >pisse
236 3923 379 3984 iniuriam
395 3922 562 4011 putabant,
589 3936 620 3983 et
637 3923 727 3985 simul
746 3922 811 3984 de
802 3938 861 3985 asto
880 3947 993 4006 poenas
1012 3944 1138 4024 sumere
1151 3922 1308 4004 optabant,

102 4014 108 4092 ᾗ
127 4009 225 4088 ¹(lutam
244 4009 316 4074 alias
336 4009 426 4069 etiam
444 4004 584 4091 (quaest
601 4008 722 4069 audacia
742 4023 772 4070 ct
789 4010 911 4084 furore,
929 4031 985 4071 nec
1004 4008 1139 4072 coe'rceri
1157 4008 1219 4068 iam
1235 4019 1309 4088 pot-

52 4112 56 4124 *
87 4088 94 4101 '
134 4091 196 4176 est)
213 4093 343 4175 plurima
367 4093 540 4175 petulanter
565 4094 737 4154 admisisse
731 4107 939 4194 cognossent
982 4097 1068 4172 Quae
1080 4116 1157 4155 cum
1173 4093 1218 4154 ita
1235 4092 1308 4166 sint,

25 4235 39 4259 ,Ι
133 4199 213 4263 quae
232 4200 246 4238 a
265 4201 314 4240 me
333 4178 487 4240 observari
512 4178 732 4252 conveniebat,
761 4199 795 4239 ea
813 4179 892 4240 ius'te
907 4180 1002 4242 vohis
1020 4180 1128 4243 omnia
1153 4189 1309 4240 reservata

132 4275 219 4336 sunt,
234 4277 266 4324 et
282 4266 319 4325 ad
338 4264 591 4336 accusandum,
559 4286 592 4323 sa
612 4263 679 4344 quis
696 4263 847 4353 actionem
867 4266 1001 4340 dederit,
1024 4268 1149 4340 adsum,
1166 4277 1203 4325 ut
1219 4262 1355 4326 vide.

84 4428 90 4437 l
133 4347 188 4406 tis·
203 4370 282 4409 eum
300 4350 457 4452 quidem,
468 4348 691 4449 Athenienses,
717 4361 748 4410 et
765 4343 903 4457 maguam
921 4351 1097 4432 pecuniam,
1122 4370 1163 4410 ue
1181 4370 1308 4456 accusa-
1349 4402 1355 4414 .,
