<?xml version="1.0" encoding="UTF-8"?>
<!DOCTYPE html PUBLIC "-//W3C//DTD XHTML 1.0 Transitional//EN"
    "http://www.w3.org/TR/xhtml1/DTD/xhtml1-transitional.dtd">
<html xmlns="http://www.w3.org/1999/xhtml" xml:lang="en" lang="en">
 <head>
  <title>
</title>
<meta http-equiv="Content-Type" content="text/html;charset=utf-8" />
  <meta name='ocr-system' content='tesseract 3.04.00' />
  <meta name='ocr-capabilities' content='ocr_page ocr_carea ocr_par ocr_line ocrx_word'/>
</head>
<body>
  <div class='ocr_page' id='page_1' title='image "./demosthenisquae04schgoog_0066.png"; bbox 0 0 2722 4754; ppageno 0'>
   <div class='ocr_carea' id='block_1_1' title="bbox 521 76 529 108">
    <p class='ocr_par' dir='ltr' id='par_1_1' title="bbox 521 76 529 108">
     <span class='ocr_line' id='line_1_1' title="bbox 521 76 529 108; baseline 0 0"><span class='ocrx_word' id='word_1_1' title='bbox 521 76 529 108; x_wconf 92' lang='grc' dir='ltr'><em>Ι</em></span> 
     </span>
    </p>
   </div>
   <div class='ocr_carea' id='block_1_2' title="bbox 403 173 1317 320">
    <p class='ocr_par' dir='ltr' id='par_1_2' title="bbox 403 173 1317 320">
     <span class='ocr_line' id='line_1_2' title="bbox 403 173 1317 320; baseline 0.004 -39"><span class='ocrx_word' id='word_1_2' title='bbox 403 216 759 283; x_wconf 44' lang='lat' dir='ltr'><strong>1N&lt;PH1L1PPUM</strong></span> <span class='ocrx_word' id='word_1_3' title='bbox 795 188 876 282; x_wconf 71' lang='lat'><strong>111&#39;.¹</strong></span> <span class='ocrx_word' id='word_1_4' title='bbox 1152 233 1211 320; x_wconf 26' lang='lat' dir='ltr'><strong>&#39;sa</strong></span> <span class='ocrx_word' id='word_1_5' title='bbox 1314 173 1317 181; x_wconf 16' lang='lat' dir='ltr'><strong>i</strong></span> 
     </span>
    </p>
   </div>
   <div class='ocr_carea' id='block_1_3' title="bbox 21 368 1319 4428">
    <p class='ocr_par' dir='ltr' id='par_1_3' title="bbox 72 368 1243 631">
     <span class='ocr_line' id='line_1_3' title="bbox 72 368 1212 462; baseline 0 -22"><span class='ocrx_word' id='word_1_6' title='bbox 72 387 153 462; x_wconf 82' lang='lat' dir='ltr'><strong>Neque</strong></span> <span class='ocrx_word' id='word_1_7' title='bbox 169 368 239 436; x_wconf 77' lang='lat' dir='ltr'><strong>vero</strong></span> <span class='ocrx_word' id='word_1_8' title='bbox 259 377 334 438; x_wconf 86' lang='lat' dir='ltr'><strong>haec</strong></span> <span class='ocrx_word' id='word_1_9' title='bbox 353 377 473 450; x_wconf 89' lang='lat' dir='ltr'><strong>scribit,</strong></span> <span class='ocrx_word' id='word_1_10' title='bbox 491 375 594 456; x_wconf 82' lang='lat' dir='ltr'><strong>reipsa&#39;</strong></span> <span class='ocrx_word' id='word_1_11' title='bbox 608 397 670 435; x_wconf 92' lang='lat' dir='ltr'><strong>non</strong></span> <span class='ocrx_word' id='word_1_12' title='bbox 690 378 880 456; x_wconf 76' lang='lat' dir='ltr'><strong>exsequitur:</strong></span> <span class='ocrx_word' id='word_1_13' title='bbox 905 378 958 438; x_wconf 88' lang='lat' dir='ltr'><strong>sed</strong></span> <span class='ocrx_word' id='word_1_14' title='bbox 977 378 1212 461; x_wconf 79' lang='lat' dir='ltr'><strong>Hellespontum</strong></span> 
     </span>
     <span class='ocr_line' id='line_1_4' title="bbox 73 460 1243 544; baseline -0.007 -12"><span class='ocrx_word' id='word_1_15' title='bbox 73 464 167 535; x_wconf 71' lang='lat' dir='ltr'><strong>invadit,</strong></span> <span class='ocrx_word' id='word_1_16' title='bbox 186 475 216 522; x_wconf 88' lang='lat' dir='ltr'><strong>ct</strong></span> <span class='ocrx_word' id='word_1_17' title='bbox 232 462 353 544; x_wconf 83' lang='lat' dir='ltr'><strong>pridem</strong></span> <span class='ocrx_word' id='word_1_18' title='bbox 364 461 557 523; x_wconf 84' lang='lat' dir='ltr'>Ambraciam</span> <span class='ocrx_word' id='word_1_19' title='bbox 575 460 732 544; x_wconf 85' lang='lat' dir='ltr'><strong>aggressus</strong></span> <span class='ocrx_word' id='word_1_20' title='bbox 751 463 823 522; x_wconf 87' lang='lat' dir='ltr'><strong>fuit:</strong></span> <span class='ocrx_word' id='word_1_21' title='bbox 842 463 960 536; x_wconf 79' lang='lat' dir='ltr'><strong>Elidem</strong></span> <span class='ocrx_word' id='word_1_22' title='bbox 976 464 1080 538; x_wconf 81' lang='lat' dir='ltr'><strong>hahet,</strong></span> <span class='ocrx_word' id='word_1_23' title='bbox 1098 460 1212 526; x_wconf 73' lang='lat' dir='ltr'><strong>tacitam</strong></span> <span class='ocrx_word' id='word_1_24' title='bbox 1236 507 1243 518; x_wconf 60' lang='lat'><em>„</em></span> 
     </span>
     <span class='ocr_line' id='line_1_5' title="bbox 75 546 1213 631; baseline -0.007 -14"><span class='ocrx_word' id='word_1_25' title='bbox 75 551 249 631; x_wconf 83' lang='lat' dir='ltr'><strong>Peloponnesi</strong></span> <span class='ocrx_word' id='word_1_26' title='bbox 267 549 392 608; x_wconf 80' lang='lat' dir='ltr'><strong>urbem:</strong></span> <span class='ocrx_word' id='word_1_27' title='bbox 428 546 556 629; x_wconf 81' lang='lat' dir='ltr'><strong>Megaris</strong></span> <span class='ocrx_word' id='word_1_28' title='bbox 575 567 674 628; x_wconf 88' lang='lat' dir='ltr'><strong>nuper</strong></span> <span class='ocrx_word' id='word_1_29' title='bbox 693 546 850 607; x_wconf 84' lang='lat' dir='ltr'><strong>insidiatus</strong></span> <span class='ocrx_word' id='word_1_30' title='bbox 870 559 930 622; x_wconf 84' lang='lat' dir='ltr'><strong>est,</strong></span> <span class='ocrx_word' id='word_1_31' title='bbox 966 572 1067 630; x_wconf 90' lang='lat' dir='ltr'><strong>neque</strong></span> <span class='ocrx_word' id='word_1_32' title='bbox 1086 550 1213 611; x_wconf 84' lang='lat' dir='ltr'><strong>Graecia</strong></span> 
     </span>
    </p>

    <p class='ocr_par' dir='ltr' id='par_1_4' title="bbox 54 632 1213 800">
     <span class='ocr_line' id='line_1_6' title="bbox 54 632 1211 718; baseline 0.001 -25"><span class='ocrx_word' id='word_1_33' title='bbox 54 650 58 661; x_wconf 88' lang='grc'><strong>’</strong></span> <span class='ocrx_word' id='word_1_34' title='bbox 77 655 148 718; x_wconf 63' lang='lat' dir='ltr'><strong>neque</strong></span> <span class='ocrx_word' id='word_1_35' title='bbox 162 633 308 692; x_wconf 86' lang='lat' dir='ltr'><strong>Barbaria</strong></span> <span class='ocrx_word' id='word_1_36' title='bbox 322 633 461 699; x_wconf 85' lang='lat' dir='ltr'><strong>hominis·</strong></span> <span class='ocrx_word' id='word_1_37' title='bbox 480 632 631 700; x_wconf 85' lang='lat' dir='ltr'><strong>avaritiam</strong></span> <span class='ocrx_word' id='word_1_38' title='bbox 656 632 741 712; x_wconf 78' lang='lat' dir='ltr'><strong>capit.</strong></span> <span class='ocrx_word' id='word_1_39' title='bbox 761 643 766 648; x_wconf 82' lang='lat'><strong><em>&#39;</em></strong></span> <span class='ocrx_word' id='word_1_40' title='bbox 785 635 871 708; x_wconf 83' lang='lat' dir='ltr'><strong>Quae</strong></span> <span class='ocrx_word' id='word_1_41' title='bbox 891 654 959 692; x_wconf 91' lang='lat' dir='ltr'><strong>cum</strong></span> <span class='ocrx_word' id='word_1_42' title='bbox 977 635 1089 696; x_wconf 88' lang='lat' dir='ltr'><strong>Graeci</strong></span> <span class='ocrx_word' id='word_1_43' title='bbox 1107 657 1211 701; x_wconf 89' lang='lat' dir='ltr'><strong>omnes</strong></span> 
     </span>
     <span class='ocr_line' id='line_1_7' title="bbox 82 716 1213 800; baseline -0.002 -20"><span class='ocrx_word' id='word_1_44' title='bbox 82 718 265 790; x_wconf 66' lang='lat' dir='ltr'><strong>anthemus,</strong></span> <span class='ocrx_word' id='word_1_45' title='bbox 287 730 319 777; x_wconf 90' lang='lat' dir='ltr'><strong>et</strong></span> <span class='ocrx_word' id='word_1_46' title='bbox 336 717 506 778; x_wconf 87' lang='lat' dir='ltr'><strong>videamus:</strong></span> <span class='ocrx_word' id='word_1_47' title='bbox 532 737 595 775; x_wconf 91' lang='lat' dir='ltr'><strong>non</strong></span> <span class='ocrx_word' id='word_1_48' title='bbox 614 716 664 775; x_wconf 91' lang='lat' dir='ltr'><strong>alii</strong></span> <span class='ocrx_word' id='word_1_49' title='bbox 682 718 796 800; x_wconf 85' lang='lat' dir='ltr'><strong>legatos</strong></span> <span class='ocrx_word' id='word_1_50' title='bbox 816 717 962 777; x_wconf 88' lang='lat' dir='ltr'><strong>mittimus</strong></span> <span class='ocrx_word' id='word_1_51' title='bbox 982 721 1019 779; x_wconf 91' lang='lat' dir='ltr'><strong>ad</strong></span> <span class='ocrx_word' id='word_1_52' title='bbox 1039 721 1130 795; x_wconf 90' lang='lat' dir='ltr'><strong>alios,</strong></span> <span class='ocrx_word' id='word_1_53' title='bbox 1149 742 1213 780; x_wconf 93' lang='lat' dir='ltr'><strong>non</strong></span> 
     </span>
    </p>

    <p class='ocr_par' dir='ltr' id='par_1_5' title="bbox 21 803 1212 886">
     <span class='ocr_line' id='line_1_8' title="bbox 21 803 1212 886; baseline 0.003 -24"><span class='ocrx_word' id='word_1_54' title='bbox 21 842 23 865; x_wconf 67' lang='lat'><em>2</em></span> <span class='ocrx_word' id='word_1_55' title='bbox 53 814 56 823; x_wconf 94' lang='grc'><strong>’</strong></span> <span class='ocrx_word' id='word_1_56' title='bbox 84 808 254 886; x_wconf 72' lang='lat' dir='ltr'><strong>indignamur:</strong></span> <span class='ocrx_word' id='word_1_57' title='bbox 281 804 336 862; x_wconf 88' lang='lat' dir='ltr'><strong>sed</strong></span> <span class='ocrx_word' id='word_1_58' title='bbox 355 803 430 862; x_wconf 90' lang='lat' dir='ltr'><strong>adeo</strong></span> <span class='ocrx_word' id='word_1_59' title='bbox 456 824 560 861; x_wconf 85' lang='lat' dir='ltr'><strong>sumus</strong></span> <span class='ocrx_word' id='word_1_60' title='bbox 587 815 720 867; x_wconf 78' lang='lat' dir='ltr'><strong>amentes</strong></span> <span class='ocrx_word' id='word_1_61' title='bbox 748 815 837 882; x_wconf 88' lang='lat' dir='ltr'><strong>atque</strong></span> <span class='ocrx_word' id='word_1_62' title='bbox 860 803 1044 883; x_wconf 75' lang='lat' dir='ltr'><strong>oppidatim,</strong></span> <span class='ocrx_word' id='word_1_63' title='bbox 1069 819 1212 886; x_wconf 89' lang='lat' dir='ltr'><strong>tanquam</strong></span> 
     </span>
    </p>

    <p class='ocr_par' dir='ltr' id='par_1_6' title="bbox 21 887 1212 971">
     <span class='ocr_line' id='line_1_9' title="bbox 21 887 1212 971; baseline 0.001 -22"><span class='ocrx_word' id='word_1_64' title='bbox 21 890 25 949; x_wconf 71' lang='grc' dir='ltr'><strong>ζ’</strong></span> <span class='ocrx_word' id='word_1_65' title='bbox 83 892 141 956; x_wconf 71' lang='lat' dir='ltr'><strong>[mis</strong></span> <span class='ocrx_word' id='word_1_66' title='bbox 155 887 320 946; x_wconf 88' lang='lat' dir='ltr'><strong>interiectis</strong></span> <span class='ocrx_word' id='word_1_67' title='bbox 340 900 370 947; x_wconf 88' lang='lat' dir='ltr'><strong>et</strong></span> <span class='ocrx_word' id='word_1_68' title='bbox 388 887 490 957; x_wconf 87' lang='lat' dir='ltr'><strong>vallis,</strong></span> <span class='ocrx_word' id='word_1_69' title='bbox 521 887 666 966; x_wconf 88' lang='lat' dir='ltr'><strong>separati,</strong></span> <span class='ocrx_word' id='word_1_70' title='bbox 695 887 778 946; x_wconf 86' lang='lat' dir='ltr'><strong>utin</strong></span> <span class='ocrx_word' id='word_1_71' title='bbox 798 888 878 946; x_wconf 90' lang='lat' dir='ltr'><strong>hunc</strong></span> <span class='ocrx_word' id='word_1_72' title='bbox 896 909 994 966; x_wconf 89' lang='lat' dir='ltr'><strong>usquc</strong></span> <span class='ocrx_word' id='word_1_73' title='bbox 1013 889 1093 948; x_wconf 89' lang='lat' dir='ltr'><strong>diem</strong></span> <span class='ocrx_word' id='word_1_74' title='bbox 1112 910 1212 971; x_wconf 87' lang='lat' dir='ltr'><strong>neque</strong></span> 
     </span>
    </p>

    <p class='ocr_par' dir='ltr' id='par_1_7' title="bbox 21 970 1212 1054">
     <span class='ocr_line' id='line_1_10' title="bbox 21 970 1212 1054; baseline 0 -20"><span class='ocrx_word' id='word_1_75' title='bbox 21 1042 23 1047; x_wconf 28' lang='lat'><strong>¹</strong></span> <span class='ocrx_word' id='word_1_76' title='bbox 78 973 212 1039; x_wconf 71' lang='lat' dir='ltr'><strong>udonibus</strong></span> <span class='ocrx_word' id='word_1_77' title='bbox 231 972 344 1031; x_wconf 86' lang='lat' dir='ltr'><strong>nostris</strong></span> <span class='ocrx_word' id='word_1_78' title='bbox 365 970 524 1031; x_wconf 85' lang='lat' dir='ltr'><strong>consulere</strong></span> <span class='ocrx_word' id='word_1_79' title='bbox 545 971 734 1050; x_wconf 87' lang='lat' dir='ltr'><strong>quicquam,-</strong></span> <span class='ocrx_word' id='word_1_80' title='bbox 752 993 853 1051; x_wconf 82' lang='lat' dir='ltr'><strong>neque</strong></span> <span class='ocrx_word' id='word_1_81' title='bbox 873 972 977 1031; x_wconf 86' lang='lat' dir='ltr'><strong>ollicio</strong></span> <span class='ocrx_word' id='word_1_82' title='bbox 995 973 1057 1032; x_wconf 87' lang='lat' dir='ltr'><strong>ulla</strong></span> <span class='ocrx_word' id='word_1_83' title='bbox 1076 989 1212 1054; x_wconf 81' lang='lat' dir='ltr'><strong>exparte</strong></span> 
     </span>
    </p>

    <p class='ocr_par' dir='ltr' id='par_1_8' title="bbox 21 1050 1319 3506">
     <span class='ocr_line' id='line_1_11' title="bbox 21 1050 1214 1142; baseline 0.002 -28"><span class='ocrx_word' id='word_1_84' title='bbox 21 1050 28 1105; x_wconf 67' lang='grc' dir='ltr'>Γ</span> <span class='ocrx_word' id='word_1_85' title='bbox 77 1058 141 1142; x_wconf 74' lang='lat' dir='ltr'><strong>sangi</strong></span> <span class='ocrx_word' id='word_1_86' title='bbox 155 1057 318 1138; x_wconf 85' lang='lat' dir='ltr'><strong>possimus,</strong></span> <span class='ocrx_word' id='word_1_87' title='bbox 343 1077 444 1135; x_wconf 89' lang='lat' dir='ltr'><strong>neque</strong></span> <span class='ocrx_word' id='word_1_88' title='bbox 463 1055 540 1115; x_wconf 88' lang='lat' dir='ltr'><strong>inire</strong></span> <span class='ocrx_word' id='word_1_89' title='bbox 559 1056 769 1129; x_wconf 73' lang='lat' dir='ltr'><strong>concordiam,</strong></span> <span class='ocrx_word' id='word_1_90' title='bbox 798 1077 898 1136; x_wconf 86' lang='lat' dir='ltr'><strong>neque</strong></span> <span class='ocrx_word' id='word_1_91' title='bbox 917 1057 1093 1123; x_wconf 86' lang='lat' dir='ltr'><strong>societatem</strong></span> <span class='ocrx_word' id='word_1_92' title='bbox 1112 1058 1214 1119; x_wconf 87' lang='lat' dir='ltr'><strong>auxilii</strong></span> 
     </span>
     <span class='ocr_line' id='line_1_12' title="bbox 76 1140 1319 1225; baseline -0.002 -20"><span class='ocrx_word' id='word_1_93' title='bbox 76 1159 99 1206; x_wconf 86' lang='lat' dir='ltr'><strong>et</strong></span> <span class='ocrx_word' id='word_1_94' title='bbox 111 1141 241 1217; x_wconf 72' lang='lat' dir='ltr'><strong>amicitiae</strong></span> <span class='ocrx_word' id='word_1_95' title='bbox 259 1142 353 1201; x_wconf 91' lang='lat' dir='ltr'><strong>ullam</strong></span> <span class='ocrx_word' id='word_1_96' title='bbox 371 1141 486 1213; x_wconf 83' lang='lat' dir='ltr'><strong>lacere,</strong></span> <span class='ocrx_word' id='word_1_97' title='bbox 512 1141 565 1199; x_wconf 90' lang='lat' dir='ltr'><strong>sed</strong></span> <span class='ocrx_word' id='word_1_98' title='bbox 582 1140 769 1201; x_wconf 90' lang='lat' dir='ltr'><strong>incrementa</strong></span> <span class='ocrx_word' id='word_1_99' title='bbox 786 1142 940 1222; x_wconf 88' lang='lat' dir='ltr'><strong>potentiae</strong></span> <span class='ocrx_word' id='word_1_100' title='bbox 959 1142 1090 1225; x_wconf 90' lang='lat' dir='ltr'><strong>Philippi</strong></span> <span class='ocrx_word' id='word_1_101' title='bbox 1108 1163 1213 1203; x_wconf 92' lang='lat' dir='ltr'><strong>secure</strong></span> <span class='ocrx_word' id='word_1_102' title='bbox 1245 1189 1248 1193; x_wconf 75' lang='lat'>.</span> <span class='ocrx_word' id='word_1_103' title='bbox 1277 1187 1278 1191; x_wconf 18' lang='grc' dir='ltr'>η</span> <span class='ocrx_word' id='word_1_104' title='bbox 1313 1200 1319 1212; x_wconf 32' lang='grc' dir='ltr'><strong><em>Δ</em></strong></span> 
     </span>
     <span class='ocr_line' id='line_1_13' title="bbox 74 1226 1213 1311; baseline -0.001 -23"><span class='ocrx_word' id='word_1_105' title='bbox 74 1227 248 1311; x_wconf 83' lang='lat' dir='ltr'><strong>negligamus:</strong></span> <span class='ocrx_word' id='word_1_106' title='bbox 285 1226 377 1307; x_wconf 80' lang='lat' dir='ltr'><strong>idqpe</strong></span> <span class='ocrx_word' id='word_1_107' title='bbox 397 1239 527 1305; x_wconf 85' lang='lat' dir='ltr'><strong>tempus,</strong></span> <span class='ocrx_word' id='word_1_108' title='bbox 545 1226 617 1284; x_wconf 91' lang='lat' dir='ltr'><strong>dum</strong></span> <span class='ocrx_word' id='word_1_109' title='bbox 637 1226 711 1285; x_wconf 90' lang='lat' dir='ltr'><strong>alius</strong></span> <span class='ocrx_word' id='word_1_110' title='bbox 730 1227 827 1307; x_wconf 86' lang='lat' dir='ltr'><strong>perit,</strong></span> <span class='ocrx_word' id='word_1_111' title='bbox 846 1227 1108 1307; x_wconf 83' lang='lat' dir='ltr'><strong>unusquisque&#39;in</strong></span> <span class='ocrx_word' id='word_1_112' title='bbox 1126 1228 1213 1288; x_wconf 90' lang='lat' dir='ltr'><strong>lucro</strong></span> 
     </span>
     <span class='ocr_line' id='line_1_14' title="bbox 74 1309 1316 1394; baseline -0.001 -22"><span class='ocrx_word' id='word_1_113' title='bbox 74 1316 193 1394; x_wconf 85' lang='lat' dir='ltr'><strong>deputare</strong></span> <span class='ocrx_word' id='word_1_114' title='bbox 211 1311 380 1371; x_wconf 86' lang='lat' dir='ltr'><strong>decreverit</strong></span> <span class='ocrx_word' id='word_1_115' title='bbox 404 1309 460 1393; x_wconf 90' lang='lat' dir='ltr'><strong>(ut</strong></span> <span class='ocrx_word' id='word_1_116' title='bbox 478 1310 552 1369; x_wconf 88' lang='lat' dir='ltr'><strong>mihi</strong></span> <span class='ocrx_word' id='word_1_117' title='bbox 570 1310 691 1390; x_wconf 84' lang='lat' dir='ltr'><strong>quidem</strong></span> <span class='ocrx_word' id='word_1_118' title='bbox 711 1310 869 1393; x_wconf 88' lang='lat' dir='ltr'><strong>videtur),</strong></span> <span class='ocrx_word' id='word_1_119' title='bbox 888 1332 950 1370; x_wconf 91' lang='lat' dir='ltr'><strong>non</strong></span> <span class='ocrx_word' id='word_1_120' title='bbox 970 1313 1007 1371; x_wconf 93' lang='lat' dir='ltr'><strong>de</strong></span> <span class='ocrx_word' id='word_1_121' title='bbox 1025 1313 1213 1392; x_wconf 89' lang='lat' dir='ltr'><strong>procuranda</strong></span> <span class='ocrx_word' id='word_1_122' title='bbox 1259 1352 1267 1358; x_wconf 76' lang='lat'><em>.</em></span> <span class='ocrx_word' id='word_1_123' title='bbox 1311 1354 1316 1361; x_wconf 83' lang='lat'>-</span> 
     </span>
     <span class='ocr_line' id='line_1_15' title="bbox 77 1394 1214 1478; baseline -0.005 -19"><span class='ocrx_word' id='word_1_124' title='bbox 77 1400 235 1458; x_wconf 85' lang='lat' dir='ltr'><strong>Graecorum</strong></span> <span class='ocrx_word' id='word_1_125' title='bbox 260 1394 358 1471; x_wconf 80' lang='lat' dir='ltr'><strong>salute</strong></span> <span class='ocrx_word' id='word_1_126' title='bbox 383 1395 575 1478; x_wconf 80' lang='lat' dir='ltr'><strong>cogitationis</strong></span> <span class='ocrx_word' id='word_1_127' title='bbox 599 1395 713 1475; x_wconf 90' lang='lat' dir='ltr'><strong>aliquid</strong></span> <span class='ocrx_word' id='word_1_128' title='bbox 737 1396 910 1476; x_wconf 86' lang='lat' dir='ltr'><strong>laborisque</strong></span> <span class='ocrx_word' id='word_1_129' title='bbox 931 1397 1091 1476; x_wconf 82' lang='lat' dir='ltr'><strong>suscipiat·</strong></span> <span class='ocrx_word' id='word_1_130' title='bbox 1116 1394 1214 1476; x_wconf 88' lang='lat' dir='ltr'><strong>Atqui</strong></span> 
     </span>
     <span class='ocr_line' id='line_1_16' title="bbox 76 1476 1215 1559; baseline -0.002 -17"><span class='ocrx_word' id='word_1_131' title='bbox 76 1502 143 1552; x_wconf 85' lang='lat' dir='ltr'><strong>eun,</strong></span> <span class='ocrx_word' id='word_1_132' title='bbox 157 1476 295 1558; x_wconf 86' lang='lat' dir='ltr'><strong>tanquam</strong></span> <span class='ocrx_word' id='word_1_133' title='bbox 314 1481 545 1541; x_wconf 87' lang='lat' dir='ltr'><strong>conversionem</strong></span> <span class='ocrx_word' id='word_1_134' title='bbox 563 1493 653 1559; x_wconf 90' lang='lat' dir='ltr'><strong>atque</strong></span> <span class='ocrx_word' id='word_1_135' title='bbox 672 1482 876 1542; x_wconf 84' lang='lat' dir='ltr'><strong>accessionem</strong></span> <span class='ocrx_word' id='word_1_136' title='bbox 903 1481 995 1540; x_wconf 83' lang='lat' dir='ltr'><strong>febris</strong></span> <span class='ocrx_word' id='word_1_137' title='bbox 1021 1494 1073 1540; x_wconf 85' lang='lat' dir='ltr'><strong>aut</strong></span> <span class='ocrx_word' id='word_1_138' title='bbox 1090 1482 1215 1554; x_wconf 80' lang='lat' dir='ltr'><strong>alterius</strong></span> 
     </span>
     <span class='ocr_line' id='line_1_17' title="bbox 73 1559 1214 1645; baseline -0.002 -19"><span class='ocrx_word' id='word_1_139' title='bbox 73 1567 137 1639; x_wconf 86' lang='lat' dir='ltr'><strong>mali,</strong></span> <span class='ocrx_word' id='word_1_140' title='bbox 152 1565 234 1623; x_wconf 90' lang='lat' dir='ltr'><strong>etiam</strong></span> <span class='ocrx_word' id='word_1_141' title='bbox 252 1564 285 1621; x_wconf 93' lang='lat' dir='ltr'><strong>in</strong></span> <span class='ocrx_word' id='word_1_142' title='bbox 303 1563 398 1636; x_wconf 89' lang='lat' dir='ltr'><strong>illum,</strong></span> <span class='ocrx_word' id='word_1_143' title='bbox 418 1565 470 1642; x_wconf 91' lang='lat' dir='ltr'><strong>qui</strong></span> <span class='ocrx_word' id='word_1_144' title='bbox 487 1565 545 1624; x_wconf 89' lang='lat' dir='ltr'><strong>sihi</strong></span> <span class='ocrx_word' id='word_1_145' title='bbox 563 1564 668 1643; x_wconf 91' lang='lat' dir='ltr'><strong>procul</strong></span> <span class='ocrx_word' id='word_1_146' title='bbox 685 1588 700 1624; x_wconf 88' lang='lat' dir='ltr'><strong>a</strong></span> <span class='ocrx_word' id='word_1_147' title='bbox 716 1566 851 1645; x_wconf 87' lang='lat' dir='ltr'><strong>periculo</strong></span> <span class='ocrx_word' id='word_1_148' title='bbox 866 1588 947 1625; x_wconf 92' lang='lat' dir='ltr'><strong>nunc</strong></span> <span class='ocrx_word' id='word_1_149' title='bbox 965 1559 1068 1633; x_wconf 78' lang='lat' dir='ltr'><strong>abesse</strong></span> <span class='ocrx_word' id='word_1_150' title='bbox 1084 1566 1214 1638; x_wconf 83' lang='lat' dir='ltr'><strong>videtur,</strong></span> 
     </span>
     <span class='ocr_line' id='line_1_18' title="bbox 72 1648 1213 1729; baseline -0.002 -18"><span class='ocrx_word' id='word_1_151' title='bbox 72 1653 236 1719; x_wconf 61' lang='lat' dir='ltr'><strong>inuasurum:</strong></span> <span class='ocrx_word' id='word_1_152' title='bbox 267 1667 359 1706; x_wconf 86' lang='lat' dir='ltr'><strong>nemo</strong></span> <span class='ocrx_word' id='word_1_153' title='bbox 379 1661 434 1720; x_wconf 91' lang='lat' dir='ltr'><strong>est,</strong></span> <span class='ocrx_word' id='word_1_154' title='bbox 453 1649 506 1726; x_wconf 89' lang='lat' dir='ltr'><strong>qui</strong></span> <span class='ocrx_word' id='word_1_155' title='bbox 524 1648 645 1706; x_wconf 87' lang='lat' dir='ltr'><strong>nesciat.</strong></span> <span class='ocrx_word' id='word_1_156' title='bbox 680 1651 741 1721; x_wconf 88' lang='lat' dir='ltr'><strong>lam</strong></span> <span class='ocrx_word' id='word_1_157' title='bbox 759 1650 835 1708; x_wconf 90' lang='lat' dir='ltr'><strong>illud</strong></span> <span class='ocrx_word' id='word_1_158' title='bbox 854 1671 978 1728; x_wconf 89' lang='lat' dir='ltr'><strong>quoque</strong></span> <span class='ocrx_word' id='word_1_159' title='bbox 996 1651 1109 1723; x_wconf 89' lang='lat' dir='ltr'><strong>nostis,</strong></span> <span class='ocrx_word' id='word_1_160' title='bbox 1128 1651 1213 1729; x_wconf 91' lang='lat' dir='ltr'><strong>quic-</strong></span> 
     </span>
     <span class='ocr_line' id='line_1_19' title="bbox 73 1730 1213 1815; baseline -0.001 -22"><span class='ocrx_word' id='word_1_161' title='bbox 73 1735 133 1815; x_wconf 91' lang='lat' dir='ltr'><strong>quid</strong></span> <span class='ocrx_word' id='word_1_162' title='bbox 153 1755 167 1791; x_wconf 95' lang='lat' dir='ltr'><strong>a</strong></span> <span class='ocrx_word' id='word_1_163' title='bbox 186 1730 269 1790; x_wconf 84' lang='lat' dir='ltr'><strong>vobis</strong></span> <span class='ocrx_word' id='word_1_164' title='bbox 290 1744 320 1790; x_wconf 90' lang='lat' dir='ltr'><strong>et</strong></span> <span class='ocrx_word' id='word_1_165' title='bbox 337 1731 582 1790; x_wconf 87' lang='lat' dir='ltr'><strong>Lacedaemoniis</strong></span> <span class='ocrx_word' id='word_1_166' title='bbox 603 1732 712 1790; x_wconf 87' lang='lat' dir='ltr'><strong>Graeci</strong></span> <span class='ocrx_word' id='word_1_167' title='bbox 730 1734 865 1815; x_wconf 81' lang='lat' dir='ltr'><strong>perpessi</strong></span> <span class='ocrx_word' id='word_1_168' title='bbox 882 1733 1022 1807; x_wconf 85' lang='lat' dir='ltr'><strong>suerunt,</strong></span> <span class='ocrx_word' id='word_1_169' title='bbox 1049 1755 1082 1793; x_wconf 91' lang='lat' dir='ltr'><strong>ca</strong></span> <span class='ocrx_word' id='word_1_170' title='bbox 1108 1735 1213 1794; x_wconf 88' lang='lat' dir='ltr'><strong>saltem</strong></span> 
     </span>
     <span class='ocr_line' id='line_1_20' title="bbox 71 1814 1213 1901; baseline -0.002 -21"><span class='ocrx_word' id='word_1_171' title='bbox 71 1816 237 1901; x_wconf 85' lang='lat' dir='ltr'><strong>agermanis</strong></span> <span class='ocrx_word' id='word_1_172' title='bbox 258 1814 403 1875; x_wconf 88' lang='lat' dir='ltr'><strong>Graeciae</strong></span> <span class='ocrx_word' id='word_1_173' title='bbox 430 1815 545 1874; x_wconf 85' lang='lat' dir='ltr'><strong>civibus</strong></span> <span class='ocrx_word' id='word_1_174' title='bbox 571 1837 635 1875; x_wconf 91' lang='lat' dir='ltr'><strong>esse</strong></span> <span class='ocrx_word' id='word_1_175' title='bbox 654 1837 829 1895; x_wconf 82' lang='lat' dir='ltr'><strong>perpessos:</strong></span> <span class='ocrx_word' id='word_1_176' title='bbox 856 1817 948 1895; x_wconf 92' lang='lat' dir='ltr'><strong>idque</strong></span> <span class='ocrx_word' id='word_1_177' title='bbox 973 1819 1099 1897; x_wconf 86' lang='lat' dir='ltr'><strong>perinde</strong></span> <span class='ocrx_word' id='word_1_178' title='bbox 1123 1818 1213 1888; x_wconf 81' lang='lat' dir='ltr'><strong>aesti-</strong></span> 
     </span>
     <span class='ocr_line' id='line_1_21' title="bbox 71 1900 1303 1983; baseline -0.003 -19"><span class='ocrx_word' id='word_1_179' title='bbox 71 1901 261 1982; x_wconf 90' lang='lat' dir='ltr'><strong>maripotuit,</strong></span> <span class='ocrx_word' id='word_1_180' title='bbox 297 1923 330 1959; x_wconf 90' lang='lat' dir='ltr'><strong>ac</strong></span> <span class='ocrx_word' id='word_1_181' title='bbox 348 1901 374 1966; x_wconf 87' lang='lat' dir='ltr'><strong>si</strong></span> <span class='ocrx_word' id='word_1_182' title='bbox 391 1900 472 1958; x_wconf 87' lang='lat' dir='ltr'><strong>filius</strong></span> <span class='ocrx_word' id='word_1_183' title='bbox 491 1913 578 1960; x_wconf 91' lang='lat' dir='ltr'><strong>natus</strong></span> <span class='ocrx_word' id='word_1_184' title='bbox 610 1900 641 1962; x_wconf 89' lang='lat' dir='ltr'><strong>in</strong></span> <span class='ocrx_word' id='word_1_185' title='bbox 660 1902 757 1979; x_wconf 82' lang='lat' dir='ltr'><strong>ampla</strong></span> <span class='ocrx_word' id='word_1_186' title='bbox 775 1902 885 1960; x_wconf 82' lang='lat' dir='ltr'><strong>familia</strong></span> <span class='ocrx_word' id='word_1_187' title='bbox 911 1902 1062 1983; x_wconf 90' lang='lat' dir='ltr'><strong>legitimus</strong></span> <span class='ocrx_word' id='word_1_188' title='bbox 1100 1902 1213 1983; x_wconf 87' lang='lat' dir='ltr'><strong>aliquid</strong></span> <span class='ocrx_word' id='word_1_189' title='bbox 1297 1912 1303 1945; x_wconf 58' lang='lat'><strong>&lt;¹</strong></span> 
     </span>
     <span class='ocr_line' id='line_1_22' title="bbox 72 1985 1214 2068; baseline -0.003 -20"><span class='ocrx_word' id='word_1_190' title='bbox 72 2010 122 2048; x_wconf 89' lang='lat' dir='ltr'><strong>non</strong></span> <span class='ocrx_word' id='word_1_191' title='bbox 139 1987 211 2046; x_wconf 87' lang='lat' dir='ltr'><strong>bene</strong></span> <span class='ocrx_word' id='word_1_192' title='bbox 228 2006 327 2064; x_wconf 92' lang='lat' dir='ltr'><strong>neque</strong></span> <span class='ocrx_word' id='word_1_193' title='bbox 346 1996 427 2044; x_wconf 88' lang='lat' dir='ltr'><strong>recte</strong></span> <span class='ocrx_word' id='word_1_194' title='bbox 451 1985 687 2056; x_wconf 81' lang='lat' dir='ltr'><strong>administraret,</strong></span> <span class='ocrx_word' id='word_1_195' title='bbox 717 1985 740 2044; x_wconf 92' lang='lat' dir='ltr'><strong>is</strong></span> <span class='ocrx_word' id='word_1_196' title='bbox 767 1986 806 2045; x_wconf 92' lang='lat' dir='ltr'><strong>oh</strong></span> <span class='ocrx_word' id='word_1_197' title='bbox 831 1986 862 2044; x_wconf 94' lang='lat' dir='ltr'><strong>id</strong></span> <span class='ocrx_word' id='word_1_198' title='bbox 887 1986 987 2066; x_wconf 90' lang='lat' dir='ltr'><strong>ipsum</strong></span> <span class='ocrx_word' id='word_1_199' title='bbox 1007 1987 1114 2068; x_wconf 82' lang='lat' dir='ltr'><strong>dignus</strong></span> <span class='ocrx_word' id='word_1_200' title='bbox 1135 1998 1214 2047; x_wconf 91' lang='lat' dir='ltr'><strong>esset</strong></span> 
     </span>
     <span class='ocr_line' id='line_1_23' title="bbox 70 2068 1213 2153; baseline -0.004 -19"><span class='ocrx_word' id='word_1_201' title='bbox 70 2069 286 2153; x_wconf 86' lang='lat' dir='ltr'><strong>reprehensione</strong></span> <span class='ocrx_word' id='word_1_202' title='bbox 307 2083 337 2128; x_wconf 92' lang='lat' dir='ltr'><strong>et</strong></span> <span class='ocrx_word' id='word_1_203' title='bbox 355 2068 560 2129; x_wconf 88' lang='lat' dir='ltr'><strong>accusatione:</strong></span> <span class='ocrx_word' id='word_1_204' title='bbox 578 2071 640 2139; x_wconf 81' lang='lat' dir='ltr'><strong>sed¹</strong></span> <span class='ocrx_word' id='word_1_205' title='bbox 651 2090 720 2129; x_wconf 90' lang='lat' dir='ltr'><strong>enm</strong></span> <span class='ocrx_word' id='word_1_206' title='bbox 738 2084 774 2130; x_wconf 91' lang='lat' dir='ltr'><strong>ut</strong></span> <span class='ocrx_word' id='word_1_207' title='bbox 791 2071 938 2143; x_wconf 89' lang='lat' dir='ltr'><strong>alienum,</strong></span> <span class='ocrx_word' id='word_1_208' title='bbox 957 2084 1090 2140; x_wconf 85' lang='lat' dir='ltr'><strong>autnon</strong></span> <span class='ocrx_word' id='word_1_209' title='bbox 1108 2072 1213 2130; x_wconf 88' lang='lat' dir='ltr'><strong>haere-</strong></span> 
     </span>
     <span class='ocr_line' id='line_1_24' title="bbox 72 2155 1213 2235; baseline -0.003 -17"><span class='ocrx_word' id='word_1_210' title='bbox 72 2160 243 2219; x_wconf 87' lang='lat' dir='ltr'><strong>demeornm</strong></span> <span class='ocrx_word' id='word_1_211' title='bbox 273 2155 324 2213; x_wconf 89' lang='lat' dir='ltr'><strong>illa</strong></span> <span class='ocrx_word' id='word_1_212' title='bbox 342 2156 457 2226; x_wconf 83' lang='lat' dir='ltr'><strong>lacere,</strong></span> <span class='ocrx_word' id='word_1_213' title='bbox 476 2176 539 2213; x_wconf 92' lang='lat' dir='ltr'><strong>non</strong></span> <span class='ocrx_word' id='word_1_214' title='bbox 558 2167 661 2235; x_wconf 91' lang='lat' dir='ltr'><strong>posset</strong></span> <span class='ocrx_word' id='word_1_215' title='bbox 680 2155 746 2214; x_wconf 88' lang='lat' dir='ltr'><strong>dici.</strong></span> <span class='ocrx_word' id='word_1_216' title='bbox 783 2155 919 2230; x_wconf 84' lang='lat' dir='ltr'><strong>Quodsi</strong></span> <span class='ocrx_word' id='word_1_217' title='bbox 937 2175 1053 2215; x_wconf 87' lang='lat' dir='ltr'><strong>servus·</strong></span> <span class='ocrx_word' id='word_1_218' title='bbox 1071 2156 1213 2216; x_wconf 89' lang='lat' dir='ltr'><strong>autsnb-</strong></span> 
     </span>
     <span class='ocr_line' id='line_1_25' title="bbox 73 2239 1212 2319; baseline -0.004 -17"><span class='ocrx_word' id='word_1_219' title='bbox 73 2241 168 2302; x_wconf 89' lang='lat' dir='ltr'><strong>dititius</strong></span> <span class='ocrx_word' id='word_1_220' title='bbox 187 2262 229 2311; x_wconf 87' lang='lat' dir='ltr'><strong>ea,</strong></span> <span class='ocrx_word' id='word_1_221' title='bbox 248 2260 325 2318; x_wconf 91' lang='lat' dir='ltr'><strong>quae</strong></span> <span class='ocrx_word' id='word_1_222' title='bbox 345 2239 420 2297; x_wconf 90' lang='lat' dir='ltr'><strong>nihil</strong></span> <span class='ocrx_word' id='word_1_223' title='bbox 439 2240 477 2308; x_wconf 84' lang='lat' dir='ltr'><strong>ad¹</strong></span> <span class='ocrx_word' id='word_1_224' title='bbox 493 2239 595 2318; x_wconf 90' lang='lat' dir='ltr'><strong>ipsum</strong></span> <span class='ocrx_word' id='word_1_225' title='bbox 611 2240 783 2312; x_wconf 71' lang='lat' dir='ltr'><strong>attinerent,</strong></span> <span class='ocrx_word' id='word_1_226' title='bbox 810 2242 952 2319; x_wconf 83' lang='lat' dir='ltr'><strong>perderet</strong></span> <span class='ocrx_word' id='word_1_227' title='bbox 971 2253 1001 2300; x_wconf 92' lang='lat' dir='ltr'><strong>et</strong></span> <span class='ocrx_word' id='word_1_228' title='bbox 1019 2253 1165 2312; x_wconf 83' lang='lat' dir='ltr'><strong>vastaret,</strong></span> <span class='ocrx_word' id='word_1_229' title='bbox 1194 2261 1212 2298; x_wconf 93' lang='lat' dir='ltr'><strong>o</strong></span> 
     </span>
     <span class='ocr_line' id='line_1_26' title="bbox 73 2323 1213 2406; baseline 0.003 -22"><span class='ocrx_word' id='word_1_230' title='bbox 73 2326 315 2406; x_wconf 54' lang='lat' dir='ltr'><strong>lupiter„quanto</strong></span> <span class='ocrx_word' id='word_1_231' title='bbox 333 2324 365 2383; x_wconf 91' lang='lat' dir='ltr'><strong>id</strong></span> <span class='ocrx_word' id='word_1_232' title='bbox 384 2323 537 2404; x_wconf 84' lang='lat' dir='ltr'><strong>indignius</strong></span> <span class='ocrx_word' id='word_1_233' title='bbox 558 2337 588 2382; x_wconf 90' lang='lat' dir='ltr'><strong>et</strong></span> <span class='ocrx_word' id='word_1_234' title='bbox 606 2325 725 2405; x_wconf 82' lang='lat' dir='ltr'><strong>gravius</strong></span> <span class='ocrx_word' id='word_1_235' title='bbox 744 2325 902 2384; x_wconf 85' lang='lat' dir='ltr'><strong>ferendum</strong></span> <span class='ocrx_word' id='word_1_236' title='bbox 922 2345 987 2384; x_wconf 91' lang='lat' dir='ltr'><strong>esse</strong></span> <span class='ocrx_word' id='word_1_237' title='bbox 1007 2346 1111 2386; x_wconf 90' lang='lat' dir='ltr'><strong>omnes</strong></span> <span class='ocrx_word' id='word_1_238' title='bbox 1132 2325 1213 2387; x_wconf 73' lang='lat' dir='ltr'><strong>dice:</strong></span> 
     </span>
     <span class='ocr_line' id='line_1_27' title="bbox 71 2408 1309 2490; baseline -0.002 -20"><span class='ocrx_word' id='word_1_239' title='bbox 71 2411 142 2470; x_wconf 87' lang='lat' dir='ltr'><strong>rentl</strong></span> <span class='ocrx_word' id='word_1_240' title='bbox 161 2409 237 2468; x_wconf 90' lang='lat' dir='ltr'><strong>Num</strong></span> <span class='ocrx_word' id='word_1_241' title='bbox 260 2429 333 2468; x_wconf 88' lang='lat' dir='ltr'><strong>vero</strong></span> <span class='ocrx_word' id='word_1_242' title='bbox 360 2429 431 2490; x_wconf 83' lang='lat' dir='ltr'><strong>erga</strong></span> <span class='ocrx_word' id='word_1_243' title='bbox 449 2408 621 2489; x_wconf 90' lang='lat' dir='ltr'><strong>Philippum</strong></span> <span class='ocrx_word' id='word_1_244' title='bbox 647 2409 760 2468; x_wconf 86' lang='lat' dir='ltr'><strong>eteius</strong></span> <span class='ocrx_word' id='word_1_245' title='bbox 784 2409 916 2469; x_wconf 88' lang='lat' dir='ltr'><strong>actiones</strong></span> <span class='ocrx_word' id='word_1_246' title='bbox 941 2410 980 2469; x_wconf 87' lang='lat' dir='ltr'><strong>ita</strong></span> <span class='ocrx_word' id='word_1_247' title='bbox 1006 2414 1087 2470; x_wconf 77' lang='lat' dir='ltr'><strong>n&#39;unc</strong></span> <span class='ocrx_word' id='word_1_248' title='bbox 1111 2409 1213 2469; x_wconf 81' lang='lat' dir='ltr'><strong>allecti</strong></span> <span class='ocrx_word' id='word_1_249' title='bbox 1306 2425 1309 2433; x_wconf 90' lang='grc'>·</span> 
     </span>
     <span class='ocr_line' id='line_1_28' title="bbox 71 2490 1213 2573; baseline -0.004 -18"><span class='ocrx_word' id='word_1_250' title='bbox 71 2493 149 2555; x_wconf 84' lang='lat' dir='ltr'><strong>sunt?</strong></span> <span class='ocrx_word' id='word_1_251' title='bbox 161 2494 221 2573; x_wconf 74' lang='lat' dir='ltr'><strong>¹qui</strong></span> <span class='ocrx_word' id='word_1_252' title='bbox 238 2506 357 2553; x_wconf 89' lang='lat' dir='ltr'><strong>tantum</strong></span> <span class='ocrx_word' id='word_1_253' title='bbox 376 2493 475 2564; x_wconf 90' lang='lat' dir='ltr'><strong>abest,</strong></span> <span class='ocrx_word' id='word_1_254' title='bbox 494 2506 530 2551; x_wconf 88' lang='lat' dir='ltr'><strong>ut</strong></span> <span class='ocrx_word' id='word_1_255' title='bbox 548 2493 682 2552; x_wconf 91' lang='lat' dir='ltr'><strong>Graecus</strong></span> <span class='ocrx_word' id='word_1_256' title='bbox 701 2494 740 2553; x_wconf 91' lang='lat' dir='ltr'><strong>sit</strong></span> <span class='ocrx_word' id='word_1_257' title='bbox 765 2490 925 2554; x_wconf 79' lang='lat' dir='ltr'><strong>Graecisve</strong></span> <span class='ocrx_word' id='word_1_258' title='bbox 942 2494 1007 2553; x_wconf 94' lang='lat' dir='ltr'><strong>ullo</strong></span> <span class='ocrx_word' id='word_1_259' title='bbox 1026 2495 1118 2557; x_wconf 88' lang='lat' dir='ltr'><strong>modo</strong></span> <span class='ocrx_word' id='word_1_260' title='bbox 1138 2514 1213 2552; x_wconf 91' lang='lat' dir='ltr'><strong>con-</strong></span> 
     </span>
     <span class='ocr_line' id='line_1_29' title="bbox 72 2571 1273 2658; baseline -0.002 -20"><span class='ocrx_word' id='word_1_261' title='bbox 72 2580 189 2651; x_wconf 90' lang='lat' dir='ltr'><strong>iunctus,</strong></span> <span class='ocrx_word' id='word_1_262' title='bbox 222 2591 257 2638; x_wconf 90' lang='lat' dir='ltr'><strong>ut</strong></span> <span class='ocrx_word' id='word_1_263' title='bbox 275 2599 331 2636; x_wconf 87' lang='lat' dir='ltr'><strong>nec</strong></span> <span class='ocrx_word' id='word_1_264' title='bbox 351 2580 431 2637; x_wconf 92' lang='lat' dir='ltr'><strong>inter</strong></span> <span class='ocrx_word' id='word_1_265' title='bbox 447 2577 594 2637; x_wconf 87' lang='lat' dir='ltr'><strong>Barbaros</strong></span> <span class='ocrx_word' id='word_1_266' title='bbox 614 2578 653 2637; x_wconf 91' lang='lat' dir='ltr'><strong>sit</strong></span> <span class='ocrx_word' id='word_1_267' title='bbox 671 2577 801 2639; x_wconf 87' lang='lat' dir='ltr'><strong>honesto</strong></span> <span class='ocrx_word' id='word_1_268' title='bbox 815 2579 889 2642; x_wconf 75' lang='lat' dir='ltr'><strong>=lo&#39;co</strong></span> <span class='ocrx_word' id='word_1_269' title='bbox 904 2571 1014 2650; x_wconf 89' lang='lat' dir='ltr'><strong>natus,</strong></span> <span class='ocrx_word' id='word_1_270' title='bbox 1040 2580 1093 2638; x_wconf 92' lang='lat' dir='ltr'><strong>sed</strong></span> <span class='ocrx_word' id='word_1_271' title='bbox 1111 2577 1213 2658; x_wconf 83' lang='lat' dir='ltr'><strong>perdi·</strong></span> <span class='ocrx_word' id='word_1_272' title='bbox 1271 2591 1273 2594; x_wconf 77' lang='grc'>’</span> 
     </span>
     <span class='ocr_line' id='line_1_30' title="bbox 69 2661 1286 2744; baseline -0.002 -22"><span class='ocrx_word' id='word_1_273' title='bbox 69 2676 113 2722; x_wconf 86' lang='lat' dir='ltr'><strong>tus</strong></span> <span class='ocrx_word' id='word_1_274' title='bbox 127 2664 252 2735; x_wconf 86' lang='lat' dir='ltr'><strong>Macedo,</strong></span> <span class='ocrx_word' id='word_1_275' title='bbox 268 2664 351 2732; x_wconf 84' lang='lat' dir='ltr'><strong>unde</strong></span> <span class='ocrx_word' id='word_1_276' title='bbox 370 2662 450 2744; x_wconf 86' lang='lat' dir='ltr'><strong>srugi</strong></span> <span class='ocrx_word' id='word_1_277' title='bbox 468 2661 649 2744; x_wconf 84' lang='lat' dir='ltr'><strong>mancipium</strong></span> <span class='ocrx_word' id='word_1_278' title='bbox 669 2663 740 2722; x_wconf 93' lang='lat' dir='ltr'><strong>olim</strong></span> <span class='ocrx_word' id='word_1_279' title='bbox 759 2665 876 2723; x_wconf 90' lang='lat' dir='ltr'><strong>nullum</strong></span> <span class='ocrx_word' id='word_1_280' title='bbox 895 2664 953 2730; x_wconf 87' lang='lat' dir='ltr'><strong>emi</strong></span> <span class='ocrx_word' id='word_1_281' title='bbox 971 2664 1077 2744; x_wconf 89' lang='lat' dir='ltr'><strong>potnit.</strong></span> <span class='ocrx_word' id='word_1_282' title='bbox 1095 2662 1137 2723; x_wconf 91' lang='lat' dir='ltr'><strong>At</strong></span> <span class='ocrx_word' id='word_1_283' title='bbox 1155 2684 1215 2741; x_wconf 90' lang='lat' dir='ltr'><strong>qua</strong></span> <span class='ocrx_word' id='word_1_284' title='bbox 1268 2706 1286 2719; x_wconf 88' lang='grc'><strong>..</strong></span> 
     </span>
     <span class='ocr_line' id='line_1_31' title="bbox 62 2746 1298 2826; baseline -0.003 -19"><span class='ocrx_word' id='word_1_285' title='bbox 62 2761 190 2809; x_wconf 77' lang='lat' dir='ltr'><strong>‚extrema</strong></span> <span class='ocrx_word' id='word_1_286' title='bbox 198 2746 376 2807; x_wconf 86' lang='lat' dir='ltr'><strong>contumelia</strong></span> <span class='ocrx_word' id='word_1_287' title='bbox 386 2746 537 2825; x_wconf 79' lang='lat' dir='ltr'><strong>abstinet?</strong></span> <span class='ocrx_word' id='word_1_288' title='bbox 556 2748 678 2817; x_wconf 89' lang='lat' dir='ltr'><strong>Nonne,</strong></span> <span class='ocrx_word' id='word_1_289' title='bbox 694 2761 904 2826; x_wconf 89' lang='lat' dir='ltr'><strong>praeterquam</strong></span> <span class='ocrx_word' id='word_1_290' title='bbox 922 2748 1004 2824; x_wconf 93' lang='lat' dir='ltr'><strong>quod</strong></span> <span class='ocrx_word' id='word_1_291' title='bbox 1020 2747 1111 2806; x_wconf 90' lang='lat' dir='ltr'><strong>urbes</strong></span> <span class='ocrx_word' id='word_1_292' title='bbox 1129 2765 1213 2804; x_wconf 86' lang='lat' dir='ltr'><strong>ever·</strong></span> <span class='ocrx_word' id='word_1_293' title='bbox 1293 2798 1298 2809; x_wconf 87' lang='grc'><em>,</em></span> 
     </span>
     <span class='ocr_line' id='line_1_32' title="bbox 70 2827 1216 2914; baseline -0.003 -24"><span class='ocrx_word' id='word_1_294' title='bbox 70 2832 119 2902; x_wconf 90' lang='lat' dir='ltr'><strong>tit,</strong></span> <span class='ocrx_word' id='word_1_295' title='bbox 144 2832 225 2908; x_wconf 85' lang='lat' dir='ltr'><strong>etiam</strong></span> <span class='ocrx_word' id='word_1_296' title='bbox 242 2832 357 2914; x_wconf 81' lang='lat' dir='ltr'><strong>Pythiis</strong></span> <span class='ocrx_word' id='word_1_297' title='bbox 377 2838 511 2912; x_wconf 82' lang='lat' dir='ltr'><strong>praeest,</strong></span> <span class='ocrx_word' id='word_1_298' title='bbox 538 2831 748 2891; x_wconf 79' lang='lat' dir='ltr'><strong>communibus</strong></span> <span class='ocrx_word' id='word_1_299' title='bbox 769 2832 954 2903; x_wconf 80' lang='lat' dir='ltr'><strong>Graecorum</strong></span> <span class='ocrx_word' id='word_1_300' title='bbox 973 2830 1068 2889; x_wconf 90' lang='lat' dir='ltr'><strong>ludis:</strong></span> <span class='ocrx_word' id='word_1_301' title='bbox 1105 2827 1216 2909; x_wconf 91' lang='lat' dir='ltr'><strong>quodsi</strong></span> 
     </span>
     <span class='ocr_line' id='line_1_33' title="bbox 69 2909 1215 2996; baseline -0.003 -22"><span class='ocrx_word' id='word_1_302' title='bbox 69 2917 125 2994; x_wconf 86' lang='lat' dir='ltr'><strong>ipsc</strong></span> <span class='ocrx_word' id='word_1_303' title='bbox 141 2915 280 2988; x_wconf 85' lang='lat' dir='ltr'><strong>abfuerit,</strong></span> <span class='ocrx_word' id='word_1_304' title='bbox 298 2938 402 2976; x_wconf 85' lang='lat' dir='ltr'><strong>servos</strong></span> <span class='ocrx_word' id='word_1_305' title='bbox 420 2937 492 2976; x_wconf 88' lang='lat' dir='ltr'><strong>suos</strong></span> <span class='ocrx_word' id='word_1_306' title='bbox 511 2915 605 2990; x_wconf 76' lang='lat' dir='ltr'><strong>mittit</strong></span> <span class='ocrx_word' id='word_1_307' title='bbox 622 2916 777 2991; x_wconf 75' lang='lat' dir='ltr'><strong>certamini</strong></span> <span class='ocrx_word' id='word_1_308' title='bbox 794 2915 1008 2996; x_wconf 81' lang='lat' dir='ltr'><strong>praefuturos?</strong></span> <span class='ocrx_word' id='word_1_309' title='bbox 1026 2909 1135 2974; x_wconf 82' lang='lat' dir='ltr'><strong>Ndnne</strong></span> <span class='ocrx_word' id='word_1_310' title='bbox 1154 2914 1215 2995; x_wconf 80' lang='lat' dir='ltr'><strong>Py-</strong></span> 
     </span>
     <span class='ocr_line' id='line_1_34' title="bbox 69 2998 1215 3082; baseline -0.003 -24"><span class='ocrx_word' id='word_1_311' title='bbox 69 3000 105 3058; x_wconf 86' lang='lat' dir='ltr'><strong>las</strong></span> <span class='ocrx_word' id='word_1_312' title='bbox 126 3011 154 3058; x_wconf 90' lang='lat' dir='ltr'><strong>et</strong></span> <span class='ocrx_word' id='word_1_313' title='bbox 170 2999 312 3060; x_wconf 84' lang='lat' dir='ltr'><strong>Graeciae</strong></span> <span class='ocrx_word' id='word_1_314' title='bbox 331 3002 428 3062; x_wconf 89' lang='lat' dir='ltr'><strong>aditus</strong></span> <span class='ocrx_word' id='word_1_315' title='bbox 448 3001 551 3067; x_wconf 82' lang='lat' dir='ltr'><strong>tenet?</strong></span> <span class='ocrx_word' id='word_1_316' title='bbox 585 3001 695 3061; x_wconf 92' lang='lat' dir='ltr'><strong>Nonne</strong></span> <span class='ocrx_word' id='word_1_317' title='bbox 714 3000 870 3082; x_wconf 88' lang='lat' dir='ltr'><strong>praesidiis</strong></span> <span class='ocrx_word' id='word_1_318' title='bbox 891 3012 921 3060; x_wconf 90' lang='lat' dir='ltr'><strong>et</strong></span> <span class='ocrx_word' id='word_1_319' title='bbox 938 2999 1100 3080; x_wconf 89' lang='lat' dir='ltr'><strong>peregrino</strong></span> <span class='ocrx_word' id='word_1_320' title='bbox 1120 2998 1215 3057; x_wconf 88' lang='lat' dir='ltr'><strong>milite</strong></span> 
     </span>
     <span class='ocr_line' id='line_1_35' title="bbox 69 3076 1291 3166; baseline -0.002 -24"><span class='ocrx_word' id='word_1_321' title='bbox 69 3084 125 3142; x_wconf 89' lang='lat' dir='ltr'><strong>loca</strong></span> <span class='ocrx_word' id='word_1_322' title='bbox 137 3083 184 3143; x_wconf 88' lang='lat' dir='ltr'><strong>illa</strong></span> <span class='ocrx_word' id='word_1_323' title='bbox 199 3086 320 3148; x_wconf 86' lang='lat' dir='ltr'><strong>tuetur?</strong></span> <span class='ocrx_word' id='word_1_324' title='bbox 338 3087 449 3145; x_wconf 88' lang='lat' dir='ltr'><strong>Nonne</strong></span> <span class='ocrx_word' id='word_1_325' title='bbox 467 3086 556 3153; x_wconf 83' lang='lat' dir='ltr'><strong>ctiam</strong></span> <span class='ocrx_word' id='word_1_326' title='bbox 571 3085 603 3145; x_wconf 89' lang='lat' dir='ltr'><strong>in</strong></span> <span class='ocrx_word' id='word_1_327' title='bbox 621 3086 800 3166; x_wconf 87' lang='lat' dir='ltr'><strong>accipiendis</strong></span> <span class='ocrx_word' id='word_1_328' title='bbox 814 3084 965 3164; x_wconf 81' lang='lat' dir='ltr'><strong>Apollinis</strong></span> <span class='ocrx_word' id='word_1_329' title='bbox 982 3076 1110 3143; x_wconf 90' lang='lat' dir='ltr'><strong>oraculis</strong></span> <span class='ocrx_word' id='word_1_330' title='bbox 1122 3102 1220 3164; x_wconf 85' lang='lat' dir='ltr'><strong>-prae-¹</strong></span> <span class='ocrx_word' id='word_1_331' title='bbox 1282 3093 1291 3104; x_wconf 78' lang='grc'><strong>“</strong></span> 
     </span>
     <span class='ocr_line' id='line_1_36' title="bbox 69 3166 1214 3251; baseline -0.002 -25"><span class='ocrx_word' id='word_1_332' title='bbox 69 3168 217 3250; x_wconf 81' lang='lat' dir='ltr'><strong>rogativam</strong></span> <span class='ocrx_word' id='word_1_333' title='bbox 241 3169 342 3243; x_wconf 85' lang='lat' dir='ltr'><strong>hahet,</strong></span> <span class='ocrx_word' id='word_1_334' title='bbox 359 3170 489 3251; x_wconf 86' lang='lat' dir='ltr'><strong>repulsis</strong></span> <span class='ocrx_word' id='word_1_335' title='bbox 507 3170 595 3237; x_wconf 84' lang='lat' dir='ltr'><strong>nohis</strong></span> <span class='ocrx_word' id='word_1_336' title='bbox 615 3184 646 3231; x_wconf 87' lang='lat' dir='ltr'><strong>et</strong></span> <span class='ocrx_word' id='word_1_337' title='bbox 664 3170 814 3230; x_wconf 89' lang='lat' dir='ltr'><strong>Thessalis</strong></span> <span class='ocrx_word' id='word_1_338' title='bbox 835 3182 865 3229; x_wconf 86' lang='lat' dir='ltr'><strong>et</strong></span> <span class='ocrx_word' id='word_1_339' title='bbox 881 3168 1082 3229; x_wconf 88' lang='lat' dir='ltr'><strong>Doriensibus</strong></span> <span class='ocrx_word' id='word_1_340' title='bbox 1103 3180 1133 3226; x_wconf 90' lang='lat' dir='ltr'><strong>et</strong></span> <span class='ocrx_word' id='word_1_341' title='bbox 1150 3166 1214 3225; x_wconf 85' lang='lat' dir='ltr'><strong>aliis</strong></span> 
     </span>
     <span class='ocr_line' id='line_1_37' title="bbox 68 3252 1215 3337; baseline 0 -27"><span class='ocrx_word' id='word_1_342' title='bbox 68 3252 345 3336; x_wconf 78' lang='lat' dir='ltr'><strong>Amphictyonihus:</strong></span> <span class='ocrx_word' id='word_1_343' title='bbox 373 3256 404 3317; x_wconf 90' lang='lat' dir='ltr'><strong>in</strong></span> <span class='ocrx_word' id='word_1_344' title='bbox 427 3256 512 3315; x_wconf 88' lang='lat' dir='ltr'><strong>cuins</strong></span> <span class='ocrx_word' id='word_1_345' title='bbox 538 3254 691 3337; x_wconf 84' lang='lat' dir='ltr'><strong>dignitatis</strong></span> <span class='ocrx_word' id='word_1_346' title='bbox 710 3255 886 3315; x_wconf 89' lang='lat' dir='ltr'><strong>societatem</strong></span> <span class='ocrx_word' id='word_1_347' title='bbox 905 3275 961 3313; x_wconf 91' lang='lat' dir='ltr'><strong>nec</strong></span> <span class='ocrx_word' id='word_1_348' title='bbox 982 3252 1091 3314; x_wconf 90' lang='lat' dir='ltr'><strong>Graeci</strong></span> <span class='ocrx_word' id='word_1_349' title='bbox 1111 3271 1215 3311; x_wconf 87' lang='lat' dir='ltr'><strong>omncs</strong></span> 
     </span>
     <span class='ocr_line' id='line_1_38' title="bbox 68 3335 1273 3421; baseline -0.001 -26"><span class='ocrx_word' id='word_1_350' title='bbox 68 3337 199 3396; x_wconf 82' lang='lat' dir='ltr'><strong>veniunt?</strong></span> <span class='ocrx_word' id='word_1_351' title='bbox 223 3338 335 3398; x_wconf 90' lang='lat' dir='ltr'><strong>Nonne</strong></span> <span class='ocrx_word' id='word_1_352' title='bbox 352 3340 503 3409; x_wconf 88' lang='lat' dir='ltr'><strong>Thessalis</strong></span> <span class='ocrx_word' id='word_1_353' title='bbox 529 3338 706 3421; x_wconf 79' lang='lat' dir='ltr'><strong>praescrihit</strong></span> <span class='ocrx_word' id='word_1_354' title='bbox 728 3339 877 3399; x_wconf 87' lang='lat' dir='ltr'><strong>rationem</strong></span> <span class='ocrx_word' id='word_1_355' title='bbox 901 3339 1051 3419; x_wconf 84' lang='lat' dir='ltr'><strong>gerendae</strong></span> <span class='ocrx_word' id='word_1_356' title='bbox 1069 3335 1214 3416; x_wconf 89' lang='lat' dir='ltr'><strong>reipubli-</strong></span> <span class='ocrx_word' id='word_1_357' title='bbox 1234 3342 1273 3394; x_wconf 87' lang='grc'><strong>77</strong></span> 
     </span>
     <span class='ocr_line' id='line_1_39' title="bbox 71 3421 1216 3506; baseline 0.001 -27"><span class='ocrx_word' id='word_1_358' title='bbox 71 3421 128 3480; x_wconf 85' lang='lat' dir='ltr'><strong>cae?</strong></span> <span class='ocrx_word' id='word_1_359' title='bbox 143 3422 251 3488; x_wconf 87' lang='lat' dir='ltr'><strong>Nonne</strong></span> <span class='ocrx_word' id='word_1_360' title='bbox 270 3425 448 3506; x_wconf 82' lang='lat' dir='ltr'><strong>peregrinos</strong></span> <span class='ocrx_word' id='word_1_361' title='bbox 466 3424 576 3484; x_wconf 89' lang='lat' dir='ltr'><strong>milites</strong></span> <span class='ocrx_word' id='word_1_362' title='bbox 596 3427 633 3499; x_wconf 83' lang='lat' dir='ltr'><strong>ad</strong></span> <span class='ocrx_word' id='word_1_363' title='bbox 651 3423 830 3483; x_wconf 89' lang='lat' dir='ltr'><strong>Porthmum</strong></span> <span class='ocrx_word' id='word_1_364' title='bbox 849 3423 958 3497; x_wconf 78' lang='lat' dir='ltr'><strong>mittit,</strong></span> <span class='ocrx_word' id='word_1_365' title='bbox 976 3421 1123 3504; x_wconf 79' lang='lat' dir='ltr'><strong>populum</strong></span> <span class='ocrx_word' id='word_1_366' title='bbox 1142 3421 1216 3480; x_wconf 88' lang='lat' dir='ltr'><strong>Ere-</strong></span> 
     </span>
    </p>

    <p class='ocr_par' dir='ltr' id='par_1_9' title="bbox 21 3506 1319 4428">
     <span class='ocr_line' id='line_1_40' title="bbox 21 3506 1242 3589; baseline -0.002 -25"><span class='ocrx_word' id='word_1_367' title='bbox 21 3582 27 3589; x_wconf 19' lang='lat'><em>!</em></span> <span class='ocrx_word' id='word_1_368' title='bbox 69 3506 209 3566; x_wconf 87' lang='lat' dir='ltr'><strong>triensium</strong></span> <span class='ocrx_word' id='word_1_369' title='bbox 237 3508 423 3568; x_wconf 64' lang='lat' dir='ltr'><strong>eiecturosi</strong></span> <span class='ocrx_word' id='word_1_370' title='bbox 438 3509 548 3568; x_wconf 91' lang='lat' dir='ltr'><strong>Nonne</strong></span> <span class='ocrx_word' id='word_1_371' title='bbox 574 3510 647 3568; x_wconf 89' lang='lat' dir='ltr'><strong>alios</strong></span> <span class='ocrx_word' id='word_1_372' title='bbox 676 3508 807 3580; x_wconf 80' lang='lat' dir='ltr'><strong>Oreum,</strong></span> <span class='ocrx_word' id='word_1_373' title='bbox 841 3507 1030 3567; x_wconf 81' lang='lat' dir='ltr'><strong>Philistidem</strong></span> <span class='ocrx_word' id='word_1_374' title='bbox 1056 3519 1242 3589; x_wconf 81' lang='lat' dir='ltr'><strong>tyrannum.</strong></span> 
     </span>
     <span class='ocr_line' id='line_1_41' title="bbox 66 3585 1316 3670; baseline 0.001 -23"><span class='ocrx_word' id='word_1_375' title='bbox 66 3589 248 3670; x_wconf 88' lang='lat' dir='ltr'><strong>imposituros</strong></span> <span class='ocrx_word' id='word_1_376' title='bbox 260 3585 351 3661; x_wconf 68' lang='lat' dir='ltr'><strong>urbii</strong></span> <span class='ocrx_word' id='word_1_377' title='bbox 362 3590 430 3653; x_wconf 74' lang='lat' dir='ltr'><strong>&#39;sed</strong></span> <span class='ocrx_word' id='word_1_378' title='bbox 442 3593 551 3666; x_wconf 85' lang='lat' dir='ltr'><strong>Graeci</strong></span> <span class='ocrx_word' id='word_1_379' title='bbox 565 3606 666 3653; x_wconf 89' lang='lat' dir='ltr'><strong>tamen</strong></span> <span class='ocrx_word' id='word_1_380' title='bbox 681 3593 756 3653; x_wconf 88' lang='lat' dir='ltr'><strong>haec</strong></span> <span class='ocrx_word' id='word_1_381' title='bbox 769 3592 911 3663; x_wconf 86' lang='lat' dir='ltr'><strong>tolerant,</strong></span> <span class='ocrx_word' id='word_1_382' title='bbox 928 3592 1098 3669; x_wconf 90' lang='lat' dir='ltr'><strong>eodemque</strong></span> <span class='ocrx_word' id='word_1_383' title='bbox 1115 3591 1228 3660; x_wconf 67' lang='lat' dir='ltr'><strong>modo,</strong></span> <span class='ocrx_word' id='word_1_384' title='bbox 1310 3642 1316 3667; x_wconf 33' lang='grc' dir='ltr'>δ</span> 
     </span>
     <span class='ocr_line' id='line_1_42' title="bbox 65 3673 1254 3759; baseline -0.001 -26"><span class='ocrx_word' id='word_1_385' title='bbox 65 3695 118 3753; x_wconf 87' lang='lat' dir='ltr'><strong>qno</strong></span> <span class='ocrx_word' id='word_1_386' title='bbox 135 3677 186 3755; x_wconf 88' lang='lat' dir='ltr'><strong>qui</strong></span> <span class='ocrx_word' id='word_1_387' title='bbox 204 3677 384 3758; x_wconf 83' lang='lat' dir='ltr'><strong>grandinem</strong></span> <span class='ocrx_word' id='word_1_388' title='bbox 403 3675 452 3759; x_wconf 89' lang='lat' dir='ltr'><strong>(ut</strong></span> <span class='ocrx_word' id='word_1_389' title='bbox 470 3677 543 3735; x_wconf 90' lang='lat' dir='ltr'><strong>mihi</strong></span> <span class='ocrx_word' id='word_1_390' title='bbox 563 3677 685 3756; x_wconf 90' lang='lat' dir='ltr'><strong>quidem</strong></span> <span class='ocrx_word' id='word_1_391' title='bbox 703 3673 836 3756; x_wconf 86' lang='lat' dir='ltr'><strong>videtur)</strong></span> <span class='ocrx_word' id='word_1_392' title='bbox 854 3688 1002 3756; x_wconf 86' lang='lat' dir='ltr'><strong>spectant:</strong></span> <span class='ocrx_word' id='word_1_393' title='bbox 1029 3687 1113 3754; x_wconf 90' lang='lat' dir='ltr'><strong>optat</strong></span> <span class='ocrx_word' id='word_1_394' title='bbox 1131 3673 1214 3754; x_wconf 87' lang='lat' dir='ltr'><strong>quis-</strong></span> <span class='ocrx_word' id='word_1_395' title='bbox 1250 3684 1254 3694; x_wconf 78' lang='grc'><em>“</em></span> 
     </span>
     <span class='ocr_line' id='line_1_43' title="bbox 64 3756 1217 3844; baseline -0.002 -27"><span class='ocrx_word' id='word_1_396' title='bbox 64 3780 179 3838; x_wconf 81' lang='lat' dir='ltr'><strong>que„ne</strong></span> <span class='ocrx_word' id='word_1_397' title='bbox 198 3760 231 3820; x_wconf 92' lang='lat' dir='ltr'><strong>in</strong></span> <span class='ocrx_word' id='word_1_398' title='bbox 249 3782 322 3821; x_wconf 92' lang='lat' dir='ltr'><strong>suos</strong></span> <span class='ocrx_word' id='word_1_399' title='bbox 341 3782 429 3844; x_wconf 88' lang='lat' dir='ltr'><strong>agros</strong></span> <span class='ocrx_word' id='word_1_400' title='bbox 448 3762 610 3833; x_wconf 88' lang='lat' dir='ltr'><strong>deleratur,</strong></span> <span class='ocrx_word' id='word_1_401' title='bbox 627 3760 790 3841; x_wconf 86' lang='lat' dir='ltr'><strong>prohibere</strong></span> <span class='ocrx_word' id='word_1_402' title='bbox 809 3756 937 3821; x_wconf 86' lang='lat' dir='ltr'><strong>conatur</strong></span> <span class='ocrx_word' id='word_1_403' title='bbox 953 3779 1051 3820; x_wconf 88' lang='lat' dir='ltr'><strong>nemo.</strong></span> <span class='ocrx_word' id='word_1_404' title='bbox 1086 3761 1217 3819; x_wconf 88' lang='lat' dir='ltr'><strong>Tantum</strong></span> 
     </span>
     <span class='ocr_line' id='line_1_44' title="bbox 62 3841 1218 3924; baseline -0.002 -22"><span class='ocrx_word' id='word_1_405' title='bbox 62 3855 154 3905; x_wconf 86' lang='lat' dir='ltr'><strong>autem</strong></span> <span class='ocrx_word' id='word_1_406' title='bbox 179 3844 276 3919; x_wconf 84' lang='lat' dir='ltr'><strong>abest,</strong></span> <span class='ocrx_word' id='word_1_407' title='bbox 301 3859 337 3906; x_wconf 90' lang='lat' dir='ltr'><strong>ut</strong></span> <span class='ocrx_word' id='word_1_408' title='bbox 359 3843 455 3919; x_wconf 85' lang='lat' dir='ltr'><strong>illatas</strong></span> <span class='ocrx_word' id='word_1_409' title='bbox 474 3847 510 3904; x_wconf 93' lang='lat' dir='ltr'><strong>ah</strong></span> <span class='ocrx_word' id='word_1_410' title='bbox 530 3867 567 3905; x_wconf 88' lang='lat' dir='ltr'><strong>eo</strong></span> <span class='ocrx_word' id='word_1_411' title='bbox 588 3846 731 3912; x_wconf 83' lang='lat' dir='ltr'><strong>Graeciae</strong></span> <span class='ocrx_word' id='word_1_412' title='bbox 757 3844 954 3910; x_wconf 85' lang='lat' dir='ltr'><strong>contumelias</strong></span> <span class='ocrx_word' id='word_1_413' title='bbox 975 3843 1133 3924; x_wconf 89' lang='lat' dir='ltr'><strong>quisquam</strong></span> <span class='ocrx_word' id='word_1_414' title='bbox 1151 3841 1218 3921; x_wconf 80' lang='lat' dir='ltr'><strong>vin-</strong></span> 
     </span>
     <span class='ocr_line' id='line_1_45' title="bbox 62 3927 1218 4013; baseline -0.002 -25"><span class='ocrx_word' id='word_1_415' title='bbox 62 3928 150 4011; x_wconf 75' lang='lat' dir='ltr'><strong>dicet,</strong></span> <span class='ocrx_word' id='word_1_416' title='bbox 168 3943 204 3989; x_wconf 90' lang='lat' dir='ltr'><strong>nt</strong></span> <span class='ocrx_word' id='word_1_417' title='bbox 222 3951 324 4010; x_wconf 86' lang='lat' dir='ltr'><strong>neque</strong></span> <span class='ocrx_word' id='word_1_418' title='bbox 343 3952 410 3989; x_wconf 89' lang='lat' dir='ltr'><strong>suas</strong></span> <span class='ocrx_word' id='word_1_419' title='bbox 430 3929 559 4009; x_wconf 88' lang='lat' dir='ltr'><strong>quisque</strong></span> <span class='ocrx_word' id='word_1_420' title='bbox 578 3930 700 3990; x_wconf 88' lang='lat' dir='ltr'><strong>iniurias</strong></span> <span class='ocrx_word' id='word_1_421' title='bbox 719 3930 902 4013; x_wconf 77' lang='lat' dir='ltr'><strong>ulciscatur:</strong></span> <span class='ocrx_word' id='word_1_422' title='bbox 915 3929 973 3988; x_wconf 92' lang='lat' dir='ltr'><strong>hoc</strong></span> <span class='ocrx_word' id='word_1_423' title='bbox 992 3927 1070 3987; x_wconf 90' lang='lat' dir='ltr'><strong>enim</strong></span> <span class='ocrx_word' id='word_1_424' title='bbox 1090 3927 1148 3986; x_wconf 91' lang='lat' dir='ltr'><strong>iam</strong></span> <span class='ocrx_word' id='word_1_425' title='bbox 1168 3946 1218 3986; x_wconf 87' lang='lat' dir='ltr'><strong>ex-</strong></span> 
     </span>
     <span class='ocr_line' id='line_1_46' title="bbox 61 4010 1220 4095; baseline -0.001 -23"><span class='ocrx_word' id='word_1_426' title='bbox 61 4025 183 4074; x_wconf 89' lang='lat' dir='ltr'><strong>tremum</strong></span> <span class='ocrx_word' id='word_1_427' title='bbox 204 4028 257 4074; x_wconf 86' lang='lat' dir='ltr'><strong>est</strong></span> <span class='ocrx_word' id='word_1_428' title='bbox 276 4015 386 4074; x_wconf 88' lang='lat' dir='ltr'><strong>Nonne</strong></span> <span class='ocrx_word' id='word_1_429' title='bbox 402 4010 632 4091; x_wconf 77' lang='lat' dir='ltr'><strong>Corinthiorum</strong></span> <span class='ocrx_word' id='word_1_430' title='bbox 650 4014 770 4095; x_wconf 88' lang='lat' dir='ltr'><strong>oppida,</strong></span> <span class='ocrx_word' id='word_1_431' title='bbox 788 4013 978 4074; x_wconf 82' lang='lat' dir='ltr'><strong>Ambraciam</strong></span> <span class='ocrx_word' id='word_1_432' title='bbox 997 4025 1028 4072; x_wconf 90' lang='lat' dir='ltr'><strong>et</strong></span> <span class='ocrx_word' id='word_1_433' title='bbox 1040 4010 1220 4083; x_wconf 88' lang='lat' dir='ltr'><strong>Leucadem,</strong></span> 
     </span>
     <span class='ocr_line' id='line_1_47' title="bbox 60 4093 1251 4179; baseline -0.002 -23"><span class='ocrx_word' id='word_1_434' title='bbox 60 4096 181 4158; x_wconf 82' lang='lat' dir='ltr'><strong>invasit?</strong></span> <span class='ocrx_word' id='word_1_435' title='bbox 213 4099 327 4179; x_wconf 87' lang='lat' dir='ltr'><strong>Nonne</strong></span> <span class='ocrx_word' id='word_1_436' title='bbox 345 4098 472 4169; x_wconf 85' lang='lat' dir='ltr'><strong>Achaeis</strong></span> <span class='ocrx_word' id='word_1_437' title='bbox 492 4099 680 4178; x_wconf 87' lang='lat' dir='ltr'><strong>Naupactum</strong></span> <span class='ocrx_word' id='word_1_438' title='bbox 707 4093 876 4178; x_wconf 78' lang='lat' dir='ltr'><strong>ademptam</strong></span> <span class='ocrx_word' id='word_1_439' title='bbox 894 4096 1012 4157; x_wconf 87' lang='lat' dir='ltr'><strong>Aetolis</strong></span> <span class='ocrx_word' id='word_1_440' title='bbox 1037 4095 1218 4156; x_wconf 88' lang='lat' dir='ltr'><strong>traditurum</strong></span> <span class='ocrx_word' id='word_1_441' title='bbox 1248 4110 1251 4114; x_wconf 83' lang='grc'><em>“</em></span> 
     </span>
     <span class='ocr_line' id='line_1_48' title="bbox 58 4176 1230 4264; baseline -0.002 -22"><span class='ocrx_word' id='word_1_442' title='bbox 58 4181 188 4244; x_wconf 83' lang='lat' dir='ltr'><strong>iuravit?-</strong></span> <span class='ocrx_word' id='word_1_443' title='bbox 213 4182 326 4243; x_wconf 86' lang='lat' dir='ltr'><strong>Nonne</strong></span> <span class='ocrx_word' id='word_1_444' title='bbox 345 4176 495 4242; x_wconf 86' lang='lat' dir='ltr'><strong>Thchanis</strong></span> <span class='ocrx_word' id='word_1_445' title='bbox 514 4183 665 4243; x_wconf 88' lang='lat' dir='ltr'><strong>Echinum</strong></span> <span class='ocrx_word' id='word_1_446' title='bbox 684 4176 817 4264; x_wconf 81' lang='lat' dir='ltr'><strong>eripuit?</strong></span> <span class='ocrx_word' id='word_1_447' title='bbox 845 4183 960 4241; x_wconf 87' lang='lat' dir='ltr'><strong>Annon</strong></span> <span class='ocrx_word' id='word_1_448' title='bbox 978 4192 1084 4241; x_wconf 84' lang='lat' dir='ltr'><strong>eontra</strong></span> <span class='ocrx_word' id='word_1_449' title='bbox 1101 4181 1230 4264; x_wconf 81' lang='lat' dir='ltr'><strong>Byzan-¹</strong></span> 
     </span>
     <span class='ocr_line' id='line_1_49' title="bbox 58 4264 1219 4348; baseline -0.002 -23"><span class='ocrx_word' id='word_1_450' title='bbox 58 4267 112 4327; x_wconf 86' lang='lat' dir='ltr'><strong>tios</strong></span> <span class='ocrx_word' id='word_1_451' title='bbox 130 4289 213 4328; x_wconf 88' lang='lat' dir='ltr'><strong>nunc</strong></span> <span class='ocrx_word' id='word_1_452' title='bbox 233 4267 323 4335; x_wconf 85' lang='lat' dir='ltr'><strong>ducit</strong></span> <span class='ocrx_word' id='word_1_453' title='bbox 337 4266 514 4341; x_wconf 84' lang='lat' dir='ltr'><strong>exercitum,</strong></span> <span class='ocrx_word' id='word_1_454' title='bbox 532 4267 631 4331; x_wconf 89' lang='lat' dir='ltr'><strong>socios</strong></span> <span class='ocrx_word' id='word_1_455' title='bbox 652 4267 803 4348; x_wconf 82' lang='lat' dir='ltr'><strong>quorum?</strong></span> <span class='ocrx_word' id='word_1_456' title='bbox 820 4280 928 4326; x_wconf 73' lang='lat' dir='ltr'><strong>nonne·</strong></span> <span class='ocrx_word' id='word_1_457' title='bbox 941 4264 1080 4326; x_wconf 81' lang='lat' dir='ltr'><strong>vestros?</strong></span> <span class='ocrx_word' id='word_1_458' title='bbox 1103 4265 1219 4324; x_wconf 88' lang='lat' dir='ltr'><strong>Omitto</strong></span> 
     </span>
     <span class='ocr_line' id='line_1_50' title="bbox 58 4345 1319 4428; baseline -0.005 -16"><span class='ocrx_word' id='word_1_459' title='bbox 58 4365 190 4428; x_wconf 83' lang='lat' dir='ltr'><strong>caetera,</strong></span> <span class='ocrx_word' id='word_1_460' title='bbox 216 4352 274 4413; x_wconf 87' lang='lat' dir='ltr'><strong>sed</strong></span> <span class='ocrx_word' id='word_1_461' title='bbox 292 4347 647 4421; x_wconf 62' lang='lat' dir='ltr'><strong>Chersonesi‘maximam</strong></span> <span class='ocrx_word' id='word_1_462' title='bbox 666 4353 757 4415; x_wconf 86' lang='lat' dir='ltr'><strong>hahet</strong></span> <span class='ocrx_word' id='word_1_463' title='bbox 774 4350 881 4413; x_wconf 87' lang='lat' dir='ltr'><strong>urbem</strong></span> <span class='ocrx_word' id='word_1_464' title='bbox 900 4346 1046 4413; x_wconf 84' lang='lat' dir='ltr'><strong>Cardiam</strong></span> <span class='ocrx_word' id='word_1_465' title='bbox 1088 4345 1165 4410; x_wconf 86' lang='lat' dir='ltr'><strong>Cum</strong></span> <span class='ocrx_word' id='word_1_466' title='bbox 1183 4347 1219 4406; x_wconf 84' lang='lat' dir='ltr'><strong>ad</strong></span> <span class='ocrx_word' id='word_1_467' title='bbox 1248 4356 1255 4365; x_wconf 79' lang='lat'><strong><em>‘</em></strong></span> <span class='ocrx_word' id='word_1_468' title='bbox 1317 4411 1319 4414; x_wconf 57' lang='grc'>,</span> 
     </span>
    </p>
   </div>
   <div class='ocr_carea' id='block_1_4' title="bbox 0 0 1366 4754">
    <p class='ocr_par' dir='ltr' id='par_1_10' title="bbox 0 0 1366 4754">
     <span class='ocr_line' id='line_1_51' title="bbox 0 0 1366 4754; baseline 0 2"><span class='ocrx_word' id='word_1_469' title='bbox 0 0 1366 4754; x_wconf 95' lang='lat' dir='ltr'><strong> </strong></span> 
     </span>
    </p>
   </div>
  </div>
 </body>
</html>
