2722 4754
160 59 163 66 .
239 84 255 120 ι
361 96 363 100 Α
420 91 427 116 Ι

451 139 455 163 l

331 211 365 262 a
405 207 407 213 ·
445 167 814 287 ιιιοιιιιοιιιιι
848 181 902 278 ις
1152 203 1269 263 ιιι]
1306 244 1310 250 .

58 353 143 413 baec
162 353 389 417 evidentissima
407 357 507 417 sunt?
517 379 581 417 nou
578 329 672 417 ba'ec
684 356 846 416 manifesta
865 355 1030 416 collusio?
1038 354 1116 430 Quis
1135 365 1240 435 neget,
1315 342 1322 354 ’

41 439 129 500 -nisi
148 438 202 518 qui
221 460 285 499 non
305 441 466 523 diligenter
493 442 592 502 omnia
609 441 776 525 reputarit?
798 441 944 502 Aecum
969 440 1141 500 consessum
1161 457 1240 511 esse,

63 524 203 599 coluisse
223 523 388 604 Apbobum
410 527 575 626 praedium
584 526 675 602 illud,
700 527 873 606 priusquam
899 527 930 585 in
949 526 995 586 ius
1014 547 1029 584 a
1048 546 1096 584 me
1114 542 1238 585 vocare

62 623 131 684 tur,
148 592 187 668 de
207 609 339 669 divortio
359 623 459 669 autem
477 611 591 671 sororis
610 611 818 691 quaestionem
837 609 948 670 babere
968 610 1118 684 noluisse,
1137 609 1238 670 villam

64 706 141 783 post
159 694 304 753 iudicium
324 693 517 755 nudatam
485 717 549 756 esse
568 697 781 771 instrumento,
798 695 875 754 vasis
890 692 1032 775 exceptis,
1049 695 1095 754 u'ti
1109 705 1239 766 constet,

54 795 145 861 'cape
163 778 338 860 testimonia
357 792 388 840 et
405 779 480 863 lege

474 932 862 980 TESTIMONIA..

159 1035 225 1095 Etsi
243 1046 343 1093 autem
359 1052 419 1116 ego
437 1046 485 1094 tot
502 1036 686 1117 argumentis
704 1032 802 1103 nitor:
821 1036 941 1095 Onetor
957 1047 1059 1094 tamen
1076 1034 1151 1095 vel
1142 1033 1239 1123 inpri-

68 1121 130 1180 mis
149 1120 214 1201 ipse
234 1119 377 1191 ostendit,
395 1119 536 1177 simulari·
548 1120 718 1179 divortium.
747 1122 848 1195 Quem
868 1122 947 1179 enim
966 1142 1019 1200 par
1038 1133 1112 1193 erat,
1131 1139 1239 1178 nume-

69 1217 137 1274 rata
156 1205 244 1276 dote,
263 1216 298 1261 ut
315 1203 379 1283 ipse
399 1205 455 1275 ait,
474 1203 602 1262 moleste
620 1204 715 1277 serre,
740 1225 771 1264 se
790 1227 845 1286 pro
864 1217 990 1287 argento
1009 1218 1252 1264 controversum
1266 1195 1328 1253 40'

70 1283 231 1372 praedium
257 1288 410 1367 recipere,
436 1288 460 1346 is
479 1309 542 1347 non
560 1301 595 1347 ut
620 1290 825 1364 adversarius,
851 1303 903 1349 aut
920 1302 955 1349 ut
975 1280 1146 1349 aflectus
1120 1288 1240 1360 iniuria,
1294 1322 1295 1326 =
1337 1312 1339 1318 ·

72 1375 129 1434 sed
146 1385 182 1432 ut
200 1372 466 1442 coniunctissimus
493 1373 627 1431 omilium
647 1373 678 1431 in
698 1373 811 1433 iudicio
830 1387 945 1433 contra.
953 1396 1001 1433 me
1019 1374 1056 1433 ab
1074 1374 1127 1432 illo
1146 1373 1240 1446 stetit,

72 1481 110 1518 ac
120 1478 184 1533 me,
203 1457 256 1515 illo
274 1456 423 1539 adiutore,
440 1458 577 1533 fraudare
596 1457 778 1537 patrimonio
797 1458 939 1532 instituit,
959 1472 1103 1558 quantum
1122 1458 1154 1517 in
1162 1458 1240 1538 ipso

22 1559 24 1563 ’
72 1542 199 1622 quidem
217 1540 292 1627 luit,
311 1564 327 1600 a
346 1563 406 1621 quo
425 1541 554 1600 nulla
527 1562 555 1600 er
573 1565 706 1621 unquam
726 1556 791 1603 orta
808 1544 933 1604 fuerat
924 1544 1047 1603 iniuria:
1074 1533 1241 1624 Apbobum

71 1632 193 1699 autern,
214 1633 308 1705 qirem
326 1626 457 1685 alienum
475 1647 492 1684 a
511 1646 542 1685 se
561 1627 702 1687 iudicare
714 1627 907 1702 debebat,
883 1651 908 1687 ιι
927 1630 998 1707 quid
1019 1649 1143 1701 eorum,
1162 1646 1240 1707 quae

70 1734 159 1775 nunc
177 1710 296 1784 dicunt,
323 1731 426 1770 verum
446 1723 539 1783 esset,
558 1713 633 1772 meis
652 1713 761 1792 opibus
772 1708 910 1773 adiectis
923 1713 1156 1792 collocupletare
1175 1725 1240 1772 stu·
1282 1782 1283 1785 Ἴ

73 1797 154 1856 duit.
186 1795 293 1874 Neque
312 1795 361 1854 hic
380 1795 478 1854 solum
497 1795 528 1853 id
545 1795 635 1855 fecit:
654 1795 869 1870 sed,„lata1am
888 1799 1054 1870 sententia,
1073 1816 1240 1857 conscenso

72 1880 230 1961 praetorio
249 1880 376 1960 supplex
399 1879 504 1939 orabat
522 1893 552 1938 et
578 1880 785 1942 obtestabatur
810 1883 925 1942 iudices
945 1905 1012 1942 cum
1030 1881 1106 1946 fletu
1124 1895 1155 1941 et
1172 1881 1240 1962 plo-

71 1978 158 2038 ratu,
175 1964 287 2025 talento
300 1965 389 2039 ,litem
409 1977 444 2023 ut
461 1965 663 2044 aestimarent,
681 1981 771 2045 atque
790 1967 854 2046 ipse
873 1979 1051 2047 sponsorem
1068 1966 1132 2026 eius
1147 1987 1180 2025 se
1194 1964 1240 2024 os-

70 2049 204 2108 ferebat
244 2050 330 2123 Quae
358 2049 477 2108 tametsi
503 2049 605 2113 multis
632 2051 730 2109 modis
749 2064 888 2110 constant
905 2051 988 2132 (nam
1008 2063 1039 2109 et
1056 2051 1107 2129 qui
1125 2062 1190 2118 tum
1208 2049 1261 2108 in'

70 2133 232 2214 praetorio
250 2134 297 2193 ius
313 2133 452 2193 dicebant
467 2146 498 2192 et
513 2156 565 2213 qur
557 2134 699 2193 aliunde
714 2136 846 2207 aderant,
866 2133 1035 2215 c‘omplures
1051 2156 1084 2193 ea
1098 2130 1242 2212 norunt).
1257 2148 1261 2153 ·

71 2217 276 2288 nibilominus
301 2232 417 2279 tamen
427 2218 514 2277 vobis
540 2218 632 2278 etiam
656 2232 748 2297 testes
775 2222 928 2280 adducam.
972 2215 1053 2299 Cape
1079 2218 1138 2278 boc
1155 2215 1242 2277 testi·

72 2302 225 2378 moqium.
812 2333 814 2336 ·

454 2404 864 2508 ιιειιιιοιιιυιι.

98 2568 105 2600 '¹
163 2556 212 2617 Ad
231 2558 319 2629 baec,
336 2557 471 2631 ludices,
489 2579 599 2640 magno
620 2558 731 2618 indicio
750 2557 836 2617 facile
856 2558 1068 2640 cognoscitur,
1085 2556 1262 2617 mulierem¹

74 2661 183 2702 revera
198 2642 291 2704 fuisse
309 2655 432 2702 matrem
446 2643 582 2714 familias,
601 2664 634 2701 ac
646 2663 684 2702 ne
698 2643 790 2702 hodie
805 2643 939 2721 quidem·
946 2643 1053 2702 secisse
1073 2641 1245 2700 divortium.
1290 2643 1313 2674 ³

40 2745 48 2756 ·
75 2726 164 2786 Nam
175 2726 276 2786 baec'
267 2749 329 2806 ipsa
349 2727 473 2800 mulier,
500 2740 660 2806 antequam
678 2728 714 2786 ad
733 2727 896 2807 Aphobum
916 2729 1070 2798 veniret„
1074 2747 1130 2784 nec
1148 2745 1245 2802 unum
1282 2735 1284 2740 ’

79 2810 164 2870 diem
175 2812 273 2871 vidua
279 2811 362 2883 vixit,
377 2812 441 2883 sed,
453 2812 589 2870 tradente
602 2812 784 2882 Timocrate,
802 2812 838 2873 ad
853 2813 938 2872 illum
953 2834 985 2871 se
1000 2808 1144 2876 contulit:
1163 2810 1245 2869 nunc

76 2900 154 2955 vero
172 2896 306 2957 triennio
324 2908 395 2961 ιοιο
410 2895 460 2954 alii
478 2897 582 2976 nupsit
600 2897 715 2955 nemim
706 2895 854 2957 ’.ιιίιίιιι
889 2889 931 2955 At
949 2888 1014 2956 eain
1032 2896 1113 2968 t'um,
1131 2913 1170 2951 ne
1189 2889 1246 2950 viri
1326 2887 1331 2901 ⁸

60 2979 305 3066 *consuetudine
324 2993 457 3052 careret,
482 2981 622 3039 amarito
642 2982 678 3040 ad
696 2982 837 3040 maritum
856 3002 888 3040 se
907 2980 1088 3051 contulisse,
1107 2999 1188 3037 nunc
1205 2974 1246 3057 (si

77 3085 185 3140 revera
204 3063 391 3145 discesserit)
407 3077 468 3123 tam
488 3065 612 3146 longum
631 3078 750 3146 tempus
768 3066 930 3125 viduam
902 3087 1003 3126 rivere
1017 3063 1160 3132 voluisse,
1179 3061 1246 3139 quis
1291 3091 1295 3095 ·
1327 3117 1336 3138 s

80 3150 203 3222 credat,
222 3171 289 3209 cum
310 3149 409 3208 etalii
427 3149 543 3208 nubere
562 3149 684 3222 liceret,
703 3163 733 3210 et
750 3151 843 3209 irater
859 3163 956 3210 tantas
976 3170 1048 3229 opes
1066 3142 1247 3228 possideret,

80 3247 115 3292 et
132 3235 195 3313 ipsa
216 3255 249 3292 ea
269 3247 348 3293 esset
365 3233 482 3294 aetate?
517 3232 546 3290 A
564 3234 624 3295 lide
642 3229 791 3306 veritatis,
817 3234 954 3306 ludices,
980 3235 1053 3293 haec
1071 3232 1247 3302 abhorrent,

79 3314 261 3398 fabulaeque
276 3331 346 3378 sunt
359 3319 443 3389 baec,
463 3330 493 3377 et
506 3317 618 3387 mulier
630 3333 733 3398 aperte
746 3332 841 3381 mater
854 3319 980 3379 familias
995 3331 1050 3389 est,
1069 3337 1182 3416 neque·
1181 3334 1250 3373 rem

81 3401 212 3462 obscure
231 3403 298 3462 lert.
325 3403 427 3481 Atque
446 3403 521 3461 adeo
541 3402 735 3482 Pasiphontis
752 3403 839 3464 vobis
859 3402 1008 3463 exhibebo
1027 3399 1248 3471 testimonium,

80 3487 152 3566 qui,
170 3509 239 3547 cum
259 3509 329 3550 eam
342 3499 556 3586 aegrptantem
566 3501 703 3562 curaret,
731 3482 914 3549 assidentem
933 3488 962 3547 ei
980 3465 1056 3546 vidit
1072 3483 1269 3582 Apbobum,

79 3571 141 3631 boc
158 3585 324 3671 praetore,
340 3570 475 3631 bociam
495 3571 545 3631 isti
562 3568 677 3632 iudicio
697 3573 816 3642 dictato
852 3570 933 3654 Cape
950 3570 1143 3659 Pasipbontis
1162 3566 1249 3629 testi·
1291 3603 1293 3608 ,

80 3659 227 3717 monium

460 3774 870 3874 ιέιιιιιοιιιιιιι.

139 3916 143 3924 ’
168 3909 236 3994 Ego
255 3912 363 3992 igitur,
382 3911 516 3983 Iudices,
535 3913 618 3990 quod
637 3926 667 3972 et
684 3925 755 3993 post
772 3911 918 3971 iudicium
936 3910 1028 3970 istum
1045 3912 1145 3973 statim
1163 3925 1259 3983 rece?

81 3995 166 4076 pisse
184 3996 221 4055 ad
240 4017 271 4056 se
296 3996 454 4075 pecuniam
481 4017 517 4055 ex
534 3995 659 4056 aedibus
677 3994 819 4078 Apbobi,
846 4010 876 4057 et
893 4009 959 4055 tum
977 3994 1077 4067 illius,
1101 4010 1166 4057 tum
1184 3999 1251 4055 mea
1276 4001 1316 4062 41

83 4080 187 4140 omnia
205 4079 238 4138 in
253 4101 306 4138 sua
317 4092 466 4160 potestate
484 4081 605 4153 habere,
622 4095 656 4141 et
670 4080 828 4143 mulierem
846 4102 967 4140 manere
981 4083 1060 4158 apud
1074 4080 1251 4162 Apbobum,
1310 4125 1315 4131 ,

83 4163 227 4241 sciebam,
245 4177 305 4225 tres
324 4164 444 4237 ancillas
463 4164 500 4224 ab
520 4183 557 4224 eo
576 4166 736 4246 postulavi,
754 4187 831 4247 quae
850 4177 881 4226 et
898 4177 1024 4225 matrem
1039 4166 1165 4226 familias
1185 4184 1250 4227 esse
1289 4176 1297 4188 “

83 4249 251 4327 mulierem¹
264 4262 295 4309 et
311 4249 469 4329 pecuniam
486 4270 580 4330 penes
598 4251 673 4313 istos
691 4254 757 4312 es'se
774 4263 895 4322 norant,
912 4264 1024 4311 utnon
1038 4251 1130 4316 verba
1147 4250 1252 4321 modo,

82 4335 139 4395 sed
158 4333 353 4414 quaestiones
376 4334 466 4396 etiam
484 4334 522 4408 de
538 4356 572 4397 re
596 4335 800 4399 haberentue-
832 4335 1003 4415 Quae‘cum
1024 4336 1053 4398 ei
1069 4338 1117 4399 sio
1131 4334 1249 4421 denun-
1279 4379 1284 4387 -
