2722 4754
520 148 809 250 ansioni.
1018 155 1027 164 ’
1087 187 1089 193 ‘
1189 191 1251 249 aaa

80 343 194 403 invitos
218 345 256 404 ad
281 343 482 417 audiendum,
509 342 539 401 id
558 363 617 426 ego
637 360 761 424 prorsus
781 350 846 402 csse
864 354 953 423 turpe
972 335 1120 401 existimo.
1156 340 1251 423 Spero

79 441 199 502 autem,
226 429 252 488 si
275 428 351 488 mibi
368 429 461 489 bodie
480 428 703 503 auscultabitis,
728 447 782 488 vos
802 440 833 487 et
849 427 898 502 id,
926 428 1008 507 quod
1029 426 1178 508 optimum
1196 439 1252 499 est,

79 514 193 574 rectius
213 513 383 585 electuros,
413 525 444 572 et
461 527 660 595 suggestum
656 510 928 580 conscendentium
946 533 1101 572 sermones
1119 514 1252 574 facturos

83 621 149 659 esse
168 598 283 658 breves.
319 598 430 674 Quid
421 599 516 678 igitur
530 598 667 663 suadeo?
685 599 838 671 Primum,
856 597 1079 673 Athenienses,
1097 611 1133 659 ιιι
1151 599 1188 658 de
1207 597 1264 658 hir
1338 642 1341 650 s

83 670 176 766 ipsis,
195 706 272 763 quae
291 684 323 750 in
342 683 562 745 deliberatione
580 698 668 757 suut,
688 684 896 765 prodeuntem
915 704 1069 781 quemque
1088 683 1216 744 dicere
1206 707 1254 742 ιιι-

82 769 186 831 beatis.
222 770 318 829 Multa
338 769 418 829 enim
437 769 492 828 alia
513 769 675 849 complecti
692 769 831 829 oratione
850 769 963 849 possis,
969 779 1085 849 e'aque
1104 769 1214 829 dictu
1206 793 1251 830 ιι
1277 772 1339 830 437

83 849 250 916 dunda:
225 877 251 913 sa
269 855 463 936 praesertim,
485 867 521 915 ut
538 854 666 914 istorum
686 849 824 934 qnidam,
842 854 973 913 dicendo
992 853 1099 918 valeas.
1135 855 1256 930 Quodsi

82 953 209 1021 propter
234 940 383 999 audienda
406 939 497 1003 verba
523 940 725 1013 convenistis,
750 960 785 999 ea
802 951 867 1000 ιιιιιι
886 938 1002 1013 audiri,
1026 951 1092 999 tum
1117 939 1177 999 dici
1203 942 1256 1001 de.

83 1026 173 1085 bent:
202 1024 250 1084 sin
268 1025 306 1084 de
324 1045 425 1084 rerum
444 1025 564 1085 delectu
584 1024 799 1096 deliberaturi,
825 1044 1029 1097 monco'uos,
1055 1037 1093 1089 ut
1109 1025 1188 1104 ipsas
1206 1045 1258 1087 res

83 1111 211 1170 maxime
230 1111 325 1169 nudas
340 1109 528 1184 diiudicetis,
542 1110 707 1190 repudiatis
726 1108 826 1171 verbis
846 1108 998 1181 omnibus,
1017 1131 1094 1190 qnae
1109 1110 1255 1172 seducere

82 1205 220 1276 possunt
249 1195 317 1255 Hoc
334 1193 430 1275 igitur
446 1217 542 1254 unum
560 1209 615 1270 est,
633 1197 717 1276 quod
736 1196 820 1256 dico:
838 1195 967 1255 alterum
985 1195 1072 1269 illud,
1090 1196 1173 1276 qaod
1191 1198 1256 1257 for-

83 1293 163 1341 tasse
182 1278 362 1359 quibusdam
380 1279 557 1339 admirabile
574 1280 729 1354 videatur,
746 1293 795 1353 ut,
815 1279 842 1339 si
860 1279 1014 1341 orationes
1031 1280 1129 1341 minui
1147 1281 1258 1356 velitis,

77 1387 152 1424 -cum
171 1363 296 1423 silentio
314 1364 499 1431 auscultetis.
516 1365 592 1424 Nam
610 1367 647 1425 de
666 1383 702 1425 eo
721 1365 854 1445 quidem,
873 1365 956 1444 quod
974 1378 1026 1424 aut
1042 1364 1189 1425 baccam
1205 1367 1258 1427 illa

83 1450 273 1522 conducant,
309 1461 360 1509 aut
379 1471 456 1528 quae
475 1449 614 1530 quibn's
604 1472 637 1509 ιιι
638 1451 815 1550 republica
822 1449 1024 1530 praeferenda
1042 1448 1120 1522 siut,
1155 1471 1257 1531 neque

45 1583 48 1587 .
83 1534 175 1593 verba
194 1534 287 1594 multa
307 1545 488 1614 suppetunt,
517 1535 575 1594 nisi
594 1534 661 1614 quis
679 1536 789 1596 frustra
808 1556 916 1616 nugari
906 1534 1023 1608 velit,
1051 1554 1152 1634 neque
1172 1535 1254 1616 quis-

84 1641 173 1698 quam
194 1618 298 1677 eadem
317 1618 469 1679 inculcare
489 1620 590 1678 denuo
616 1620 703 1679 ausit
739 1623 855 1682 lustum
874 1631 975 1679 autem
994 1640 1060 1679 esse
1079 1621 1198 1693 d1cere,
1221 1635 1257 1680 ut

83 1704 194 1783 aliquis
213 1702 367 1776 audiatur,
393 1705 477 1762 etad
496 1705 660 1764 tumultum
674 1706 881 1804 respondere,
901 1718 932 1765 et
949 1704 1120 1764 sermonem
1139 1725 1175 1764 ex
1192 1726 1255 1765 ser-

83 1809 175 1848 mone
183 1807 314 1888 serere,
332 1808 424 1847 nemo
444 1801 490 1848 est
507 1789 583 1869 quin
600 1788 704 1870 possit
734 1789 992 1850 Tumultuando
982 1790 1078 1872 agitur
1095 1811 1159 1850 non
1176 1789 1255 1852 libe-

83 1860 192 1933 ramini
219 1829 438 1932 oratidnibus.
452 1874 508 1932 sed
533 1887 565 1933 et
587 1895 806 1955 supervacanea
831 1875 978 1955 quaedam
1002 1874 1107 1935 audire
1130 1895 1255 1936 necesse
1316 1892 1318 1896 ’

59 1952 210 2097 ’ξιιΙιιιὶι
239 1957 307 2015 Mea
332 1977 405 2016 vero
430 1959 582 2018 sententia
607 1960 644 2018 de
668 1959 716 2020 bis
740 1960 843 2034 rebus,
870 1960 907 2019 de
932 1958 1043 2040 quibus
1065 1958 1256 2036 deliberatis,

39 2046 46 2061 ¹
105 2061 158 2100 aee
178 2054 231 2102 est.

297 2426 1038 2573 ιιιίιοιίι.

567 2658 761 2669 ——n--u—-h-

501 2822 506 2827 .
656 2787 676 2843 l:

286 2926 289 2939 ¹
377 2904 457 2965 DE
495 2891 1010 2966 CON-CORDIA.

85 3016 216 3106 Omnis
225 3055 257 3114 et
270 3018 343 3106 dicti
362 3057 393 3104 et
410 3044 481 3106 sacti
499 3044 644 3129 grauioris
662 3043 811 3128 principia
829 3045 969 3106 ducenda
984 3044 1059 3107 mibi
1077 3001 1236 3110 videntur
1236 3071 1263 3111 a⁴

85 3131 161 3190 diis
168 3127 397 3190 immortalibus.
440 3130 554 3203 Precor
577 3142 678 3191 autem
702 3129 775 3191 deos
794 3129 926 3211 deasque
945 3150 1068 3202 omnes,
1093 3145 1152 3205 ut,
1170 3133 1254 3213 quod

84 3213 267 3277 Atheniensi
283 3213 403 3294 populo
418 3198 613 3277 utilissimum
633 3227 679 3275 est
697 3227 728 3275 et
745 3214 860 3294 populo
879 3215 958 3274 bene
977 3212 1189 3296 cupientibus,
1223 3217 1255 3278 id

86 3312 118 3360 et
140 3318 222 3362 nunc
241 3309 272 3359 et
289 3298 416 3378 posthac
433 3298 510 3361 mibi
526 3299 628 3360 veniat
645 3299 678 3359 in
695 3311 828 3360 mentem
849 3297 1002 3375 seribere,
1034 3312 1066 3359 et
1081 3299 1254 3363 Athenien-

85 3383 163 3443 sium
182 3381 325 3458 concioni
344 3384 515 3445 decernere.
551 3380 634 3444 Haec
651 3397 807 3464 precatus,
833 3405 900 3444 cum
919 3389 991 3465 sp'e,
1015 3382 1098 3444 mihi
1110 3384 1255 3449 divinitus

84 3467 199 3548 aliquid
218 3465 333 3529 bonum
351 3467 471 3533 venisse
489 3468 521 3527 in
539 3482 691 3541 mentem,
708 3468 753 3531 sic
770 3466 879 3528 scribo.

243 3588 540 3708 oauosrnauus
576 3616 749 3663 sanarer
784 3614 1034 3681 ιοιιιιοιιιιιι
1069 3621 1093 3664 s.
1202 3627 1205 3631 ·
1277 3579 1354 3677 438,

171 3718 266 3799 Quod
284 3720 322 3792 de
339 3698 410 3783 ineo
436 3719 468 3781 in
493 3721 621 3806 patriam
642 3719 745 3781 reditu
767 3716 930 3821 semper
910 3720 1053 3783 omuibus
1071 3694 1158 3794 vobis
1177 3719 1255 3783 deli-

85 3805 212 3870 berandi
231 3804 348 3886 copiam
366 3803 433 3865 sore
451 3818 544 3889 puto,
562 3826 646 3866 nunc
665 3805 702 3866 de
722 3824 759 3865 eo
777 3804 854 3865 nibil
872 3806 986 3886 scripsi.
1020 3802 1098 3866 Cum
1116 3817 1190 3865 ve'ro
1209 3804 1256 3865 vi
1319 3851 1322 3856 .

84 3893 183 3966 deam,
201 3887 261 3952 boc
279 3911 362 3951 nunc
380 3909 445 3953 esse
463 3902 602 3972 tempus,
621 3911 683 3971 quo
698 3909 767 3965 vos,
784 3889 810 3948 si
827 3901 910 3955 recta
928 3889 1054 3965 consilia
1073 3888 1256 3990 sequamini,
1323 3937 1331 3946 .

85 3977 176 4050 simul
202 3987 234 4040 ct
259 3975 416 4063 gloriam
413 3986 444 4035 et
469 3974 596 4041 salutem
623 3987 655 4035 et
677 3973 848 4037 libertatem
874 3973 999 4054 adipisci
1023 3974 1166 4073 possitis,
1191 3995 1255 4043 non

84 4055 179 4122 modo
197 4059 303 4133 vobis,
327 4055 391 4120 'sed
410 4056 441 4119 et
457 4058 582 4139 reliquis
600 4058 751 4119 universis
770 4056 912 4131 Graecis,
946 4058 994 4116 sin
1013 4057 1182 4119 erraveritis
1201 4059 1255 4120 de-

85 4145 204 4227 eeptive
229 4144 363 4218 (ueritis,
387 4164 457 4232 non
474 4144 568 4210 facile
585 4164 677 4226 posse
703 4141 829 4221 eandem
850 4127 1041 4217 occasionem
1065 4143 1256 4224 recuperari:

68 4229 157 4292 duxi
176 4250 290 4314 meam,
325 4249 429 4312 quam
422 4216 472 4288 de
490 4222 574 4290 bisce
591 4226 752 4299 haberem,
788 4225 965 4306 opinionem
984 4224 1017 4287 in
1034 4227 1168 4292 medium
1188 4246 1255 4300 esse

59 4343 63 4349 ¹
82 4315 320 4449 proferendam.
341 4309 480 4383 Difficile
498 4315 629 4426 quidem
641 4325 687 4396 ιιι
704 4331 760 4395 per
776 4310 883 4397 literas
894 4324 1069 4392 pertexere
1066 4308 1255 4430 consilium:

1242 4512 1251 4545 ι
1307 4526 1316 4535 .
