2722 4754
505 176 583 274 xun
626 208 761 274 enen
816 222 819 237 ·
933 256 959 265 „
1185 190 1256 275 27'

85 399 139 442 mm
152 369 239 433 Multo
258 366 346 427 enim
366 369 465 429 minus
483 379 605 450 gravate
620 365 770 426 dixissem
795 364 896 440 Nunc,
914 360 1097 447 quamquam
1116 369 1226 431 ohscu-

86 482 134 527 mn
140 467 198 529 est,
216 450 367 534 quidnam
386 453 457 512 hinc
481 457 700 512 consecuturus
718 450 793 510 sim:
816 453 934 525 tamen,
961 452 1031 532 quia
1048 444 1226 535 pershasum

88 548 164 618 hiber,
178 539 247 601 haec
265 537 352 599 lactu
373 537 460 598 vobis
477 536 543 598 fore
558 536 657 611 utilia,
676 536 804 625 dicere
795 537 921 599 rustitui
940 539 1050 600 Vincat
1067 539 1225 612 autemid,

91 624 234 716 qnodrohis
253 623 405 685 omnibus
423 623 618 703 profuturum
637 631 689 682 est
1016 649 1019 655 ·
1038 634 1076 653 '·

121 970 574 1093 ssonsarro
660 930 1216 1077 nealces

294 1260 909 1368 ΙΙιιιιυιιιιιιιιιι

43 1429 166 1535 Quum
181 1447 302 1509 bellum
316 1421 640 1533 Amphipolitanum
621 1450 673 1511 diu
692 1451 847 1525 durasset,
866 1426 970 1533 pacem
988 1464 1049 1512 tam
1067 1394 1229 1545 Philippus

79 1558 145 1622 quan
159 1531 367 1609 Athenienses
392 1535 618 1616 expetiverunt:
644 1534 868 1613 Athenienses,
893 1538 975 1617 quod
994 1537 1145 1596 fortuna'
1136 1557 1168 1596 ιιι
1187 1532 1225 1596 eo

76 1622 210 1687 utebantur
227 1619 374 1680 adversa:
392 1620 562 1704 Philippus,
582 1621 652 1701 quia
669 1635 822 1707 praestare
840 1622 983 1703 cupiebat
1001 1643 1045 1695 ea,
1064 1633 1224 1703 quactum

19 1772 24 1779 ,
75 1698 211 1808 Phossalis,
227 1700 298 1779 tuin
309 1704 471 1778 Thebanis
489 1705 677 1787 promiserat
695 1707 854 1769 Pollicitus
872 1720 973 1767 autem
990 1706 1091 1768 lucrat
1104 1708 1130 1766 Γ
1131 1706 1224 1766 heha

11 1856 13 1865 ¹
73 1794 116 1866 nis,
130 1811 159 1850 se
172 1788 405 1851 Orchomenum
421 1805 451 1853 et
465 1787 647 1871 Coroneam,
664 1791 812 1857 Boeotiae
831 1792 997 1875 oppida,
971 1813 1013 1851 ers
1025 1791 1225 1852 traditurum:

11 1880 15 1903 ''
71 1875 188 1956 utrisque
207 1896 239 1935 se
257 1875 419 1936 Phocense
438 1875 552 1938 bellum
572 1876 790 1937 confecturum
811 1877 842 1939 id
862 1878 945 1978 quod
964 1876 1000 1936 ab
1017 1897 1057 1936 eo
1075 1875 1144 1936 lieri
1160 1893 1225 1935 non

70 1973 196 2059 poterat,
193 1960 273 2018 dum
288 1958 396 2021 hostes
415 1961 542 2022 baberet
557 1950 585 2020 A
587 1960 779 2030 thenienses„
786 1961 863 2021 Nam
881 1962 965 2042 prius
984 1962 1075 2021 etiam
1085 1961 1125 2020 ‘in
1142 1958 1224 2018 Pho
1229 1974 1233 1980 “

68 2036 177 2138 cidem
167 2044 401 2125 impressionem
420 2048 569 2121 facturus,
596 2046 667 2129 quia
684 2045 890 2120 Athenienses
909 2048 1001 2106 classe
1021 2043 1225 2117 circumvecti,

67 2108 117 2203 cis,
133 2150 207 2210 quae
209 2129 315 2229 Pylae
333 2129 365 2212 (a
383 2128 538 2191 nonnullis
559 2132 648 2191 etiam
663 2129 902 2215 Thermopylae)
917 2143 1075 2204 vocantur,
1094 2148 1225 2210 occupa·

64 2228 140 2275 rant:
146 2213 293 2296 ‘regionis
308 2215 393 2283 aditu
412 2215 594 2316 prohibitus
603 2217 709 2277 luerat
736 2217 835 2290 Nunc,
853 2237 926 2296 pace
944 2217 1021 2276 lacta
1039 2236 1108 2276 cum
1126 2213 1224 2274 Athe-

64 2298 226 2372 niensibus,
245 2298 415 2360 obsistente
433 2301 572 2375 nemine,
590 2300 669 2363 intra
686 2302 776 2384 Pylas
793 2321 987 2401 progressus,
1001 2313 1124 2382 gentem
1142 2298 1225 2359 Pho'-

63 2406 176 2444 censem
192 2384 331 2445 funditus
351 2398 510 2459 everterat,
528 2386 692 2466 locumque
705 2384 937 2447 Phocensium
926 2396 1010 2447 anter
1021 2383 1262 2467 Amphictyo-

63 2491 113 2529 nes
130 2468 312 2549 illorumque
328 2468 360 2528 in
379 2470 513 2529 concilio
530 2470 674 2553 suffragia
691 2494 708 2530 a
726 2470 852 2550 reliquis
868 2469 992 2531 Graecis
1011 2480 1177 2550 acceperat,
1196 2479 1228 2529 et

60 2554 172 2636 legatos
191 2554 280 2614 etiam
297 2555 336 2616 ad
346 2553 552 2615 Athenienses
571 2554 703 2629 miserat,
721 2554 889 2635 postulans,
906 2568 988 2615 utet
1002 2554 1060 2636 ipsr
1051 2553 1160 2613 idetn
1173 2573 1226 2616 ιιι-

59 2651 122 2699 ιιιιιι
140 2638 291 2699 haherent
325 2639 577 2700 Demosthenes
567 2641 662 2739 igitur
678 2652 799 2713 monet,
818 2660 884 2700 esse
903 2638 1144 2711 concedendum,
1162 2657 1227 2698 non

59 2725 146 2802 quod
161 2745 226 2801 rem
248 2723 340 2804 ipsam
359 2725 486 2804 probet,
511 2738 564 2785 ant
580 2726 694 2784 iustum
714 2744 778 2783 csse
782 2722 892 2796 dicat,
915 2736 951 2783 ut
968 2723 1095 2782 Macedo
1115 2723 1225 2784 Graeci
1244 2729 1285 2786 37

11 2813 13 2822 '
59 2807 184 2866 concilii
202 2808 241 2869 sit
255 2809 417 2890 particeps:
437 2810 490 2868 sed
508 2809 707 2869 metuendum
726 2828 792 2867 esse
808 2807 958 2880 affirmat,
964 2826 1002 2866 ne
1016 2806 1113 2868 totius
1130 2806 1255 2868 Grae

59 2889 121 2951 ciae
140 2891 257 2955 infestis
275 2893 365 2954 armis
392 2907 616 2976 oppugnantur.
650 2891 921 2952 Atheniensibus
911 2891 992 2952 enim
1010 2891 1086 2952 alios
1103 2890 1170 2952 aliis
1189 2892 1227 2952 de

59 2976 154 3038 causis
173 2998 238 3037 esse
257 2977 403 3052 infensos,
418 2979 475 3058 qui
489 3000 643 3039 communi
627 2976 817 3038 consilio
807 2977 917 3058 ipsos
908 2976 1040 3037 anvasuri
1056 2976 1125 3037 sint
1143 2997 1226 3037 com·
1312 3036 1314 3041 .

58 3082 180 3121 munem
198 3062 275 3123 hanc
291 3060 422 3147 (inquit)
441 3064 631 3124 occasionem
650 3062 787 3123 dabimus
806 3074 911 3121 contra
930 3082 997 3134 nos,
1016 3061 1099 3140 quod
1117 3061 1176 3122 soli
1194 3062 1227 3121 hi
1302 3079 1306 3090 ·

60 3145 167 3223 simus,
186 3147 391 3227 quidecretis
404 3138 665 3232 Amphictyonum
685 3148 915 3209 intercedamus.
950 3146 1084 3205 Proinde
1103 3147 1227 3206 consul-

59 3229 117 3290 tius
136 3241 182 3292 est
197 3232 277 3292 tueri
295 3254 400 3314 pacem
419 3232 609 3316 (praesertim
625 3231 788 3313 Philippo
779 3243 858 3291 rutra
872 3231 960 3322 Pylas
979 3251 1152 3312 progresso,
1169 3231 1227 3291 At-

59 3314 194 3396 ticaeqne
212 3316 400 3378 invadendae
418 3326 599 3399 potestatem
619 3316 733 3399 nacto),
752 3338 841 3396 quam
858 3316 975 3375 obrem
993 3315 1141 3376 tantillam
1159 3329 1227 3376 tan·

60 3412 123 3460 tum
140 3401 220 3460 adire
238 3402 417 3484 periculum.
435 3404 518 3464 Haec
537 3404 635 3483 oratio
652 3401 791 3463 instituta
809 3400 932 3481 quidem
950 3399 1054 3474 fuisse,
1072 3402 1125 3460 sed
1140 3400 1226 3460 habi-

62 3496 93 3543 ta
110 3505 170 3544 esse
186 3484 218 3545 in
236 3485 364 3567 publico
383 3488 458 3548 mihi
476 3509 539 3547 non
557 3487 689 3549 videtur:
709 3489 802 3566 quum
819 3485 957 3545 Οιιιοι
948 3506 980 3545 ιιι
997 3485 1159 3565 Aeschinis
1178 3507 1227 3547 ac-

62 3569 209 3643 cusatione
229 3573 267 3633 de
287 3571 348 3631 hoc
367 3574 455 3633 etiam
477 3596 545 3633 eum
565 3562 649 3635 inter
663 3585 779 3633 caetera
797 3571 992 3643 criminetur,
1019 3572 1103 3650 quod
1121 3561 1229 3637 auctor

60 3637 156 3729 fuerit,
173 3668 208 3716 ιιι
221 3656 480 3742 Amphictyonica
493 3659 635 3741 Philippo
655 3657 783 3740 dignitas
803 3658 1033 3716 decerneretur:
1052 3676 1171 3716 cacum
1190 3657 1227 3715 de

60 3760 91 3799 re
109 3759 195 3800 nemo
213 3741 294 3802 alius
313 3742 427 3804 referre
444 3744 580 3817 auderet,
599 3766 637 3804 ne
656 3743 843 3807 Philocrates
861 3742 995 3822 quidem,
1014 3740 1151 3800 omniurn
1170 3740 1227 3800 im·
1307 3747 1311 3761 ¹

60 3824 308 3916 pudentissimos.
329 3829 455 3908 quod
430 3851 455 3889 st
470 3829 534 3910 ipse
552 3828 627 3889 hacc
644 3827 802 3901 suasisset,
820 3826 901 3892 haud
918 3826 1026 3907 utique
1042 3823 1228 3886 Aeschinem

62 3907 98 3968 ob
114 3909 184 3971 haec
202 3892 314 3972 eadem
334 3913 473 3995 culparet
503 3912 609 3975 Satis
599 3915 701 4017 igitur
711 3927 844 3995 apparet,
863 3934 933 3972 eum
951 3909 1157 3992 suspicionem
1175 3930 1228 3970 ve-

62 3992 160 4094 ritum,
185 4018 228 4057 ne
247 3995 386 4079 Philippi
403 3999 559 4061 studiosus
577 4013 609 4061 et
626 3997 838 4081 largitionibus
858 4018 960 4078 arege
979 4006 1140 4093 corruptus
1158 4015 1228 4055 sen-

61 4079 174 4142 tentiam
194 4081 279 4149 hanc
299 4082 409 4143 dixisse
427 4085 599 4173 videretur.
614 4084 699 4147 Nam
718 4096 749 4145 et
765 4083 798 4143 in
816 4082 899 4145 hac
889 4105 953 4163 apsa
979 4079 1118 4161 oratione
1136 4080 1228 4148 talem

61 4167 197 4244 quandam
219 4167 432 4248 suspicionem
450 4192 589 4239 amovere
608 4170 754 4243 nititur,
755 4169 828 4230 dum
844 4181 880 4228 ut
896 4166 1009 4248 patriae
1028 4177 1178 4246 amantem
1197 4176 1229 4224 et

61 4249 90 4309 ab
105 4251 296 4346 accipiendis
315 4252 491 4323 honeribus
509 4251 724 4319 abhorrentem
743 4275 775 4314 se
794 4251 992 4315 commendat

786 4404 800 4431 r*

464 4434 823 4450 w
