2722 4754
347 170 604 282 nnssnatsa
638 156 943 309 ructamus.
980 280 984 287 ,
1018 248 1021 254 -
1056 154 1061 167 ’
1165 215 1260 274 177-
1327 191 1331 210 '

70 366 156 430 teritis
172 377 289 426 tanturn
307 363 393 425 suam
411 359 525 425 locarat
543 384 675 445 operam,
692 377 808 425 utnon
827 364 1056 440 dissimulehae
1072 365 1105 426 in
1122 377 1226 449 poste,

72 451 251 526 tumeliam,
285 450 313 510 si
336 471 419 509 nunc
437 449 595 514 absolutus
613 450 722 523 fuerit,
757 450 802 509 illi
826 463 947 531 praesto
966 452 1104 513 futurum
1120 465 1226 513 contra

75 562 129 604 tor.
164 538 265 611 Quare
283 547 386 608 cavet,
414 535 556 614 nequod
574 535 622 594 vel
640 534 800 596 verbulum
817 533 958 616 Philippo
977 559 1043 599 non
1059 539 1226 604 iucundum

79 626 128 690 tibi
142 622 273 694 excidat,
294 634 352 680 nec
370 631 405 678 ut
422 620 547 679 missum
565 619 726 693 faciamus,
759 619 886 680 missum
903 617 990 684 feeit:
1016 625 1070 684 sed
1088 622 1225 685 laborare

80 708 198 779 infmia,
214 698 358 777 accusari,
377 705 495 782 quidvis
514 697 665 785 apud'vos
683 704 802 786 perpeti
820 704 913 764 satius
933 727 997 767 esse
1018 709 1116 785 ducit,
1136 731 1225 789 quam
1289 720 1292 725 '

83 792 173 879 aliquid
184 791 288 850 minus
306 800 426 872 gratum
444 789 585 870 Philippo
604 788 710 849 facere.
743 790 830 864 Quae
848 808 923 851 vero
940 791 991 851 illa
1009 806 1055 853 est
1073 789 1223 864 societas?
1247 795 1312 858 240

85 903 144 969 quae
161 889 240 958 tanta
251 872 314 935 vista
328 874 507 938 sollicitudo
527 876 564 934 dc
583 874 776 934 Philocrate?
811 873 931 950 Qucms,
958 876 983 936 si
998 898 1125 946 omnem
1143 880 1226 962 lega·
1298 864 1302 870 ¹

87 973 176 1035 tionem
191 959 427 1042 praeclarissime
446 959 581 1034 obiisset,
605 973 636 1021 et
653 960 812 1042 pecuniam
829 972 932 1021 tamen
950 966 989 1021 se·
1000 961 1127 1044 propter
1143 965 1227 1047 lega-

88 1046 347 1126 riorcmaccepisse
370 1045 530 1105 fateretur:
555 1045 632 1105 illud
657 1046 757 1127 ipsum
780 1044 886 1128 fugere
912 1058 944 1106 et
967 1047 1097 1108 sollicite
1121 1069 1227 1116 cavere

88 1143 267 1213 incorruptum
291 1130 426 1212 legatum
452 1130 673 1205 conveniebat,
709 1143 739 1190 et
769 1131 874 1190 testari
902 1142 987 1193 suant
1013 1133 1227 1217 integritatem.
1283 1137 1286 1144 ’

87 1225 133 1290 sed
146 1221 171 1281 id
186 1237 249 1276 non
267 1215 341 1275 fecit
358 1214 534 1275 Aeschines.
557 1216 641 1276 Haec
658 1236 761 1275 nonne
779 1215 939 1297 perspicua
957 1223 1039 1296 sunt,
1055 1218 1226 1280 Athenien-

45 1345 52 1352 ·
89 1309 140 1375 ses?
164 1304 241 1362 Haec
260 1321 366 1372 nonne
392 1301 545 1360 clamitant
563 1315 594 1360 et
612 1302 799 1380 loquuntur,
817 1302 977 1382 pecuniam
995 1304 1146 1386 accepisse
1164 1304 1226 1365 Ae-

92 1392 209 1461 schinen,
230 1399 267 1446 et
292 1397 421 1468 propter
443 1398 602 1468 argentum
620 1382 769 1467 perpetuo
797 1405 862 1447 esse
886 1387 1076 1468 improbum,
1103 1381 1227 1451 nouler

61 1479 65 1485 ’
91 1473 264 1560 duplicitate,
275 1484 336 1539 ,aut
354 1471 570 1557 ignoratione,
583 1484 636 1531 aut
652 1493 708 1552 per
725 1472 931 1533 calamitatem,
956 1473 997 1533 Et
1015 1474 1099 1555 quis,
1118 1474 1228 1555 inquit,

90 1561 252 1630 testificatur,
272 1577 321 1616 me
339 1557 490 1637 accepisse
507 1557 655 1618 munera?
672 1559 755 1616 Haec
774 1557 920 1627 enim'est
936 1560 1088 1639 praeclara
1105 1560 1156 1620 illa
1175 1561 1228 1621 de·
1268 1611 1271 1615 .

89 1647 171 1714 lensio.
209 1644 269 1703 Res
289 1642 388 1721 ipsae,
413 1640 581 1716 Aeschine,
607 1664 685 1723 quae
703 1654 775 1702 sunt
791 1643 852 1702 fide
871 1644 1008 1724 omnium
1027 1626 1272 1728 dignissimae.''

85 1739 171 1814 Neque
184 1727 240 1789 dici
257 1740 361 1808 potest
378 1740 430 1788 aut
448 1729 591 1807 praetexi,
614 1729 713 1788 vel-ex
730 1728 926 1808 persuasione
945 1729 1071 1795 alicuius
1090 1745 1144 1792 ant
1160 1753 1249 1813 grau,

55 1808 59 1819 ⁵
89 1815 197 1883 tificandi
211 1813 313 1874 studio
334 1834 382 1873 eas
402 1833 467 1873 esse
487 1813 579 1872 tales:
607 1815 660 1873 sed
679 1813 782 1893 quales
800 1815 1012 1894 prodendo'et
1030 1836 1228 1899 corrumpen-
1245 1828 1253 1895 ,t
1278 1850 1283 1855 ·

86 1909 121 1968 do
141 1917 170 1963 tn
189 1920 234 1960 eas
253 1898 401 1972 effecisti,
426 1899 502 1958 tales
520 1898 553 1957 in
572 1899 759 1979 exquirendo
774 1908 931 1979 'apparent
973 1901 1013 1960 Et
1036 1915 1157 1981 praeter
1178 1923 1228 1962 res

52 2010 75 2055 ,·
90 1994 151 2074 ipsas
165 1987 217 2046 iam
232 1998 300 2045 tute
318 1985 350 2043 in
368 1997 400 2044 te
418 1984 500 2053 dices
518 1985 736 2045 testimoninm.
755 1982 833 2065 Age,
851 1983 918 2047 hucv
929 1986 1035 2046 assiste
1052 1999 1084 2047 et
1100 2008 1228 2069 respon-

91 2079 119 2138 de
131 2073 207 2133 mibi:
223 2091 324 2151 neque
344 2070 425 2129 enim
443 2091 499 2155 per
515 2070 697 2152 imperitiam
715 2067 827 2129 hahere
844 2083 876 2129 te
894 2071 1030 2152 negabis,
1049 2072 1124 2152 quid
1139 2073 1230 2133 dicas.

92 2158 150 2222 Cam
165 2158 240 2218 enim
257 2177 351 2216 novas
371 2159 482 2215 causas'
498 2168 640 2236 tanquam
665 2153 797 2229 fabulas,
833 2175 945 2235 easque
962 2157 1175 2238 sineltestibus
1193 2157 1231 2218 ad

93 2243 248 2330 praefinitam
273 2242 354 2302 diem
379 2253 536 2302 accusator
558 2243 678 2315 vincas,
704 2258 740 2301 ex
758 2260 795 2301 eo
813 2255 947 2314 constat,
972 2254 1005 2315 te
1030 2263 1096 2303 esse
1121 2241 1232 2304 acerri-

92 2352 161 2392 mum.
179 2330 366 2408 Quamquam
385 2340 485 2387 autem
504 2329 600 2389 multa
616 2340 688 2403 sunt
710 2340 740 2388 et
757 2327 870 2385 atrocia
888 2326 1002 2387 scelera
1019 2325 1180 2389 Aeschinis
1201 2340 1233 2389 et
1320 2357 1325 2369 1

91 2428 176 2499 magua
189 2413 380 2494 improbitate
398 2413 526 2486 referta,
542 2426 579 2473 ut
596 2413 688 2473 vobis
701 2413 801 2485 etiam,
819 2411 879 2471 nisi
896 2413 995 2487 fallor,
1013 2411 1259 2494 videtur,=nnl-‘-

91 2502 144 2564 lnn
155 2506 261 2573 tamen,
279 2519 349 2558 meo
369 2498 493 2579 quidem
508 2498 648 2578 indicio,
674 2511 721 2558 est
745 2497 876 2557 atrocius
890 2511 958 2558 ‘aut-
973 2497 1143 2559 evidentius
1160 2510 1230 2558 'cor-
1277 2564 1288 2570 ‚

92 2587 247 2669 ruptehrum
265 2584 330 2644 eius
350 2597 579 2665 argumentum,
603 2596 657 2664 aut
689 2584 772 2663 quod
798 2583 894 2666 magis
912 2585 1055 2644 ostendat
1071 2584 1232 2665 palamque

92 2675 266 2744 demonstret,
293 2666 364 2729 eum
378 2670 533 2750 accepisse
552 2690 677 2728 munera
695 2682 726 2728 et
743 2669 916 2728 vendidisse
936 2668 1054 2742 omnia,
1074 2689 1111 2728 eo
1121 2686 1136 2741 ,¹
1149 2669 1232 2746 quod
1255 2694 1261 2702 ’

94 2771 123 2819 et
134 2770 200 2818 nunc
213 2757 315 2818 dicam.
346 2751 424 2814 Cum
443 2756 502 2815 iam
520 2755 644 2815 tertium
661 2754 779 2836 legatos
797 2753 918 2812 missuri
938 2752 1042 2812 essetis
1062 2753 1098 2812 ad
1116 2752 1233 2834 Philip-

92 2865 154 2924 pun
171 2854 291 2925 propter-
308 2841 475 2922 praeclaras
503 2853 535 2901 et
558 2840 681 2922 magnas
700 2839 771 2898 'illa's
798 2859 867 2919 spes
892 2858 995 2898 earum
1018 2857 1134 2912 rerum,-
1158 2858 1233 2917 quas
1253 2880 1280 2903 ,.

75 2929 140 3003 xiste
154 2927 355 3008 pollicebatur:
374 2927 530 3010 delegistis
549 2939 581 2987 et
597 2927 689 2985 istum
708 2937 739 2984 et
756 2943 805 2983 me
823 2936 855 2983 et
872 2945 908 2985 ex
925 2921 1051 3002 reliquis
1069 2923 1235 3004 plerosque

93 3012 199 3094 eosdem
243 3013 311 3094 Ego
337 3033 516 3094 progressus
543 3012 645 3072 statim
671 3009 793 3070 einravi.
836 3008 1233 3084 Tumultuantibusantem

91 3097 249 3178 quibusdam.
263 3111 295 3158 ct
312 3118 361 3157 me
380 3097 425 3157 ire
443 3094 639 3170 iubentibus,
655 3095 784 3178 negavi,⁸
798 3115 846 3154 me
864 3095 1031 3155 abiturum:
1057 3092 1117 3154 iste
1132 3106 1234 3154 autem

94 3183 203 3244 delectus
220 3197 291 3243 erat
333 3183 453 3244 Deinde
473 3205 541 3243 cnm
559 3181 669 3242 concio
687 3180 883 3254 surrexisset,
917 3180 1073 3263 congressi
1090 3179 1142 3241 isti
1161 3200 1234 3239 con·
1260 3228 1263 3233 .

91 3267 229 3343 sultab'mt,
247 3291 339 3350 quem
357 3268 407 3339 hic
425 3268 563 3329 relicturi
581 3280 691 3327 essent
716 3268 798 3326 Dum
816 3266 899 3325 enim
917 3265 1082 3325 etiamnum
1100 3265 1133 3326 in
1148 3275 1235 3325 motu
1272 3292 1304 3337 ς

92 3366 173 3413 essent
187 3355 284 3414 omnia
299 3366 331 3428 et
343 3353 458 3414 incerta
475 3356 650 3415 futurorum
665 3351 867 3434 exspectatio:
884 3364 949 3415 tum
961 3356 999 3411 et
1010 3346 1191 3433 congressus
1204 3361 1256 3429 et,

41 3504 43 3521 Ι
92 3438 164 3513 verba
176 3439 250 3500 uaria
268 3440 301 3500 in
318 3438 387 3499 foro
406 3440 526 3501 fiebant
544 3437 723 3500 Metuebant
741 3437 833 3510 enim,
850 3458 889 3496 ne
906 3435 1010 3496 subito
1028 3437 1137 3496 concio
1155 3435 1236 3495 indi·
1291 3464 1293 3469 r

63 3536 66 3540 '
93 3537 195 3601 ceretrr,
210 3539 242 3586 et
258 3546 325 3600 vos,
343 3526 444 3587 audita
459 3548 495 3585 ex
508 3547 556 3586 mc
574 3524 712 3598 veritate,
729 3522 842 3602 aliquid
863 3520 1030 3603 opportuni
1043 3522 1081 3582 de
1094 3522 1235 3582 Phocen-

91 3608 158 3670 sibus
168 3611 376 3685 decerneretis,
390 3625 422 3673 et
436 3613 594 3693 Philippus
607 3609 809 3693 gerendarum
823 3629 925 3667 rerum
943 3607 1133 3678 occasionem
1148 3605 1246 3678 amit-,
1288 3659 1290 3665 .

91 3704 158 3755 teret
184 3697 258 3758 Nam
277 3698 303 3758 si
321 3699 477 3758 decretum
495 3699 639 3757 duntaxat
655 3694 818 3755 fecissetis:
837 3689 1007 3757 conservati
1018 3688 1134 3767 essent.
1164 3691 1236 3757 Non

92 3780 156 3840 enin
175 3783 308 3844 licuisset
330 3782 489 3866 Philippo,
514 3783 573 3843 nisi
594 3797 651 3844 'vos
679 3780 799 3863 decepti
824 3777 1090 3853 essetis,[manere
1115 3776 1237 3839 diutius.
1302 3769 1318 3813 '-

91 3863 177 3948 Neque'
192 3870 272 3949 enim
288 3868 476 3930 frumentum
495 3881 559 3929 crat
572 3867 604 3927 in
618 3866 696 3949 agris
711 3878 838 3946 propter
855 3865 968 3925 bellum
986 3863 1119 3938 incultis,
1137 3881 1238 3942 neque
1258 3869 1319 3928 241

92 3950 162 4012 etian
176 3954 278 4017 invehi
294 3955 461 4035 potuisset,
480 3954 588 4014 vestris
605 3951 780 4013 triremibus
799 3949 843 4011 ibi
860 3950 1087 4033 praesentibus,
1107 3961 1138 4010 et
1155 3962 1237 4008 mare
1257 3958 1269 3968 “

92 4035 277 4101 obtinentibus
295 4052 327 4101 et
343 4040 548 4100 Phocensium
565 4039 656 4100 nrbes
682 4037 794 4098 multae
813 4049 899 4096 erant
917 4048 947 4096 et
964 4047 1139 4117 expugnatu
1157 4033 1237 4095 ttffi-

93 4121 158 4199 tiles,
172 4127 227 4186 nisi
243 4146 328 4186 mora
347 4139 378 4186 et
395 4125 564 4185 obsidione.
581 4125 658 4184 Nam
672 4123 699 4183 si
713 4122 840 4205 singulis
859 4121 967 4182 diebus
986 4120 1121 4202 singulas
1138 4119 1237 4201 cepis-

93 4220 129 4282 set
141 4210 234 4286 nrbes,
252 4212 328 4272 dnae
348 4223 379 4272 et
391 4206 499 4294 viginti
516 4211 642 4271 fuerunt
657 4228 795 4275 numero.
813 4208 943 4286 Propter
961 4225 995 4266 ea
1013 4205 1108 4289 igitur
1126 4205 1238 4279 omnia,

46 4328 51 4333 ·
94 4295 328 4376 nequitiarum
345 4297 518 4369 mutaretis,
541 4296 574 4357 in
593 4295 704 4376 quibus
722 4289 968 4375 deceptieratis,
986 4290 1079 4352 istum
1097 4291 1237 4352 hiereli·
1288 4315 1290 4319 ·

56 4411 74 4473 '.-
93 4391 224 4462 querunt:
236 4381 540 4457 aeduinum-nulla
559 4381 646 4442 allata
665 4384 770 4453 causa,
792 4398 856 4437 non
874 4376 1035 4438 ferendum
1054 4390 1120 4439 erat
1136 4391 1170 4438 et
1186 4396 1237 4436 ve·
1329 4457 1331 4463 Ι

987 4472 1036 4539 ll

258 4621 284 4647 ’κ
