2722 4754
476 208 480 217 .
666 192 670 215 ι
1144 177 1168 214 “.

339 203 607 269 ADVERSUS
640 203 888 315 BOEOTUbi
920 205 1018 266 ιι
1122 262 1140 289 x
1168 207 1230 268 ast
1332 274 1336 284 ¹

41 409 54 433 s
65 382 130 424 esse
148 359 289 435 iniuriis,
306 361 455 462 dictipans.
479 363 553 419 Vos
571 370 691 433 autem,
709 348 844 434 ludices,
863 381 900 422 eo
918 330 1129 444 potissimum,
1147 347 1232 440 qnod

64 448 212 510 svestris
229 446 342 506 liberis
366 445 444 505 male
467 444 572 504 addire
591 442 730 517 nolletis,
756 466 813 506 nec
834 447 929 509 istum
950 448 1028 528 patri
1051 445 1233 506 maledicere

65 532 228 615 patiamini.
260 532 370 610 Neque
388 528 470 590 enim
464 525 647 589 serendum
664 529 771 604 luerit,
789 550 857 589 cum
875 552 940 605 vos,
959 533 1026 607 ιιι,
1038 528 1142 612 quiin
1158 552 1233 612 pau·
1270 602 1277 611 .

65 640 171 678 corum
191 618 348 677 dominatu
373 614 538 674 multos
510 634 590 674 cives
614 614 726 673 indicta
754 634 841 674 causa
859 629 1070 717 peremerant,
1094 615 1234 677 reconci-
1272 617 1318 697 ’μ

67 702 146 775 liati,
165 703 259 783 pactis
279 713 310 761 et
327 701 485 760 convomis
504 699 607 772 stetis,
624 699 704 759 sicut
722 686 868 759 bonos
836 720 920 784 ymos
940 702 1042 762 dccet:
1059 702 1162 776 istum,
1179 701 1234 783 qui
1276 763 1277 767 ,

66 802 135 849 carm
153 801 237 888 patre
256 786 375 846 vivente
393 806 457 845 rem
476 785 623 867 transegit
640 776 812 866 multisque
835 785 927 847 rebus
946 787 1004 846 suit
1021 807 1077 868 per
1092 787 1234 863 iniuriam

65 873 274 957 superior,
257 892 339 934 nunc
365 882 481 930 veteres
507 869 638 931 offensas
671 889 819 932 renotare
844 871 907 951 pati
931 871 1021 952 eique
1046 872 1235 933 maledicere.

66 959 192 1018 Minime
212 946 300 1026 verb,
328 953 547 1028 Athenienses·
582 954 669 1015 sed
660 955 798 1036 inprimis
823 965 928 1017 vetate
941 979 1010 1018 eum
1029 955 1104 1016 haec
1121 956 1235 1018 facere·

54 1043 114 1104 ,sin
131 1042 265 1101 vobis'
237 1064 296 1102 vim
316 1040 451 1100 saciet
423 1045 513 1120 esque
532 1016 775 1113 conviciabatur,
794 1041 955 1127 cogitate,
961 1043 1059 1124 ipsum
1078 1033 1184 1100 eontra
1203 1062 1236 1100 se

68 1128 168 1190 dicere
186 1127 407 1200 testimonium,
424 1148 456 1186 se
474 1148 510 1185 ex
529 1147 566 1186 eo
584 1147 649 1185 non
668 1147 734 1186 esse
747 1138 860 1197 natum.
878 1126 943 1203 Qui
956 1127 1036 1188 enim
1051 1139 1162 1187 natura
1179 1126 1236 1185 filii

69 1225 156 1285 sunt,
181 1212 299 1272 etiamsi
317 1234 384 1271 cum
403 1211 539 1292 patribus
558 1211 729 1271 viventibus
753 1212 841 1272 rixati
859 1213 1003 1286 suerunt,
1026 1225 1058 1272 at
1075 1211 1237 1297 defunctos
1294 1251 1300 1268 ι
1328 1239 1331 1250 ·

67 1299 208 1358 laudant:
226 1298 278 1396 qui
296 1310 396 1357 autem
414 1318 553 1376 cumpro
571 1296 641 1355 filiis
660 1295 865 1369 habeantur,'
856 1317 922 1377 rpso
942 1317 1054 1380 genere
1073 1292 1136 1356 non
1149 1308 1237 1370 sunt,
1263 1363 1266 1371 Ι
1289 1319 1292 1332 ⁴

68 1395 102 1444 ut
120 1382 234 1452 sacilc'
225 1405 257 1441 m
275 1381 409 1441 viventes
428 1379 686 1453 invehuntur,'s1c
704 1402 761 1440 nec
779 1381 939 1442 defunctos
950 1382 1162 1464 'proscindere
1173 1402 1237 1440 ma·
1265 1383 1268 1434 ἶ

68 1468 187 1528 ledictis
207 1466 398 1525 erubescunt
433 1462 498 1525 Sed
518 1466 563 1524 his
585 1464 702 1525 omissis
722 1465 871 1547 cogitate,
897 1489 987 1546 quam
1006 1467 1169 1546 absurdam
1189 1464 1238 1540 sit,
1265 1484 1270 1491 ’

67 1554 160 1612 istum
185 1552 263 1632 patri
285 1564 320 1610 ut
344 1551 374 1637 ιιι
400 1571 433 1611 se
457 1549 770 1624 iuiurIoconviciari,
798 1551 851 1630 qui
869 1562 995 1633 propter
1013 1552 1122 1612 illius
1113 1551 1244 1612 iniurias

68 1637 141 1698 civis
166 1649 215 1696 ιιι
238 1650 338 1696 vester
346 1624 467 1695 f.acms
501 1635 547 1697 Ac
566 1655 624 1716 ego
643 1635 784 1714 quidem,
812 1649 939 1718 propter
958 1634 1088 1698 istorum
1112 1650 1238 1704 matrem
1281 1635 1327 1717 w'·

65 1722 197 1783 duabus
206 1712 381 1802 patrimonii
398 1719 535 1801 partibus
548 1720 736 1800 spoliatus,
743 1733 863 1801 tamen,
889 1723 982 1804 ιιιιιι
1000 1707 1136 1821 pudoie,
1160 1721 1239 1782 nihil

65 1807 141 1868 mali
168 1808 205 1866 de
231 1820 282 1867 ea
280 1808 389 1866 dicere
414 1805 524 1866 ausim:
551 1818 583 1865 at
599 1805 672 1879 iste,
698 1827 789 1901 quem
814 1806 872 1867 sibi
897 1821 1012 1887 patrem
1037 1789 1103 1868 fieii
1128 1807 1240 1889 co'e'git,
1305 1852 1308 1859 .

65 1913 141 1950 cum
164 1892 197 1951 in
221 1905 386 1987 conspectu
405 1905 506 1951 vestro
524 1891 704 1970 vituperare
714 1897 777 1951 non
797 1905 934 1966 veretur,
961 1915 1060 1977 eoque
1085 1893 1169 1953 venit
1192 1893 1237 1952 in
1263 1902 1264 1909 ’

61 1977 201 2049 scitiae,
209 1990 259 2050 ut,
278 1982 345 2037 cum
364 1977 450 2058 leges
466 1975 665 2050 interdicant,
682 1997 739 2035 nee
751 1977 884 2036 aliorum
904 1979 1039 2057 patribus
1058 1978 1241 2038 maledicere
1322 2007 1331 2018 ι

63 2061 233 2133 defunctis,
252 2083 320 2121 eum
324 2062 407 2161 iste,
425 2061 512 2121 cuius
529 2082 562 2120 se
580 2060 675 2143 lilium
695 2084 761 2121 esse
779 2059 957 2144 perhibet,
948 2073 1131 2122 insectetur:
1149 2085 1240 2142 quem
1274 2096 1278 2109 =

63 2146 290 2229 conveniebat,
308 2146 334 2205 si
352 2146 419 2225 quis
439 2146 560 2205 elalius
581 2132 784 2219 obtrectaret,
799 2146 961 2247 indignari.
977 2146 1121 2207 Arbitror
1139 2148 1241 2221 etiam,
1277 2221 1279 2224 Α

58 2230 147 2303 fore,
160 2244 206 2304 ut,
225 2252 293 2289 cum
307 2230 377 2290 aliis
387 2231 572 2312 argumentis
588 2231 755 2303 delicietur,
774 2228 849 2290 mihi
861 2232 1066 2306 maledicere
1056 2233 1196 2293 mstituat
1210 2245 1243 2291 et

64 2337 119 2376 me
137 2316 342 2397 perstringere
360 2328 505 2387 conetur,
528 2311 785 2399 commembrans',
808 2338 856 2376 mc
875 2330 906 2376 ct
924 2314 1094 2393 educatum
1101 2331 1136 2378 et
1153 2316 1243 2376 insti·
1277 2323 1279 2327 ’
1320 2355 1326 2362 -

63 2414 171 2462 tutum
201 2417 267 2460 esse
293 2413 324 2460 et
340 2401 372 2458 in
391 2400 523 2479 paternis
543 2398 668 2480 aedibus
695 2402 882 2486 contraxisse
899 2389 1153 2477 matrimonium,
1183 2401 1250 2462 sibix

65 2486 149 2547 nihil
168 2486 278 2545 horum
296 2486 468 2568 contigisse.
496 2490 580 2547 Vos
594 2499 695 2546 autem
714 2487 862 2570 cogitate,
885 2509 935 2548 me
952 2511 967 2547 a
984 2502 1080 2548 matre
1099 2489 1242 2549 defuncta

53 2593 201 2655 puerum
218 2572 376 2643 relietum,
401 2584 437 2635 ut
460 2568 563 2629 mihi
560 2571 632 2630 satis
657 2531 769 2632 lueritb
775 2595 867 2632 usura
890 2573 970 2634 dotis
995 2587 1055 2645 tam
1074 2576 1116 2634 ad
1128 2574 1243 2635 rictum
1324 2648 1327 2654 Ι

67 2678 162 2738 quam
180 2657 244 2715 ad
236 2657 476 2716 institutionem:
495 2656 526 2716 in
545 2669 671 2715 matrem
690 2661 790 2718 autem
809 2658 954 2732 istorum,
972 2659 1178 2761 Plangoneiun,
1192 2680 1244 2718 se·
1334 2721 1337 2730 ,

72 2765 142 2802 cum
161 2742 236 2802 istos
255 2743 385 2801 alentem
405 2754 436 2800 et
452 2741 575 2801 ancillas
594 2743 787 2833 complures,
799 2756 831 2804 et
848 2742 948 2824 ipsam
962 2757 1120 2817 sumtuose
1137 2748 1240 2804 visera·
1268 2745 1331 2805 142

72 2841 153 2900 tem,
179 2849 246 2886 cum
266 2829 301 2887 ad
323 2849 356 2886 ea
373 2839 489 2916 patrem
508 2849 626 2899 meum,
649 2849 753 2888 amore
771 2841 909 2911 captum,
927 2812 1132 2910 praebitorem
1150 2829 1286 2911 halte-

73 2925 122 2973 ret
138 2924 171 2971 et
187 2935 310 2994 magnas
329 2913 517 2992 impensas
495 2912 595 2971 lacere
614 2920 761 2996 cogeret,
772 2936 833 2973 non
853 2915 984 2997 utique
978 2914 1131 2975 tantillum
1150 2917 1188 2975 de
1206 2915 1244 2974 il-

74 2976 132 3057 lius
145 2997 281 3098 opibus,
306 2997 501 3076 quantumin
520 3019 585 3069 me,
610 3008 764 3058 sumtuum
785 3021 850 3059 esse
868 2998 988 3060 sactum
1009 3001 1128 3075 Quare
1145 3001 1243 3062 multo

46 3083 168 3164 ,magis
192 3082 245 3142 isti
267 3104 283 3141 a
301 3101 349 3140 me
368 3083 529 3141 accusandi
544 3095 647 3155 eraut,
672 3107 762 3163 quam
781 3107 840 3167 ego
858 3077 896 3144 ab
913 3078 988 3146 istis.
1030 3084 1107 3145 Nam
1123 3099 1246 3167 praeter

73 3181 209 3241 caetera,
244 3167 353 3248 viginti
371 3166 467 3226 minas
486 3188 553 3226 cum
572 3182 657 3248 patre
675 3182 829 3233 mutuatus
853 3191 874 3229 a
886 3170 1020 3250 Blepaeo
1037 3172 1188 3240 messario
1207 3172 1261 3247 ad,

65 3253 241 3321 ¹emtionem
261 3253 411 3354 quandam
428 3239 619 3325 fodinamm,
648 3253 779 3314 fodinas
784 3243 907 3346 quidem
926 3267 997 3335 post
1013 3257 1106 3336 patris
1125 3257 1244 3325 obitum

71 3339 202 3420 partitus
223 3357 290 3397 cum
308 3338 375 3397 istis
393 3360 481 3409 sum,
512 3351 653 3398 mutuum
678 3352 778 3399 autem
798 3361 855 3422 ego
874 3341 1001 3400 reddere
1020 3363 1086 3400 sum
1106 3355 1247 3402 coactus·
1271 3368 1275 3375 ¹

62 3423 146 3484 'alias
174 3423 263 3483 etiam
289 3423 372 3482 mille
397 3410 585 3483 drachmas
576 3447 610 3482 ιιι
631 3424 725 3485 funus
750 3429 843 3519 patris
867 3446 883 3484 a
908 3425 1075 3510 Lysistrato
1098 3426 1247 3487 Tboridio

75 3521 251 3595 mutuatus,
277 3508 415 3589 privatim
434 3507 564 3568 solui-,E
539 3509 638 3570 Etiam
657 3509 769 3571 baec
749 3532 766 3571 a
783 3531 832 3575 mc
850 3530 920 3574 vere
939 3511 1017 3589 dici,
1041 3529 1079 3573 cx
1096 3489 1188 3574 hisce
1198 3524 1246 3574 te·
1307 3555 1308 3558 ,

72 3591 227 3677 stimoniis
246 3593 469 3722 cognoscetis.
691 3674 708 3699 ο

443 3748 881 3802 TESTIMONIA

130 3846 241 3910 ·Cum
259 3871 316 3932 ego
330 3848 429 3933 igitur
444 3852 530 3912 adeo
537 3853 696 3914 manifeste
701 3868 797 3929 tanto
815 3845 967 3917 deteriore
984 3852 1200 3916 conditioue'
1174 3875 1249 3915 sim:
1271 3876 1273 3883 ¹

75 3933 133 3995 iste
151 3957 235 3995 nuuc
254 3935 437 4016 quiritando
455 3951 486 3997 et
508 3938 696 4031 indignando
721 3963 772 4000 me
787 3942 878 4021 patris
899 3943 971 4002 dote
989 3938 1161 4001 fraudabit?
1180 3938 1246 4001 Sed

75 4041 146 4101 vos,
183 4043 211 4079 o
222 4021 365 4101 ludices,
393 4024 541 4102 perdens
560 4036 647 4099 oro,
666 4048 707 4086 ne
724 4025 811 4086 istius
829 4027 1037 4107 percellamini
1055 4025 1248 4087 clamoribus

75 4096 236 4186 Multiplex
254 4107 359 4181 enim,
372 4107 531 4189 multiplex
547 4118 580 4169 ἰιι
597 4107 701 4173 audax
710 4110 803 4171 homo
823 4125 869 4172 est
886 4112 1003 4212 itaque
1007 4111 1177 4184 maleficus,
1193 4123 1248 4182 ut,
1287 4151 1289 4155 -
1336 4160 1338 4166 ι

76 4213 154 4271 quae
173 4191 303 4251 testibus
321 4192 453 4273 proba-re
471 4214 536 4253 non
553 4201 682 4278 potest,
703 4217 736 4257 ea
755 4219 808 4256 vos
827 4197 904 4257 scire
922 4197 962 4257 sit
979 4197 1140 4259 dicturus.
1162 4195 1247 4277 quod
1264 4236 1268 4244 -

77 4297 183 4343 omnes
202 4276 408 4358 faciunt,qu1
400 4278 503 4338 nihil
518 4281 587 4340 sani
603 4283 719 4343 dicunt.
745 4286 818 4342 Vos
837 4283 950 4375 igitur,
968 4305 994 4342 ss
985 4281 1087 4363 quid
1105 4282 1166 4343 tale
1184 4302 1249 4363 mess
1273 4284 1320 4337 '³-

75 4361 267 4441 clu‘uabitur,
293 4374 332 4423 rte
355 4365 523 4450 permittite
545 4364 596 4442 ei,
618 4367 675 4428 sed
699 4367 846 4452 repistltei
882 4379 915 4429 et
936 4368 1021 4450 quod
1045 4366 1160 4452 singuli
1183 4384 1251 4451 nnn
1330 4411 1337 4425 ι

981 4463 1079 4558 (ιι

1152 4504 1338 4583 ..x-
