2722 4754
1194 52 1200 60 ¹
1215 60 1217 65 s

1179 111 1181 118 ι

139 116 204 243 iao
260 230 263 236 ,
375 149 1017 284 ‘ouu'ossuuursonarro
1081 176 1083 180 ·

14 411 22 423 ,
44 415 47 420 Ι
138 336 295 400 Thebanis
300 333 411 409 uenit,
435 355 470 401 ac
486 345 552 407 tum
570 354 586 394 a
604 332 718 415 privata
736 337 864 416 quadam
875 337 998 399 triremi
1016 335 1187 420 navigando
1206 330 1317 408 sinee-

21 422 25 433 ‘
138 424 235 485 batur.
252 422 341 482 Adeo
355 418 632 501 praecinendam
646 421 727 480 illam
739 435 863 501 pararat
880 425 962 503 Dum
975 423 1209 505 vero-magister
1223 422 1318 503 eqni-

55 515 116 572 363
139 524 206 572 tum
224 519 304 568 esset
321 504 410 597 (quid
428 504 540 586 putatis
559 506 597 565 de
619 504 781 588 reliqnisi')
806 508 981 588 splendidus
1009 507 1066 568 iste
1091 521 1182 588 atque
1202 507 1316 589 copio-

43 668 47 676 ‚
138 617 205 669 sus,
230 612 289 652 nec
307 589 595 671 eqnnmproprium
614 610 714 652 emere
740 591 799 659 luit
816 614 923 664 ausus:
948 592 1129 654 sedalieno
1157 610 1242 674 equo
1259 598 1336 652 sse-2

50 714 64 754 4
109 731 118 750 „
138 682 225 773 bens,
244 676 297 758 qui
309 675 478 737 Philomeli
494 674 687 737 Paeaniensis
707 688 781 750 erat,
797 693 923 758 pompas
941 678 1078 739 ducebat.
1112 677 1219 758 Atque
1237 677 1317 745 baec

118 810 120 821 ι
138 775 255 827 norunt
272 766 378 822 omnes
396 760 524 840 equites,
543 761 601 841 qui
614 760 790 822 militarunt
803 762 896 837 ⁴Quae
913 774 980 824 uta
997 785 1046 823 me
1064 784 1136 824 vere
1154 758 1316 838 dici'eon-
1355 834 1358 839 Ι

139 845 402 937 εῑοῐῂρεϊωίῐιί·
416 845 523 927 barum
539 866 642 907 rerum
659 859 761 907 testes.
1265 868 1270 877 ¹

615 995 828 1043 TESTES.

64 1098 66 1106 ’
104 1094 108 1105 l
212 1104 304 1165 .V·olo
322 1102 414 1175 iam,
427 1099 646 1174 Athenienses,
673 1100 764 1161 etiam
782 1121 859 1180 quos
878 1101 1023 1163 hacteuus
1042 1123 1078 1162 es
1096 1101 1205 1184 populi
1223 1119 1315 1183 prae-

139 1191 254 1254 iudicio
273 1189 320 1249 de·
334 1186 454 1250 violatis
480 1185 563 1251 feriis
588 1205 642 1246 vos
653 1252 656 1257 ,
669 1186 911 1260 condemnastis,
937 1195 1202 1261 commemorare,
1220 1199 1329 1267 atque.

139 1275 318 1347 ostendere,
345 1272 384 1332 ob
410 1271 590 1352 quaefacta
615 1271 737 1349 illorum
763 1272 905 1331 nonnulli
931 1272 1041 1353 quibus
1067 1271 1226 1354 suppliciis
1250 1272 1316 1333 siut

27 1421 35 1435 ,
138 1361 256 1423 allecti:
280 1371 316 1419 ut
333 1378 368 1418 ea
385 1353 559 1432 cumistius
584 1353 773 1437 facinoribus
792 1358 968 1432 conferatis„
996 1357 1134 1417 Primum
1149 1357 1247 1446 igitur
1263 1356 1315 1440 (ut

135 1448 324 1530 ‘postremam
356 1440 643 1503 condemnationem
664 1436 766 1522 primo
793 1442 863 1502 loco
889 1439 1000 1523 dicam)
1026 1443 1204 1506 Euandrum
1229 1441 1315 1502 Tbe-

62 1564 65 1569 ·
140 1531 293 1613 spicnseru
310 1527 438 1589 violasse
465 1526 608 1610 mysteria
630 1520 740 1607 populi
764 1526 952 1607 praeiudicio
970 1539 1117 1589 statutum
1137 1539 1210 1600 est,
1226 1525 1314 1604 defe-
1341 1524 1344 1528 ’

89 1657 95 1665 ι
121 1677 123 1680 Α
139 1629 227 1679 rente
246 1625 316 1677 eum
333 1611 490 1694 Menippo,
507 1611 632 1677 bomine
651 1607 735 1671 Care.
757 1611 813 1671 Est
829 1624 931 1673 autem
949 1613 1054 1673 eadem
1071 1613 1120 1672 lex
1138 1613 1176 1673 dc
1193 1613 1313 1696 Myste-

36 1703 40 1706 ’
87 1728 89 1733 ·
120 1701 204 1777 riis,
222 1719 299 1779 quae
318 1698 361 1757 de
373 1695 626 1758 Bacchanalibus:
644 1708 676 1756 et
693 1695 767 1756 baec
785 1696 845 1757 lata
861 1697 1032 1771 recentius,
1050 1718 1140 1777 quam
1158 1692 1237 1757 illa.
1259 1695 1312 1757 'Ob
1343 1746 1347 1750 .

140 1784 225 1868 qnod
241 1783 354 1843 sactum
372 1781 467 1864 igitur
483 1781 664 1843 Euandrum
678 1781 984 1857 damnaveritis,'boc
1002 1782 1118 1843 audite:
1140 1782 1226 1862 quod
1241 1783 1312 1845 Me-

43 1922 47 1926 .
139 1871 267 1952 nippum
285 1889 303 1928 a
320 1888 354 1928 se
371 1865 491 1929 actione
517 1865 695 1927 mercatoria
720 1867 912 1941 damnatum,
936 1889 1004 1927 cum
1029 1867 1112 1948 prius
1130 1866 1183 1951 (ut
1198 1863 1313 1948 aiebat)
1357 1916 1360 1922 .

139 1953 368 2036 apprehendere
387 1968 537 2031 nusquam
554 1944 724 2031 potuisset,
742 1951 776 2010 in
790 1948 946 2036 'Mysteriis
964 1953 1120 2023 hominem
1139 1963 1245 2019 nactus
1263 1973 1313 2013 ar-

121 2039 241 2121 ¹ripuit
278 2036 327 2099 Ob
346 2036 406 2107 hoc
423 2036 519 2118 igitur
542 2054 613 2095 eum
637 2032 1015 2111 condemnastis,‘irnllius
1033 2037 1158 2098 saltemus
1174 2034 1314 2104 criminis

139 2146 234 2186 reum.
266 2124 305 2185 ‚ln
321 2120 437 2205 iudicio
463 2120 575 2181 deinde
592 2120 694 2201 capite,
716 2121 862 2181 mulctare
880 2121 1033 2207 voluistis:
1059 2123 1113 2183 sed
1135 2134 1313 2188 accusatore

105 2255 113 2264 ,
138 2210 319 2292 placatoset
332 2218 428 2267 totam
444 2205 491 2266 illi
506 2203 680 2278 condonare
699 2205 851 2279 mulctam,
868 2208 954 2267 cuius
972 2207 1057 2287 prius
1076 2204 1232 2269 damnatus
1247 2217 1315 2267 erat

81 2301 103 2356 ‘²'
140 2293 215 2378 (suit
233 2304 333 2364 antem
351 2291 403 2354 illa
419 2291 553 2382 duonpu
571 2285 752 2373 talentism),
776 2290 935 2374 coegistis,
956 2304 993 2358 et
1010 2293 1184 2366 damnum,
1196 2310 1314 2370 quo—se

129 2391 268 2461 ¹propter
285 2376 547 2457 exspectationem⁴
560 2375 666 2444 iudicii
684 2375 828 2436 allectum
844 2376 1031 2456 querebatur
1045 2378 1126 2458 apud
1140 2396 1206 2450 vos,
1222 2392 1316 2437 acen,
1341 2382 1345 2388 '

112 2487 116 2495 ¹
139 2463 234 2525 satori
251 2461 412 2544 adiecistis.
446 2463 534 2521 Unus
553 2459 648 2542 igitur
664 2459 715 2521 bic
732 2460 825 2522 bomo
845 2482 881 2520 ex
898 2462 1013 2542 privata
1035 2458 1214 2522 causacum
1228 2459 1316 2539 nulla

120 2570 123 2575 ·
139 2547 325 2611 contumelia
339 2545 506 2611 coniuncta
523 2557 650 2625 propter
665 2545 761 2626 ipsam
778 2545 855 2627 legis
872 2545 1069 2619 violationem
1084 2553 1183 2615 tanus
1197 2566 1316 2627 poenas

139 2632 244 2695 dedit:
261 2651 363 2712 neque
382 2630 414 2690 id
432 2629 658 2691 iniuria.fNam
676 2630 735 2692 boc
753 2630 831 2690 illud
848 2643 902 2704 cst,
917 2631 1005 2710 'quod
1022 2651 1077 2691 vos
1094 2651 1199 2692 curare
1216 2628 1315 2712 opor-

94 2740 97 2744 ·
117 2736 119 2740 ’
138 2731 195 2801 tet,
211 2718 306 2800 leges,
323 2715 540 2792 iusiurandum.
575 2715 659 2774 Hace
677 2714 793 2776 habetis
812 2736 883 2789 vos,
901 2716 1034 2791 ludices,
1052 2737 1173 2797 semper
1189 2716 1231 2776 ab*
1246 2713 1319 2790 aliis¹

75 2800 78 2806 ’
139 2818 284 2884 tanquam
301 2800 486 2881 depositum,
503 2800 586 2881 quod
604 2799 645 2875 iis
662 2798 819 2874 omnibns,
838 2800 893 2880 qui
909 2800 1024 2861 institia
1042 2800 1112 2860 freti
1130 2801 1168 2861 ad
1186 2813 1242 2862 uos
1259 2819 1315 2859 ve·

26 2907 28 2914 ·
138 2889 240 2960 niunt,
256 2895 370 2955 sartum
388 2885 732 2964 tectumpraestandum
751 2880 814 2949 est}
838 2884 927 2945 Alius
946 2885 1133 2946 commisisse
1150 2884 1238 2947 vobis
1255 2883 1315 2945 ali-

139 2970 363 3055 q'uando'visus
383 2982 436 3030 est
451 2969 486 3030 in
501 2968 716 3045 Bacchanalia,
743 2990 874 3049 eumque
892 2970 958 3032 filio
976 2970 1051 3045 suo,
1078 2984 1145 3033 tum
1166 2967 1315 3053 praetori,

139 3057 323 3119 assidentem
341 3052 585 3127 condemnastis,
604 3056 688 3134 quod
706 3056 873 3135 quendam,
891 3056 945 3135 qni
962 3056 1119 3136 spectandi
1136 3056 1243 3121 loonm
1260 3046 1314 3113 oc-

63 3170 71 3179 ‘
139 3141 287 3223 eupabat',
311 3139 496 3221 prehensum
518 3137 638 3200 theatro
658 3140 824 3222 exegisset¹
854 3141 931 3200 Erat
948 3155 1050 3202 autem
1067 3137 1316 3212 is'Cbariclidae,

139 3247 232 3308 quem
249 3223 377 3286 honoris
395 3245 483 3304 causa
500 3223 645 3299 nomino,
667 3225 725 3288 viri
742 3225 904 3306 praetorii,
927 3239 1034 3308 pater,
1048 3226 1135 3288 cuins
1154 3231 1336 3298 accusator,

52 3361 53 3366 ,
138 3330 278 3395 magnam
297 3310 375 3374 banc
391 3322 425 3370 et
441 3309 551 3370 iustam
569 3330 687 3372 causam
705 3310 792 3379 uobis
812 3310 922 3371 habere
939 3311 1118 3386 videbatur,
1140 3332 1208 3377 cnm
1226 3309 1313 3371 dice-

19 3460 22 3466 .
55 3405 118 3464 364
141 3410 210 3459 ret:
222 3397 308 3457 Heus
326 3409 370 3469 tu,
389 3394 415 3455 si
433 3394 579 3475 occupavi
596 3396 708 3471 locum,
726 3396 753 3455 si
769 3395 816 3478 (id
835 3398 918 3477 quod
935 3409 971 3458 tu
989 3396 1064 3457 mibi
1083 3386 1203 3478 obiicis)
1220 3411 1314 3476 prae-

5 3536 7 3544 .
115 3481 243 3553 ,soniis
255 3502 319 3548 nou
335 3479 440 3561 parui,
457 3480 542 3563 ¹¹quid
559 3479 635 3555 tibi,
659 3493 753 3561 atque
770 3481 830 3561 ipsi
848 3482 925 3543 adeo
950 3480 1084 3564 praetori
1109 3482 1192 3564 leges
1216 3479 1314 3538 licere

139 3565 269 3629 volunt?
303 3567 346 3626 Ut
363 3565 509 3626 ministris
535 3564 712 3649 eiicere'me
730 3564 852 3641 iubeas,
877 3588 942 3631 uon
959 3567 1025 3649 ipse
1041 3567 1202 3634 verbere's:
1227 3563 1314 3641 sine

104 3685 106 3688 >
123 3666 213 3741 -turnl
224 3650 347 3732 quidem
360 3671 518 3730 parerem,
545 3651 656 3715 mulcta
673 3650 749 3711 mibi
767 3664 847 3713 esset
864 3651 1042 3726 indicenda,
1067 3664 1098 3713 et
1116 3637 1235 3731 quidl'n
1250 3667 1313 3729 po-

116 3736 119 3741 ’
139 3737 200 3799 tius
226 3736 393 3818 agendum,
420 3736 513 3797 modo
536 3735 602 3818 ipse
628 3758 717 3805 manu
745 3757 794 3799 mc
812 3758 876 3798 non
897 3737 1082 3820 attingeres:
1108 3726 1314 3797 muln'euim

39 3834 43 3853 ¹
94 3889 100 3897 ,
140 3821 254 3885 sancita
273 3833 345 3907 sunt
361 3818 607 3903 legibuscontra
633 3821 807 3885 vexationes
825 3843 996 3923 corporum.
1031 3823 1115 3885 Haec
1133 3819 1172 3881 ab
1190 3815 1317 3907 illqdi-.

140 3920 188 3971 cta
206 3929 260 3969 uos
278 3905 319 3967 ita
337 3905 504 3986 probastis,
522 3919 557 3967 ut
575 3907 703 3968 alterum
721 3908 924 3969 damnaretis:
943 3929 1006 3968 uon
1023 3919 1126 3973 tamen
1143 3905 1194 3965 bic
1211 3903 1245 3963 in
1261 3901 1313 3961 iu-

140 3992 254 4053 dicium
271 3991 365 4062 venit,
382 3992 440 4052 sed
454 4004 554 4055 morte
572 4005 752 4074 praeventus
773 4005 825 4053 est
859 3990 965 4053 Alium
982 4013 1074 4073 porro
1093 4005 1159 4052 tum
1177 3987 1314 4072 populus

94 4127 100 4137 ,
134 4077 293 4163 ,damnauit
310 4076 487 4151 universus,
515 4079 621 4159 utqui
638 4079 750 4139 festum
767 4078 913 4151 violaret,
930 4091 997 4138 tum
1014 4098 1068 4138 vos
1087 4097 1145 4158 pro
1163 4071 1314 4148 tribunali

29 4152 41 4167 “
128 4162 240 4222 'morte
252 4160 429 4236 mulctastis',
447 4157 610 4225 Ctesiclem
625 4164 756 4243 inquam.
775 4158 838 4222 Cur
850 4183 922 4224 vero
938 4184 1008 4249 enpu
1021 4160 1197 4239 occidistis?
1216 4157 1314 4234 Quod

52 4247 56 4261 '
140 4247 284 4309 scuticam
302 4245 424 4330 gestans
441 4242 570 4330 pompae
588 4248 748 4322 intererat,
774 4269 833 4328 qua
851 4248 955 4309 ebrius
973 4249 1123 4328 quendam
1139 4256 1233 4306 ‘suurn
1251 4241 1314 4303 ini-

123 4330 252 4404 ‚micum
266 4331 452 4395 verberabat
468 4332 638 4400 Videbatur
650 4333 731 4397 enim
745 4354 782 4394 ex
788 4334 969 4414 petulantia,
985 4354 1049 4394 non
1063 4353 1119 4415 per
1131 4331 1315 4414 ebrietatem
