2722 4754
146 146 207 255 ‘ris
267 183 274 201 ’
413 150 789 280 onnos'runuis
824 141 1065 281 ortasio*

145 345 315 432 gravissimi
337 343 460 406 sceleris
481 360 567 402 reum
592 343 724 426 peragi?¹
743 345 851 425 Turpis
875 345 923 405 lex
948 357 1004 417 est,
1028 344 1253 419 Athenienses,
1279 359 1311 408 et

145 430 269 492 minime
283 429 437 510 probanda
453 438 484 487 et
496 427 627 488 invidiae
643 448 677 488 ac
685 425 1023 491 aemulationi‘euidam‘
1031 428 1148 504 similis,
1166 422 1207 489 ne
1221 430 1310 511 plura

137 517 268 587 dicam.¹
285 515 325 574 Et
343 509 465 593 quidem
484 511 529 572 bis
548 512 710 574 attactibus·
724 513 860 597 laborare
876 515 1120 591 ridetur'auetor
1137 512 1236 576 illius:
1253 538 1310 578 vo-

74 675 76 679 ,
98 668 100 672 ,
145 602 191 662 bi's
209 618 282 660 vero
300 619 364 658 non
383 597 525 659 convenit
542 596 612 657 talia
630 597 757 671 imitari,
779 604 880 678 neque
898 598 1009 661 virtute
1027 612 1125 660 vestra
1143 600 1312 680 quicquam

143 685 304 768 indiguum
317 683 519 767 ,committere
544 682 628 756 Quid
647 681 742 756 enim,
762 682 906 755 obsecro,
925 696 987 756 est,
1005 684 1088 765 qnod
1106 685 1241 765 manime,
1256 687 1311 754 de-

78 837 81 843 ,
143 788 447 852 precemur-omnes,
470 780 501 827 et
525 767 607 845 quod
620 765 772 855 »omnibus
795 767 913 849 legibus
938 768 1160 852 accuratissime
1185 783 1311 831 cantum

136 850 208 925 rest?
225 855 274 914 Ne
285 851 529 915 mutuae-caedes
544 850 628 923 liant,
646 851 731 919 cuius
747 851 792 910 rei
800 864 908 915 ¹custos
925 850 1050 913 eximius
1066 867 1189 914 senatus
1205 855 1310 916 Areo-

141 940 289 1022 pagiticus
318 951 364 999 est
378 936 573 998 constitutus.
609 936 644 995 ln
661 935 779 1017 legibus
803 936 897 1020 igitur
913 937 1030 1011 Draco,
1051 939 1186 1018 quande
1205 928 1310 1003 bomi-

101 1025 232 1101 x„cidiis
245 1026 322 1087 latae
339 1037 428 1097 sunt,
454 1026 522 1085 c'um
539 1020 701 1092 maximum
718 1033 866 1087 terrorem
885 1021 1021 1083 incutere
1040 1022 1182 1083 omnibus
1200 1024 1309 1099 vellet,

141 1129 181 1170 ne
207 1111 275 1190 quis
298 1108 449 1191 iugularat
472 1108 615 1182 alterum,
640 1106 779 1188 scripsit,
803 1105 984 1167 homicidam
1007 1107 1171 1173 arcendum
1197 1128 1266 1171 esse
1280 1131 1309 1177 ¹a

140 1193 382 1277 purgationibus,
399 1192 611 1269 libationibus,
631 1190 810 1266 crateribus,
828 1190 916 1263 fanis,
933 1191 1017 1251 foro:
1037 1204 1067 1251 et
1079 1206 1204 1274 ¹caetera
1221 1216 1307 1257 eorn-

100 1342 103 1357 ,
139 1279 320 1340 memoravit
336 1279 456 1353 omnis,
490 1273 601 1358 quibus
620 1297 652 1337 se
670 1276 809 1348 homines
827 1275 954 1335 maxime
971 1297 1188 1357 represserunt
1199 1278 1306 1361 opina-

55 1385 115 1441 321
140 1376 189 1428 tus
209 1378 271 1438 est,
295 1384 334 1424 ne
353 1363 427 1444 qnid
444 1363 504 1436 tale
522 1364 674 1423 auderent
717 1361 781 1421 Nec
798 1375 899 1422 tamen
917 1361 990 1420 iuris
1010 1361 1149 1422 ordinem
1164 1364 1307 1446 sustulit:
1323 1390 1326 1394 ·

39 1496 41 1500 Α
140 1453 196 1514 sed
214 1448 367 1527 definivit,
402 1461 528 1529 propter
545 1467 621 1527 qnae
640 1447 747 1506 liceret
764 1448 885 1506 caedem
903 1446 1020 1520 lacere,
1055 1458 1102 1519 et‘,
1134 1447 1248 1528 siquis
1267 1469 1307 1510 eo

139 1537 233 1598 modo
252 1535 376 1596 caedem
397 1532 534 1606 fecisset,
552 1531 668 1612 ¹purum
695 1530 763 1590 sore
787 1530 1002 1611 pronuntiavit
1046 1529 1194 1613 Occidere
1211 1532 1309 1633 ipitur

53 1616 100 1680 'st
139 1622 224 1695 inre,
241 1616 348 1678 restris
366 1617 489 1696 quidem
507 1615 641 1698 legibus,
659 1614 779 1676 licebit:
796 1616 922 1697 gratiam
939 1628 1091 1704 repetere,
1108 1636 1211 1697 neque
1229 1610 1320 1691 rnr'e„

56 1752 64 1762 ,,
140 1727 199 1766 nec
214 1703 279 1764 ullo
297 1702 390 1761 modo
408 1701 513 1769 licebit
529 1721 584 1781 per
601 1700 688 1760 istius
706 1700 825 1781 legem?
843 1700 968 1759 Minime
982 1720 1070 1774 vero,
1087 1699 1305 1775 Athenienses,

41 1803 44 1806 ⁴
140 1789 264 1850 minime
283 1787 320 1846 de
337 1785 424 1845 vobis
442 1807 507 1846 eam
526 1784 702 1865 opinionem
720 1782 852 1843 suboriri
867 1783 1041 1865 patiamini,
1066 1785 1178 1846 uthoe
1196 1787 1305 1847 maiori

30 1924 41 1935 .
137 1874 243 1944 studio
261 1868 459 1935 vobis'snisse
477 1869 629 1942 videatur,
654 1889 693 1929 ue
710 1867 766 1948 cui
779 1869 873 1950 gratia
891 1868 1053 1944 referatur,
1078 1884 1168 1949 quam
1184 1893 1226 1953 ne
1245 1893 1307 1951 qua

138 1959 247 2020 caedes
265 1956 297 2014 in
314 1953 390 2014 urbe
407 1966 505 2014 vestra
523 1954 588 2013 fiat:
615 1955 669 2013 sed
686 1953 838 2012 recordati
856 1967 1167 2035 corumtempornm,
1190 1955 1305 2036 quibus

136 2041 242 2104 affecti
266 2037 420 2099 beneficiis
444 2036 570 2119 gratiam
592 2037 739 2098 retulistis
764 2036 955 2123 immunitate
979 2039 1061 2112 data,
1086 2052 1117 2099 et
1133 2038 1305 2121 Diopbauti

54 2167 58 2174 ·
76 2136 78 2151 ¹
138 2133 265 2197 statuae,
282 2124 320 2183 de
339 2143 398 2201 qua
411 2120 556 2181 Phormio
575 2121 658 2195 dixit,
676 2121 708 2179 in
726 2126 785 2200 qut
802 2121 947 2202 scriptum
966 2135 997 2187 et
1013 2123 1208 2189 iureiurando
1225 2144 1303 2185 con-

80 2270 84 2282 „
138 2213 292 2272 firmatum
309 2218 387 2285 est,
403 2205 428 2264 si
446 2206 495 2265 cui
511 2205 593 2284 'quid‘
605 2225 660 2285 pro
679 2204 820 2267 libertate
837 2207 944 2286 populi
960 2208 1168 2289 propugnanti
1184 2209 1305 2270 aecide-

138 2296 191 2369 rit,
207 2284 385 2354 eademros
403 2287 448 2351 illi
465 2289 597 2370 praemia
615 2291 748 2363 daturos,
759 2311 843 2369 quae
860 2291 1027 2352 Harmodio
1047 2305 1077 2353 et
1088 2291 1306 2375 Aristogitoni,

137 2380 346 2440 condemnate.
357 2376 456 2456 legem
473 2373 575 2435 istam
599 2373 759 2453 quod-nisi
774 2376 887 2436 factum
904 2375 1012 2450 inerit,
1035 2376 1232 2437 iurisiurandi
1249 2396 1305 2439 ve-

138 2463 195 2525 stri
212 2462 393 2544 religionem
419 2458 578 2520 violabitis.
621 2458 745 2518 Praeter
762 2460 835 2520 haec
854 2459 954 2521 onmia
985 2461 1074 2521 etiain
1098 2461 1176 2540 illud
1194 2462 1306 2538 audite·

90 2557 92 2559 ’
138 2547 221 2608 Fieri
238 2546 354 2629 nequit,
373 2557 409 2604 ut
427 2564 461 2604 ea
479 2543 527 2602 len
544 2543 703 2603 commode
721 2543 781 2604 lata
797 2544 847 2617 sit,
866 2537 999 2624 qua'ede
1017 2545 1188 2645 praeteritis
1203 2559 1238 2607 et
1253 2547 1305 2609 fn-

52 2636 63 2704 ζ
109 2703 112 2709 ,
138 2630 215 2695 turis
233 2650 296 2692 non
314 2627 419 2690 eadem
437 2628 547 2688 statuit
590 2627 638 2703 Ne
655 2627 739 2707 quis,
763 2628 878 2710 inquit,
900 2629 1044 2690 immunis
1062 2644 1146 2705 esto,
1169 2630 1302 2712 exceptis

104 2739 107 2746 ·
138 2714 298 2782 Harmodii
314 2727 346 2776 et
360 2711 580 2793 Aristogitonis
597 2711 734 2791 posteris.
756 2713 849 2783 Bene.
871 2713 1097 2797 Necffdeinceps
1115 2715 1301 2777 dereliceat

102 2862 108 2871 ,
139 2803 270 2875 Netum
289 2776 423 2880 quidlrm,
439 2795 579 2877 Leptine,
595 2796 622 2856 si
638 2796 714 2856 tales
731 2791 825 2878 aliqui
842 2798 1032 2860 exstiterint?
1050 2799 1085 2859 Si
1101 2811 1236 2879 anteacta
1251 2820 1304 2860 re-

96 2928 98 2935 ·
138 2882 318 2968 prebendis:
336 2883 391 2942 cur
406 2901 471 2940 nou
486 2880 659 2941 futurorum
678 2881 768 2942 etiam
784 2883 933 2944 rationem
952 2883 1105 2946 habuistii
1123 2883 1176 2945 Ob
1190 2884 1222 2946 id
1238 2884 1301 2951 scir

67 2964 74 2978 ’
137 2971 226 3041 licet,
250 2966 388 3047 inquies,
414 2965 485 3045 qnia
501 2964 561 3025 tale
578 2965 656 3025 nihil
673 2967 870 3043 metuendum
887 2967 974 3028 robis
994 2981 1046 3041 est.
1090 2968 1216 3031 Utinam·
1230 2968 1302 3049 qni,

32 3086 38 3092 ’
139 3057 208 3116 dem
226 3053 267 3112 in
283 3048 569 3124 sit,·Athenienses,
588 3051 643 3110 sed
658 3056 729 3110 'cum
747 3051 886 3113 homines
904 3053 1008 3128 simus,
1026 3075 1061 3115 ea
1078 3066 1145 3117 tum
1163 3054 1303 3126 diemde,

138 3125 347 3219 tum-legibus
369 3133 532 3195 sancienda
555 3145 643 3208 sunt,
667 3154 751 3216 quae.
770 3156 860 3198 nenio
884 3137 951 3198 iure
975 3139 1110 3220 culparit.
1153 3139 1194 3200 Et
1218 3137 1304 3201 bons

136 3224 262 3304 'quidem
288 3220 484 3301 exspectanda
509 3232 543 3282 et·
562 3219 681 3281 votis-a
699 3222 756 3282 diis
775 3222 994 3287 immortalibus
1013 3224 1189 3304 exoptanda
1210 3235 1303 3285 snut:

131 3309 193 3367 sed
209 3305 287 3366 nihil
305 3303 428 3363 hnmani
444 3316 545 3363 tamen
562 3303 694 3364 alienum
711 3329 729 3368 a
745 3306 832 3367 robis
850 3307 1019 3369 existimare
1037 3308 1192 3373 debemus.
1232 3306 1300 3367 Nec

138 3392 220 3452 enim
237 3388 467 3450 Lacedaemonii
484 3409 622 3468 unquam·
635 3403 810 3470 sperarunt,
827 3393 868 3453 ita
886 3413 989 3453 secum
1007 3406 1107 3454 actum
1123 3391 1176 3452 iri:
1197 3406 1302 3470 neque

137 3477 218 3536 forte
235 3468 502 3559 Syracusani,qui
518 3473 659 3555 populari
676 3488 748 3536 snut
766 3475 838 3535 olim
856 3478 904 3537 usi
921 3467 1087 3558 republica,
1105 3464 1137 3539 et
1153 3476 1267 3544 tributa
1283 3497 1303 3535 a

78 3560 79 3563 ’
138 3554 426 3641 Carthaginensibus
445 3569 628 3640 exegerunt,
646 3571 678 3618 et
694 3560 836 3621 finitimis·
848 3561 988 3633 omuibus
1005 3562 1223 3647 imperarunt„
1233 3581 1302 3623 cum

138 3664 195 3705 nos
213 3643 311 3704 navali
328 3642 442 3723 praelio
459 3655 665 3720 superassent,
684 3665 723 3703 ne
736 3645 777 3704 ‘ab
796 3667 874 3719 uno,
894 3646 946 3725 qui
962 3647 1077 3719 scriba,
1095 3659 1131 3706 ut
1148 3645 1252 3719 aiunt,
1269 3655 1300 3704 et

73 3737 89 3750 “
138 3729 278 3789 minister
300 3727 415 3798 fuerat,
435 3723 609 3809 tyrannide
625 3729 892 3808 opprimerenturr
909 3752 1011 3811 neque
1034 3730 1222 3813 Dionysius,
1235 3727 1300 3808 qni

62 3848 67 3865 κ
138 3813 237 3874 adbuc
253 3823 407 3892 superstes
425 3822 488 3883 est,
504 3830 638 3890 uuquam
655 3811 790 3874 fortassis
809 3816 948 3896 opinatus
968 3829 1023 3888 est,
1041 3816 1118 3889 fore,
1134 3827 1171 3877 ut
1189 3836 1206 3875 a
1223 3813 1300 3874 Dio-

138 3918 188 3969 ne,
204 3897 335 3958 rotunda
352 3914 427 3955 nave
446 3907 477 3954 et
492 3895 594 3976 paucis
613 3897 844 3960 commilitibus
862 3902 1003 3961 adversus
1021 3922 1054 3961 se
1071 3900 1225 3980 protecto,
1242 3896 1299 3957 im-

59 4011 62 4015 *
137 3982 226 4063 perio
244 3980 439 4063 spoliaretur,
471 3979 527 4058 qni
544 3980 681 4040 triremes
699 3982 807 4044 multas
826 3997 857 4044 et
873 3984 982 4045 milites
1001 3996 1033 4043 et
1049 3983 1141 4045 urbes
1159 3982 1299 4064 posside-

139 4077 194 4124 ret.
221 4065 299 4153 Sed,
317 4084 383 4125 mea
400 4063 560 4136 sententia,
578 4064 650 4144 quid
667 4065 803 4143 futurum
821 4068 870 4140 sit,
887 4068 1027 4129 omnibus
1045 4067 1223 4129 hominibus
1242 4065 1298 4127 ob·

121 4169 261 4234 ‘rourum
278 4161 340 4223 est,
357 4161 389 4210 et
405 4169 513 4230 parvae
530 4148 704 4211 occasiones
720 4174 846 4234 magnos
864 4165 964 4214 motus
981 4153 1228 4232 mutationesque
1245 4172 1296 4232 pa-

65 4262 68 4266 *
136 4232 230 4292 rinnt
258 4235 360 4308 Quare
377 4234 485 4294 modus
502 4232 536 4292 in
552 4233 643 4295 rebus
662 4235 802 4297 secundis
821 4239 982 4299 servandus
1002 4250 1066 4310 cst,
1084 4249 1115 4297 et
1132 4235 1298 4317 previden-

139 4318 231 4391 dum,
251 4319 325 4399 quid
340 4317 477 4380 accidere
495 4320 620 4400 possita
632 4320 727 4413 Multa
744 4321 805 4383 dici
823 4336 854 4384 et
871 4322 1098 4385 commemorari
1115 4333 1244 4402 possent
1260 4319 1297 4379 ad

1098 4631 1115 4662 ‘t
