2722 4754
382 234 392 283 ;
476 221 539 303 ns
569 171 795 305 corona
1010 214 1014 237 ¹
1113 283 1117 290 .
1155 221 1216 298 ιιι

344 334 352 358 Ι

54 377 141 452 robis,
157 360 376 453 Athenienses,
394 379 596 440 mercenarius
616 374 796 455 Aeschines,
813 382 851 442 dn
870 381 980 486 hospes
1000 407 1066 446 esse
1084 385 1217 448 Alexan
1282 436 1287 444 ,

58 464 248 528 driuidetur?
283 463 402 553 Audis,
422 465 503 551 quid
523 463 662 526 dicant?
679 469 740 525 lam
759 467 810 525 ad
815 471 1037 550 accusationem
1054 473 1149 554 ipsam
1169 495 1215 536 re-

61 551 203 637 spondebo
223 562 254 609 et
271 563 337 610 acta
355 571 422 610 mea
438 551 622 611 recensebo:
641 564 693 626 ut,
713 574 895 632 quamquam
913 556 1029 632 sciens,
1047 558 1216 621 Aeschines
1259 553 1306 604 ³³

65 654 147 702 nmen
164 636 281 710 audiat,
299 636 499 715 quamobrem
518 637 592 697 haec
611 637 730 711 dicam,
753 651 784 698 et
801 632 860 698 hoe
877 645 1144 706 senatusconsulto
1163 647 1215 707 de·
1338 644 1344 657 '

49 725 138 789 neus
164 735 193 782 ct
218 720 317 781 multo
344 722 435 780 etiam
461 712 822 784 maioribuohonoribus
851 743 920 783 esso
942 749 990 786 me
1011 730 1215 794 afficiendum.
1273 716 1290 743 Ρ

78 808 156 897 Age,
148 830 239 891 ipsam
258 806 484 905 accusationem
503 811 574 890 cape
594 821 625 869 et
641 809 754 871 recita

464 952 791 1006 accusante
840 1000 843 1005 .

138 1042 324 1124 Chaeronide
341 1060 481 1156 praetore
500 1066 549 1123 Vt
567 1063 616 1124 die
634 1064 793 1126 Februarii
810 1065 990 1140 Aeschines,
1008 1066 1162 1141 Atrome'ti
1180 1073 1216 1131 fi.

41 1146 53 1231 ‘x
78 1154 148 1224 lius,
155 1146 353 1223 Cothocides,
380 1138 484 1212 retulit
502 1150 539 1208 ad
557 1161 735 1230 praetorem
747 1152 926 1212 violatarum
944 1152 1055 1235 legum
1065 1157 1216 1217 actionem

78 1250 160 1301 contra
175 1231 422 1316 Ctesiphontem,
447 1228 627 1296 [leosthenis
646 1237 760 1311 filium,
780 1236 1035 1319 Anaphlystium:
1061 1241 1215 1323 scripsisse

29 1382 32 1387 .
77 1325 287 1393 eundeuetum
301 1320 621 1403 legibus-contranum
632 1322 896 1397 deDernosthene,
910 1323 1127 1387 Demosthenis
1141 1327 1216 1399 fibo,
1249 1340 1252 1343 ’
1290 1340 1320 1402 ᾗ

29 1406 32 1415 ’
79 1407 232 1479 Paeaniensi,
249 1428 342 1466 aurea
360 1427 473 1466 corona
491 1407 645 1481 donando,¹
664 1422 695 1468 et
712 1409 744 1469 in
761 1408 892 1484 theatro,
911 1411 1026 1492 magnis
1044 1411 1216 1473 Bacchana-
1334 1473 1338 1483 ,

79 1492 233 1567 libraretis
247 1492 426 1574 tragoediis,
439 1492 670 1581 proclamando:
689 1493 795 1554 donari
810 1517 826 1554 a
832 1495 964 1596 populo
966 1497 1217 1571 Demosthenem,
1306 1560 1315 1574 ⁸

31 1600 39 1623 ·-
78 1577 260 1642 Demosthenis
275 1579 394 1651 filium,
397 1577 623 1662 Paeaniensem,
634 1600 724 1647 aurea
737 1601 850 1667 corona
860 1581 980 1641 virtutis
996 1603 1070 1664 ergo
1081 1596 1112 1643 et
1122 1583 1227 1643 benc«,-

78 1662 246 1738 velentiae,
243 1685 335 1743 quam
354 1676 528 1723 constanter
553 1663 684 1724 habebat
702 1688 772 1749 erga
799 1679 829 1727 et
847 1666 981 1727 Graecos
1007 1668 1166 1730 universos
1186 1681 1217 1727 et

77 1750 196 1836 populum
220 1747 459 1823 Atheniensem,
497 1762 587 1829 atque
613 1751 817 1811 fortitudinis·
852 1764 893 1820 et
909 1753 980 1851 quia
995 1775 1067 1813 -non
1092 1753 1217 1813 desistat
1239 1775 1275 1815 „f

77 1858 144 1922 agere
161 1848 189 1895 et
206 1835 306 1895 dicere
331 1836 448 1916 populo
472 1834 650 1909 utilissima,
679 1850 769 1917 atque
796 1836 894 1897 alacer
912 1838 962 1897 sit
968 1839 1005 1897 ad
1024 1839 1102 1898 bene
1121 1840 1159 1901 de
1178 1859 1233 1898 eo*

76 1921 240 2001 uerendum,
263 1941 454 2001 quocunque
472 1921 565 1980 modo
592 1921 705 2001 possit:
732 1943 808 2022 quae
828 1922 929 1993 omnia
952 1922 1028 1983 falso
1047 1923 1168 2003 scripsit
1185 1935 1217 1983 et

75 2021 158 2071 cantra
174 2006 268 2088 leges:
289 2029 357 2065 cum
375 2005 494 2088 legibus
513 2006 708 2066 interdictum
725 2009 780 2081 sit,
799 2009 940 2108 primum,
958 2029 997 2067 ne
1015 2008 1088 2068 falsa
1105 2008 1232 2089 scripta

73 2096 97 2155 in
110 2092 215 2175 publica
233 2091 421 2152 monimenta
446 2091 631 2151 referantur:
655 2092 784 2167 deinde,
810 2114 850 2154 ne
869 2094 935 2172 quis
954 2105 1024 2153 ante
1041 2092 1149 2153 relatas
1166 2115 1215 2153 ra-

73 2180 151 2242 tiones
167 2190 347 2252 coronetur,
365 2177 588 2237 Demosthenes
602 2191 709 2238 autem
727 2178 821 2252 muris
839 2179 1010 2238 reficiendis
1031 2192 1077 2240 est
1094 2161 1218 2239 curatoi·

41 2286 45 2291 ·
74 2279 99 2326 et
112 2263 239 2329 theatrali
251 2263 398 2344 pecuniae
416 2264 600 2343 praefectus·
615 2278 702 2344 post,
721 2285 760 2324 ne
778 2286 891 2324 corona
908 2265 940 2324 in
957 2265 1078 2325 theatro
1096 2265 1216 2347 procla·

21 2420 23 2435 Ι
72 2363 152 2412 netur
166 2348 420 2423 bacchanalibus,
448 2349 655 2437 tragoediis
633 2351 734 2410 novis.
753 2350 849 2410 sed
824 2373 850 2410 ιι
868 2363 990 2410 senatus
1009 2363 1155 2424 coronet,
1181 2351 1214 2410 in
1240 2357 1302 2415 156

23 2464 26 2471 ·
60 2436 139 2498 curia
147 2452 214 2495 esse
230 2426 531 2516 proclamandum,
506 2457 554 2494 sm
572 2426 685 2511 civitas,
703 2436 736 2495 in
750 2437 852 2518 Pnpce
867 2458 922 2517 pro
938 2437 1095 2497 concione.
1113 2435 1217 2496 Aesti-

69 2514 189 2582 natalis
200 2520 320 2580 talentis
341 2520 579 2602 quinquaginta·
607 2521 827 2602 subscriptores
846 2517 1084 2602 Cephisophon,
1103 2517 1216 2603 Cephi-

68 2607 210 2689 sophontis
226 2606 327 2680 filius,
341 2605 560 2679 Rhamnusius,
580 2602 693 2680 Cleon,
711 2603 835 2667 Cleonis
854 2607 951 2681 filius,
970 2604 1164 2684 Cothocides.
1338 2614 1344 2641 ¹

144 2691 265 2774 Quae
237 2691 331 2752 icitur
347 2691 380 2750 in
400 2692 523 2752 decreto
541 2705 677 2781 accuset,
695 2690 917 2766 Athenienses,
944 2692 1018 2752 haec
1036 2706 1114 2752 sunt.
1140 2692 1216 2773 Ego
1284 2710 1288 2717 ·

68 2798 138 2839 vero
149 2777 212 2838 his
201 2777 271 2859 ipsis
285 2777 507 2837 declaraturum
521 2758 607 2837 vobis
625 2777 746 2858 opinor,
763 2799 811 2837 me
825 2777 912 2836 iustis
927 2776 1097 2836 rationibus
1116 2776 1218 2837 omnia

68 2864 261 2924 refutaturum.
275 2862 400 2937 Servate
420 2863 501 2922 enim
519 2863 628 2922 eodem
647 2861 771 2936 ordine,
790 2884 881 2943 quem
898 2862 956 2922 iste
973 2861 1006 2921 in
1024 2860 1217 2939 accusatione

71 2948 201 3023 instituit,
229 2949 265 3008 de
284 2932 427 3010 omuibus
452 2948 594 3028 deinceps
620 2947 794 3030 singulatim
821 2946 932 3021 dicam,
961 2960 992 3008 et
1007 2947 1238 3008 volens‘nihil'

70 3033 292 3117 praetermittam.
326 3034 447 3110 Quod
438 3035 533 3117 agitur
549 3033 679 3115 scripsit,
697 3055 808 3109 came,
826 3054 903 3115 quae
921 3033 1081 3095 utilissima
1099 3033 1215 3113 populo

71 3125 146 3195 sunt,
171 3131 199 3179 et
215 3141 304 3203 agere
323 3133 356 3180 et
373 3120 473 3181 dicere
491 3140 555 3180 non
574 3119 719 3180 desistere
738 3132 770 3179 et
786 3133 922 3200 paratum
941 3140 1006 3179 esse
1025 3120 1063 3180 ad
1081 3118 1159 3178 bene
1178 3118 1216 3178 de

71 3227 105 3266 eo
111 3202 304 3280 merendum,
329 3204 506 3287 ubicunque
523 3205 655 3286 possim,
680 3217 902 3306 proptereaque
921 3203 1066 3265 laudavit.
1100 3216 1166 3264 acta
1184 3203 1216 3264 in

69 3291 204 3375 republica
220 3311 287 3351 mea
305 3291 409 3352 venire
427 3292 460 3351 in
483 3291 629 3351 iudicium
648 3291 795 3351 existimo
831 3293 866 3350 In
884 3290 1005 3370 quaesi
1028 3289 1216 3370 inquiratur.
1208 3333 1224 3349 .,
1319 3283 1321 3299 '

71 3376 216 3450 constabit,
233 3389 338 3436 utrum
348 3398 427 3438 vere
446 3377 484 3436 de
502 3397 551 3436 me
570 3376 725 3457 scripserit
742 3398 776 3436 ea
784 3372 964 3458 Ctesiphon
982 3388 1013 3435 et
1031 3375 1216 3441 couvenien

71 3475 125 3536 ter,
139 3472 169 3522 an
184 3483 256 3522 vero
275 3462 360 3523 falso.
396 3463 489 3538 Quod
508 3475 609 3522 autem
627 3483 690 3522 non
709 3461 884 3544 adscripsit,
902 3473 1064 3544 postquam
1081 3461 1215 3523 rationes

68 3547 213 3648 retulerim,
232 3569 299 3609 esse
318 3549 537 3622 coronandum,
556 3561 588 3611 ιιι
603 3547 635 3607 in
652 3547 773 3610 theatro
792 3569 936 3632 coronam
954 3547 1161 3628 proclamari
1152 3569 1215 3608 rus·
1232 3600 1233 3605 ,
1277 3540 1279 3544 ’

67 3632 115 3694 sit:
135 3632 187 3694 id
179 3657 278 3715 ipsum
298 3634 388 3694 etiam
406 3634 443 3694 ad
461 3646 526 3697 aeta
543 3632 575 3692 in
581 3630 748 3714 republica
765 3635 919 3716 pertinere
939 3632 1095 3708 existimo,
1113 3645 1216 3695 utrum

28 3760 35 3766 -
67 3738 192 3780 eoronam
210 3732 378 3781 mercaret
402 3719 697 3800 proclamationem
688 3733 769 3780 mter
787 3721 883 3793 cives,
902 3741 958 3780 nec
976 3739 1022 3778 ne.
1057 3719 1217 3780 Praeterea

65 3804 136 3888 leges
148 3806 235 3866 etiam
252 3805 328 3865 mihi
342 3806 549 3866 ostendendae
564 3806 793 3891 esseuideutur,
810 3826 936 3886 quarum
953 3803 1215 3866 auctoritatehuic
1275 3878 1278 3887 Ι
1312 3801 1317 3809 ’

64 3889 127 3950 baec
142 3890 279 3957 scribere
291 3891 384 3952 licuit
419 3894 463 3951 lta
482 3891 631 3975 quidem
622 3904 718 3966 1uste,
730 3887 964 3964 Athenienses,
990 3903 1022 3951 et
1038 3887 1217 3971 simpliciter

61 3997 103 4036 ane
120 3977 280 4038 defendere
299 3977 451 4038 constitui
469 3966 621 4036 Accedam
639 3991 740 4038 autem
758 3978 795 4037 ad
813 3999 861 4038 res
880 3999 897 4038 a
915 3995 963 4036 me
981 3987 1096 4063 gestas:
1115 3993 1236 4075 neque‘
1321 4020 1323 4027 .

61 4083 102 4122 me
125 4063 283 4147 quisquam
306 4063 458 4124 existimet
476 4062 632 4123 abducere
657 4064 826 4124 orationem
844 4063 880 4123 ab
907 4059 1113 4135 accusatione,
1140 4060 1166 4121 si
1183 4060 1216 4120 in

60 4147 183 4210 actiones
202 4149 334 4210 Graecas
354 4162 385 4209 et
403 4147 636 4248 disputationes
647 4149 790 4210 incidero.
827 4149 890 4225 Qui
909 4146 990 4206 enim
1016 4145 1130 4208 decreti
1147 4168 1216 4231 par
1224 4181 1228 4231 3

49 4246 129 4310 -tem,
147 4257 224 4316 quae
244 4247 291 4303 est
308 4236 345 4296 de
365 4256 421 4308 eo,
448 4257 496 4294 me
516 4234 629 4316 optima
647 4248 679 4295 et
695 4234 794 4297 lacere
813 4247 844 4294 et
861 4233 982 4307 dicere,
1002 4232 1168 4309 insectatur
1186 4245 1217 4292 et

35 4320 185 4382 'ldsitatis
210 4333 348 4395 accusat,
374 4321 399 4381 is
419 4335 482 4396 est,
511 4344 564 4402 qut
555 4318 672 4382 hac'
663 4344 726 4403 apsa
752 4318 962 4381 criminatione
980 4319 1160 4382 orationem
1179 4319 1273 4424 de,

57 4407 191 4470 ιιιιιιίιιιιι
209 4407 285 4468 actis
302 4406 335 4468 in
351 4407 513 4513 republica
522 4407 599 4469 meis
617 4421 648 4469 et
664 4408 750 4469 sactis
779 4404 1017 4537 convenientem
1029 4418 1062 4468 et
1079 4402 1252 4467 necessa-

769 4650 785 4683 Χ
881 4628 884 4633 .
