2722 4754
327 127 1039 283 anvnns'nssmsrocslrnn.
1122 186 1125 201 ·
1201 189 1295 269 sn„

329 457 333 461 μ
443 390 473 459 ss
524 344 898 440 nessronn'‚

181 505 284 568 llecita
303 504 392 566 etiam
409 501 571 577 Berisadae
589 504 755 587 epistolam.

534 655 590 700 ne
609 655 621 699 1
640 656 655 699 s
673 656 694 717 r
705 656 732 730 ρ
750 656 771 734 1,
787 657 820 720 A,
873 665 877 676 =

177 761 312 822 Societas
330 759 427 842 igitur
445 758 575 820 duorum
592 780 711 850 regum,
728 759 844 820 abolito
857 759 917 822 iam
929 761 1124 824 fraudulento
1137 761 1262 835 foedere

79 867 161 909 enm
179 844 390 928 Cephisodoto
407 846 507 920 facto,
533 845 699 907 constituta
726 858 772 907 est
789 845 970 931 Miltocpthe
988 847 1047 906 iam
1065 847 1206 923 sublato,
1224 850 1263 910 ‘et

81 926 274 1003 Charidemo
291 951 325 991 re
344 930 408 1011 ipsa
425 943 556 1004 testato,
573 942 608 990 se
624 943 748 991 nostrae
766 930 894 993 civitatis
910 953 980 1012 ,esse
997 931 1164 993 inimicum.
1199 934 1269 1010 Qui

82 1019 190 1094 enim,
208 1016 433 1097 quem-sciehat
452 1015 588 1076 omniurn
606 1015 694 1077 vobis
713 1037 780 1078 esse
798 1017 1096 1091 coniunctissimum,
1114 1017 1212 1093 hunc,
1229 1018 1262 1079 in
1331 1022 1332 1026 ’

80 1115 274 1188 potestatem
291 1123 376 1162 snam
393 1102 560 1180 redactum,
579 1101 790 1163 infensissimis
804 1103 912 1180 vestris
926 1102 1077 1178 hostibus,
1095 1100 1263 1177 Cardianis,

82 1191 209 1252 tradere
226 1207 292 1248 non
311 1185 478 1248 dubitavit:
502 1207 607 1247 nonne
634 1186 705 1250 satis
726 1187 862 1257 evidens¹
876 1188 1013 1250 exhibuit
1031 1188 1151 1250 hostilis
1170 1187 1263 1250 animi
1300 1215 1304 1232 ·

83 1287 301 1359 argumentum
312 1272 341 1332 l*
361 1272 455 1347 Quod
473 1271 567 1354 igitur
584 1273 770 1334 imminentis
789 1294 806 1334 a
823 1268 997 1336 Thracibus·
1008 1287 1042 1334 et
1057 1273 1263 1337 Athenodoro

83 1361 168 1425 belli
182 1372 265 1423 metu
280 1357 392 1419 loedns
411 1356 485 1418 lecit
501 1360 607 1438 postea
626 1354 851 1440 Cersobleptes,
868 1359 970 1422 recita.

560 1509 786 1554 FOEDUS·

137 1630 140 1635 ·
173 1618 202 1681 Is
219 1622 334 1696 porro,
360 1614 413 1694 qui
431 1613 505 1675 baec
524 1611 645 1694 scripsit
669 1624 700 1673 et
717 1612 852 1696 pepigit,
880 1627 912 1676 et
928 1613 1262 1695 iusiurandum-quod
1307 1656 1311 1661 =

82 1699 306 1773 sustulistis,
333 1697 434 1773 dedit,
459 1712 621 1780 postquam
648 1698 784 1762 dimissas
802 1697 997 1761 Athenodori
1016 1700 1118 1782 copias
1136 1699 1213 1762 vidit
1231 1712 1263 1762 et
1284 1713 1347 1775 432

82 1809 154 1862 nna
170 1786 268 1848 solnm
285 1783 403 1844 triremi
421 1781 580 1845 Chabriam
600 1783 775 1845 venientem
783 1819 803 1858 ,·
811 1805 912 1865 neque
930 1785 1072 1867 lphiadae
1090 1784 1188 1866 filiurn
1205 1805 1261 1847 vo·
1341 1832 1345 1837 .

83 1874 140 1934 bis
157 1870 287 1943 nantis,
305 1890 406 1950 neque
426 1869 588 1950 quicquam
607 1889 730 1944 eornm,
750 1878 827 1948 qn'ae
845 1870 966 1944 inraret,
984 1872 1073 1938 lecit:
1090 1871 1145 1930 sed
1164 1884 1196 1931 et
1211 1891 1261 1939 re-

84 1958 177 2038 liqua
193 1953 356 2038 perscripta
374 1955 406 2014 in
423 1955 548 2016 loedere
566 1966 658 2037 negat
670 1967 701 2015 et
714 1955 774 2016 tale
792 1954 902 2017 foedus
919 1956 1036 2031 scribit,
1053 1955 1141 2016 cuins
1159 1977 1261 2018 exem·

83 2041 330 2143 plumandiotis.
374 2038 487 2102 Recita.
800 2062 802 2067 ’
930 2075 932 2080 ·

564 2150 853 2236 noanon¹

172 2295 315 2371 videtis,
334 2306 454 2357 enm-et
469 2293 629 2376 vectigalia
648 2307 680 2356 et
697 2293 828 2374 decimas
845 2294 1016 2375 postulasse
1033 2294 1092 2359 sibi
1109 2288 1213 2377 pcnsli,
1231 2310 1263 2361 et

84 2405 192 2447 rursus
212 2383 255 2443 ita
273 2381 380 2443 fecisse
399 2379 505 2453 verba,
531 2380 618 2460 qnasi
635 2402 689 2441 sua
708 2391 789 2440 esset
804 2380 908 2463 regio,
934 2380 1059 2454 volens,
1077 2402 1149 2443 suos
1168 2383 1262 2442 decu-

84 2490 194 2552 manos
220 2468 268 2528 ins
289 2480 320 2528 et
337 2465 496 2528 arbitrium
512 2464 706 2548 vectigalium
732 2463 860 2526 habere:
886 2478 918 2525 et
942 2465 1097 2542 obsidem,
1120 2466 1263 2566 lphiatlas

86 2556 207 2629 lilium,
221 2572 317 2634 quem
334 2575 352 2615 a
369 2550 475 2612 Sestiis'
494 2563 652 2632 acceptum
669 2549 872 2612 Athenodoro
891 2570 927 2613 se,
940 2551 1123 2613 traditurum
1140 2562 1264 2625 curarat,

86 2656 127 2702 se·
139 2640 200 2701 iam
217 2659 258 2699 ne
275 2639 417 2699 daturum
436 2637 560 2716 quidem
578 2636 627 2697 ait
663 2633 745 2718 Cape
762 2637 1080 2733 senatusconsultum,
1106 2637 1188 2718 quod
1207 2656 1261 2699 vos

86 2739 199 2809 postea
213 2723 337 2786 fecistis
371 2724 463 2806 Lege.
540 2772 543 2777 .
808 2746 811 2751 ‚

305 2861 308 2867 '
367 2844 982 2928 'snusrosconsunr'nm

174 2977 296 3040 Deinde
315 2998 385 3045 cnm
402 2976 435 3036 in
453 2954 612 3038 Thraciam
630 2975 723 3060 legati
740 2948 840 3037 nostri
856 2976 1028 3050 venissent,
1047 2946 1263 3058 Cersobleptes

85 3065 203 3212 pplnos
220 3064 263 3126 ita
280 3062 406 3138 scribit,
429 3081 531 3141 neque
560 3061 722 3161 quicquam
747 3061 837 3143 aequi
860 3062 1029 3144 promittit:
1052 3061 1164 3142 reliqui
1181 3060 1264 3122 haee.
1336 3097 1339 3103 =

118 3163 204 3213 certa.
272 3199 275 3205 .
1343 3163 1346 3173 ·

531 3298 852 3368 ειηετοιᾼ.ἱ

173 3403 283 3467 Recita
302 3405 393 3466 etiam
410 3382 657 3489 regum'literas,
682 3398 940 3476 et'considcrate,
967 3423 1005 3464 an
1023 3402 1101 3465 nihil
1120 3405 1158 3467 de
1176 3403 1263 3467 vobis
1343 3455 1346 3462 .

87 3492 240 3574 conqueri
257 3491 425 3553 videantur.
943 3520 946 3526 ·
1015 3516 1018 3522 ·
1238 3528 1240 3532 ι

509 3642 807 3703 ,ιιτΕηΑΕ.
905 3620 906 3625 ’

173 3747 336 3828 Numquid
352 3746 463 3809 videtis
482 3759 514 3808 et
530 3746 719 3831 intelligitis,
747 3746 970 3819 Athenienses,
997 3744 1131 3807 hominis
1149 3745 1264 3826 impro-
1307 3770 1311 3775 ·

84 3832 217 3897 bitatem
241 3846 274 3895 et
291 3834 474 3916 perfidiam,
499 3846 535 3893 nt
557 3855 678 3894 sursum
704 3834 847 3894 deorsum
865 3829 1110 3914 Cephisodotnm
1133 3830 1266 3913 primum

85 3919 211 3980 iniuriis
236 3919 371 4004 agitarit:
396 3932 433 3980 nt
456 3941 562 3980 rursus
580 3918 776 3979 Athenodori
800 3933 884 3989 metu
910 3917 1076 3978 destiterit-2
1103 3928 1138 3977 ut
1161 3916 1265 3981 denne

87 4000 255 4066 Chabriam
273 4004 411 4066 laeserit:
446 4005 611 4065 utiterum
630 4024 699 4064 eum
718 4000 848 4065 Charete
864 4022 970 4086 pacem
987 4001 1113 4074 fecerit,
1136 4022 1280 4075 >sumum
1328 4008 1334 4017 '

86 4084 237 4177 deorsum
262 4091 393 4152 miscens
418 4089 539 4165 omnia,
569 4088 647 4151 nihil
672 4089 866 4170 simpliciter,
896 4087 974 4148 nihil
1000 4088 1066 4146 inre
1091 4089 1201 4171 agens:
1230 4099 1267 4147 nt
1321 4124 1325 4133 ·

86 4177 220 4253 deinde,
248 4177 394 4257 quamdiu
411 4188 528 4238 vestrae
547 4175 656 4257 copiae.
670 4175 705 4235 in
721 4176 924 4258 Hellesponto
944 4174 1086 4246 aderant,
1112 4173 1199 4234 vobis
1215 4161 1266 4238 as*-

55 4262 57 4267 ’
86 4264 206 4340 scirtari
220 4263 369 4325 etfucnm
380 4263 479 4324 lacere
494 4278 649 4343 nunqnam
668 4261 835 4323 destiterit:
852 4275 897 4336 nt,
915 4280 984 4320 cnm
1002 4257 1135 4341 primum
1145 4256 1267 4321 Helles-

86 4364 223 4431 pontum
250 4349 386 4411 sxercitn
409 4370 538 4410 vacuum
554 4348 648 4424 vidit,
675 4347 776 4411 statim
795 4349 873 4411 dnos
891 4365 979 4428 reges
998 4364 1177 4429 oppugnare
1195 4363 1267 4407 coes

1014 4441 1082 4507 21‘
1147 4492 1150 4499 .
