2722 4754
296 276 307 286 .
369 143 1023 274 arminens-romtcmers.'¹
1080 186 1085 195 ¹
1134 207 1141 220 »
1188 188 1252 245 ιιι

503 310 506 319 .
973 308 982 331 ,
1044 302 1047 308 -

76 360 233 413 ueneram,
252 336 314 411 itta,
331 357 380 397 me
397 335 507 399 intuita
526 346 556 395 et
574 333 719 407 allocuta,
730 332 847 395 efflavit
864 335 1008 408 animante
1021 356 1090 395 com
1104 332 1185 395 bona
1199 356 1253 396 sua
1334 402 1338 409 ,

47 500 49 506 ,
78 426 141 485 iam
159 425 192 483 in
210 435 368 505 potestate.
380 443 444 481 non
461 419 603 491 haberet,
619 432 655 507 ut
672 416 764 492 mibi,
782 421 1059 499 quantumhvellet,
1076 420 1254 505 largiretur:

78 532 151 585 nam
170 531 258 591 saepe
276 509 360 588 prius
380 507 469 570 etiam
488 526 537 566 me
555 505 747 577 arcessierat,
765 519 904 584 precata,
922 520 957 566 ut
973 507 1039 588 ip'se
1056 507 1208 585 uenirem,
1226 505 1253 566 si
1276 536 1284 542 ·

79 619 151 657 cum
170 593 287 655 triremi
305 614 369 674 non
387 591 500 673 liceret
517 593 602 650 Uxor
619 612 722 671 porro,
740 613 829 669 quam
846 612 904 672 ego
916 592 995 655 socio
1011 592 1141 666 maximi,
1159 593 1253 675 longo

77 672 237 762 tempore,
255 680 380 738 absente
399 699 464 749 me,
483 675 644 760 decubuit:
661 675 751 737 liberi
769 676 870 756 parvi,
889 697 936 735 res
955 678 1108 738 familiaris
1128 678 1254 749 obaera·
1284 733 1287 741 .

78 781 118 829 ta.
137 770 267 826 Tantum
287 777 387 824 autem
406 761 512 835 abfuit,
528 756 565 822 ut
581 759 647 843 ,agri
666 761 826 841 quicquam
845 760 970 833 ferrent,
988 777 1023 822 ut
1041 785 1078 823 eo
1097 786 1177 824 anno
1196 789 1254 847 pu·
1312 756 1320 769 '

78 854 124 914 tei
143 852 232 911 etiam
251 854 327 928 aqua
345 849 559 919 deficerentur,
576 845 660 927 quod
678 846 776 907 nostis
796 868 917 919 omnes,
936 870 992 907 nec
1011 849 1093 908 olera
1112 850 1144 919 in
1162 850 1253 910 borto

80 947 260 999 crescerent.
296 931 470 992 Creditores
488 944 589 992 autem
607 954 688 993 anno
708 946 811 992 exacto
831 932 992 1013 praedium‘
1007 934 1140 994 invasuri
1159 949 1254 1010 erant,

80 1024 152 1087 nisi
165 1023 208 1082 eis
235 1021 372 1096 creditae¹
390 1017 560 1099 pecuniae,
581 1030 616 1077 ut
632 1018 828 1109 ‚syngraphae
854 1018 1024 1107 iubebant,
1044 1021 1254 1103 reddeientur.
1278 1087 1280 1091 ,

81 1110 169 1184 Quae
189 1129 256 1166 cum
276 1117 307 1166 et
321 1102 435 1164 nuntiis
456 1116 486 1165 et
505 1103 741 1171 domesticorum
761 1103 856 1164 literis
876 1121 1104 1188 cognoscerem,
1123 1128 1186 1187 quo
1204 1127 1253 1187 me
1289 1099 1292 1109 ⁸
1327 1166 1329 1171 ,

79 1195 173 1254 fuisse
192 1192 293 1252 animo
312 1190 434 1272 putetis,
452 1202 504 1249 aut
522 1203 666 1268 quantum
684 1190 799 1249 fudisse
814 1191 1025 1274 lacrymarum,
1041 1193 1149 1273 partim
1165 1214 1253 1274 prae-
1306 1209 1315 1229 ³

79 1292 181 1340 sentes
201 1276 393 1362 difficultates
411 1288 618 1355 reputantem,
637 1276 745 1359 partim
763 1275 867 1334 ridere
887 1276 1108 1351 desiderantem
1127 1279 1253 1352 liberos,

78 1386 206 1424 uxorem
226 1375 256 1422 et
275 1374 415 1431 matrem,
439 1382 528 1440 quam
547 1361 698 1420 viventem
726 1359 921 1420 inventurum
945 1381 1031 1441 spem
1054 1375 1178 1422 tenuem
1198 1364 1251 1422 ba-

79 1450 197 1510 bebam.
216 1447 337 1523 Quibus
352 1445 425 1525 quid
445 1458 475 1505 et
492 1444 617 1526 homini.
630 1445 760 1529 dulcius,
776 1458 829 1519 aut
847 1445 921 1526 qnid
940 1459 995 1521 est,
1014 1469 1077 1523 cnr,
1096 1448 1142 1509 his
1162 1449 1252 1527 orba·
1335 1502 1336 1507 ,

78 1549 139 1609 tus,
158 1532 317 1615 quisquam
331 1530 408 1591 uelit
425 1529 545 1589 uivere?
572 1530 763 1611 Quamquam
780 1543 881 1592 autem
899 1530 941 1591 ita
959 1526 1077 1592 mec'um
1096 1535 1253 1618 agebatur,
1320 1578 1325 1583 .

78 1642 144 1680 non
162 1618 257 1701 pluris
275 1616 379 1681 tamen
394 1614 465 1674 seci'
478 1637 527 1674 res
545 1635 626 1675 meas
645 1614 796 1696 privatas,
810 1638 913 1696 ‚quam
933 1614 1062 1679 ve'st'ras:
1086 1622 1140 1681 sed
1159 1629 1253 1701 opor·
1336 1669 1344 1683 .

78 1720 145 1766 tere
164 1699 269 1764 censui
287 1722 335 1759 me
354 1700 410 1760 tier
426 1698 607 1782 pecuniariis
625 1700 791 1787 sumtibus,
816 1703 873 1769 nec'
891 1698 1081 1766 detrimentis
1099 1702 1144 1765 rei
1162 1700 1342 1779 samir-277

79 1790 181 1863 liaris,
198 1794 255 1847 nec
268 1785 382 1867 morbo
393 1784 503 1846 'uxoris
522 1797 553 1846 et
570 1785 672 1846 matris
691 1785 907 1867 succumbere,
932 1809 971 1848 ne
990 1791 1058 1873 quis
1077 1791 1259 1861 criminare}

79 1876 141 1947 tur,
160 1895 208 1945 me
227 1872 274 1932 vel
293 1872 415 1941 ordines
434 1868 678 1949 deseruisse,ch
696 1872 842 1955 triremen
860 1874 956 1935 meam
975 1874 1052 1936 nulli
1069 1867 1254 1938 fuisse⁴usui

79 1958 273 2040 reipublicae.
308 1956 368 2016 Pro
387 1955 658 2036 quibn'somnibus
677 1956 754 2017 hanc
771 1951 787 2017 a
804 1944 891 2016 ‘vobis
910 1974 1017 2043 repeto
1035 1962 1182 2045 gratiam,
1208 1950 1253 2039 ut,

32 2055 35 2060 '
79 2044 337 2124 quemadmodum
357 2045 418 2124 ego
432 2062 488 2121 pro
507 2062 576 2101 meo
594 2042 664 2101 loco
683 2055 776 2123 atque
794 2036 898 2125 oifi'cio
909 2044 1060 2107 me'vobis
1077 2049 1257 2131 obsequem'
1325 2038 1328 2045 ¹

79 2143 142 2189 tem
162 2143 253 2207 atque
271 2127 378 2186 utilem
397 2126 541 2206 praebui,
567 2127 611 2186 sie
628 2149 682 2187 vos
701 2126 933 2208 quoque‘nunc
951 2132 1011 2191 mei
1028 2133 1178 2194 rationem
1196 2136 1252 2196 ha·
1327 2126 1331 2133 ¹

35 2232 40 2242 ’
80 2215 195 2274 beatis:
221 2220 316 2292 utque
335 2211 472 2271 omnium
491 2233 613 2303 eorum,
639 2234 720 2292 quae,
735 2208 796 2272 dixi
813 2208 918 2286 vobis',
945 2229 975 2275 et
992 2217 1251 2295 testimoniorum,
1285 2256 1293 2265 ι

81 2321 158 2380 quae
178 2297 326 2379 produxi,
345 2297 655 2384 e'tudecrementorum
676 2294 847 2375 memores,
862 2302 926 2358 tuin
946 2296 1020 2361 mibi
1038 2303 1149 2364 asserto
1168 2306 1268 2367 inin)

53 2386 132 2455 „riis
151 2381 352 2454 succurratis,
370 2378 436 2443 ium
454 2403 509 2441 vos
528 2382 610 2463 ipsos
628 2382 832 2455 ulciscamini,
850 2396 932 2458 tum,
951 2398 1028 2467 quae
1047 2411 1103 2469 pro
1122 2388 1182 2451 isto
1194 2377 1249 2453 in'-

79 2470 190 2544 sumsi,
208 2467 391 2528 restituatis..
415 2467 490 2527 Nam
510 2467 577 2547 quis
595 2466 710 2548 alioqui
728 2492 816 2533 suum
835 2489 905 2552 erga
924 2492 977 2532 vos
995 2472 1130 2535 studiu'm
1149 2458 1261 2538 decla..

80 2557 171 2630 rabit,
189 2554 214 2614 si
232 2575 333 2633 neque
352 2552 490 2614 boniset
508 2555 590 2615 dicto
603 2554 810 2614 audientibus
835 2555 950 2616 referre
976 2559 1101 2641 gratiam
1114 2604 1123 2635 ,
1136 2584 1249 2644 ,neque
1346 2551 1347 2559 ἵ

79 2640 226 2723 improbis
245 2652 276 2699 et
292 2638 386 2699 vestri
404 2636 645 2699 contemtoribus
663 2660 777 2720 poenas
794 2640 930 2722 irrogare
948 2644 1133 2707 videamini?
1150 2649 1248 2732 Lege-

78 2742 131 2788 tur
148 2739 248 2787 autem
266 2725 354 2784 vobis
371 2737 407 2785 ct
420 2724 535 2797 lex,.et
550 2737 687 2802 sumtus,
705 2726 793 2785 finito
811 2728 1018 2807 praefecturae
1034 2722 1173 2813 tempore
1192 2757 1248 2816 pro
1268 2763 1277 2771 ·

79 2815 140 2874 isto
158 2834 174 2872 a
194 2835 241 2871 me
259 2809 546 2891 sacti-singulatim,
563 2823 606 2869 -et
623 2811 706 2870 navis
732 2813 922 2886 desertores,
948 2823 1094 2894 quantuni
1118 2819 1248 2900 quisque
1338 2852 1341 2863 ·

79 2920 291 2973 nummorum,
309 2917 382 2955 cum·
395 2896 500 2977 sugam
517 2908 678 2975 caperent,
695 2896 872 2970 abstulerit,
891 2911 926 2958 et·
940 2923 1001 2980 quo
1021 2922 1052 2962 se
1072 2898 1248 2980 contulerit,
1267 2926 1283 2932 ·’

78 2976 114 3044 ui
132 2982 335 3066 cognoscatis,
353 3002 401 3041 me
419 3001 521 3061 neque
539 2994 621 3055 nunt
640 2983 725 3062 apud*
737 3004 791 3043 vos
809 2984 932 3045 mentiri
951 2987 1127 3067 quicquam,
1146 3011 1247 3070 neque
1296 2987 1298 2993 ’

78 3071 169 3131 etiam
188 3068 344 3149 superiore
363 3079 508 3147 tempore.
536 3056 603 3149 Ego
622 3066 703 3127 enim
722 3068 766 3129 sic
785 3069 934 3145 existimo,
952 3083 983 3130 et
1000 3066 1123 3154 tempus
1139 3075 1251 3142 defini-e

77 3169 146 3215 tum
163 3153 282 3236 legibus
300 3151 507 3233 sine-querela
523 3165 622 3212 vestra
639 3152 875 3228 obeundum,·et
892 3163 1097 3229 contemtores
1108 3171 1174 3219 tum
1192 3182 1247 3220 veh
1288 3224 1291 3229 ,
1317 3151 1321 3163 ’

70 3240 153 3313 stri,
171 3239 373 3320 tumlegum,
392 3236 502 3318 quibus
521 3236 877 3318 obtemperaronolunt,
894 3263 915 3300 a.
928 3228 1075 3323 me³apud
1092 3264 1147 3304 vos
1165 3245 1247 3306 iniut
1309 3240 1313 3262 ¹

76 3327 191 3386 riarum
210 3325 365 3384 convictos
385 3345 450 3383 esse
468 3322 668 3383 ulciscendos.
703 3324 813 3403 Neque
828 3347 918 3398 vero,
936 3327 1010 3386 mibi
1029 3330 1161 3403 credite,
1178 3353 1246 3391 mea
1268 3368 1285 3380 -

78 3434 168 3472 causa
187 3410 282 3493 mag-is
301 3420 389 3488 quam
416 3420 513 3469 vestra
531 3407 689 3491 Polyclem
711 3398 818 3470 ulcisci
842 3412 972 3484 studes,
997 3396 1098 3494 nequ‘e
1115 3428 1175 3475 tam
1192 3437 1245 3476 su-

77 3493 622 3578 periorumtempornm'triersrchos
641 3506 729 3554 curae
748 3495 835 3555 vobis
854 3497 1045 3576 esse'velim,
1064 3522 1153 3580 quam
1172 3523 1245 3582 pro-

76 3582 155 3663 spici
172 3580 296 3640 futuris:
323 3591 475 3658 ut2neque
501 3577 550 3652 bi,
577 3579 781 3658 qui-munera
808 3580 940 3655 obeunt,
969 3584 1086 3645 animos
1112 3576 1253 3667 desponss
1273 3590 1296 3628 ·‘

77 3669 186 3738 deant,
214 3685 314 3745 neque
330 3664 622 3746 successores—deges
640 3658 853 3740 ebutemnant,
878 3670 931 3727 sed
951 3668 988 3731 ad
1015 3693 1110 3746 naves,
1124 3672 1244 3748 abeant,

75 3775 147 3833 eum
166 3750 280 3811 inerint
298 3749 454 3832 designati.
483 3749 570 3823 Quae
589 3749 675 3811 vobis
694 3752 852 3834 cogitanda
866 3763 953 3826 sunt,
970 3766 1006 3815 ut
1023 3769 1106 3816 recte
1126 3771 1157 3818 et
1172 3779 1264 3819 vere*

77 3839 115 3898 de
134 3836 226 3897 rebus
246 3834 387 3895 omnibus
405 3834 554 3895 iudicetis.
571 3834 724 3916 Perquam
736 3850 836 3899 antem
850 3859 867 3898 e
881 3838 970 3898 vobis
980 3854 1129 3920 quaerere
1142 3844 1244 3917 veiim,

37 3935 40 3942 “
77 3924 207 3995 Iudices,
224 3942 292 4001 quo.
304 3920 338 3979 in
352 3941 401 3980 me
412 3919 514 3979 animo
532 3919 628 3980 futuri
647 3922 762 3995 essetis,
778 3923 805 3983 si
817 3922 906 3984 finito
923 3946 993 3988 meo
1011 3938 1150 4009 tempore
1168 3918 1244 3989 isto.
1312 3982 1317 3991 k

76 4029 137 4090 que
156 4009 193 4067 ad
210 4028 316 4067 narem
335 4028 398 4066 non
416 4005 568 4078 ueniente,
586 4005 655 4067 naui
672 4008 803 4081 diutius,
819 4009 947 4069 iubente
964 4010 1161 4093 imperatore,
1179 4020 1244 4077 noti

75 4093 292 4176 praefuissent,
311 4092 369 4153 scd
380 4090 619 4153 discessissem?¹
632 4147 634 4150 ,
646 4093 757 4152 Nonne
773 4108 843 4155 erati
860 4094 936 4154 mibi
953 4094 1104 4175 fuissetis,
1132 4121 1243 4181 meque

39 4218 42 4224 -
71 4176 463 4259 delinquereputassetisi.
482 4177 607 4252 :Quodsi
624 4191 691 4238 turn
714 4179 787 4240 ireti-
801 4178 1042 4258 nihi-tuissent,
1072 4187 1155 4266 quod
1167 4186 1242 4247 ⁴neri

75 4265 190 4325 diutius
217 4285 279 4323 non
297 4262 517 4342 praefuissent:
552 4284 656 4323 nonne
673 4265 840 4340 {conv-enit,
866 4272 903 4325 u't
919 4288 1001 4329 nunc
1025 4269 1068 4335 ab,
1076 4271 1139 4332 isto
1158 4294 1243 4333 sum·

74 4364 125 4430 tus
142 4349 223 4410 mihi·
238 4348 611 4432 exigere,÷q11·os.pro.eo
628 4347 706 4426 feei,
727 4348 906 4431 quinarem
922 4373 941 4415 s
956 4374 1006 4415 me
1022 4359 1242 4441 nonesoeepit?

1283 1860 1292 1885 l
1327 1856 1329 1861 ’
1343 1865 1345 1873 ι
