2746 4748
233 70 235 74 '
337 57 607 173 anvnusus
641 97 990 171 rruocnaunu
1025 101 1030 123 ¹
1184 113 1283 201 ιιι

61 265 156 329 tibus
176 275 208 324 et
224 200 445 362 Panathenacis
464 263 574 344 scripta
592 276 679 338 sunt,
706 286 807 345 neque
825 263 984 324 meliorem
1001 260 1119 345 legem,
1141 280 1247 344 neque

18 412 28 419 ,
64 349 260 413 deteriorem
281 347 439 429 quisquam
455 349 542 409 tulit:
561 344 671 430 quibus
690 364 790 410 autem
810 349 951 415 derebus
970 368 1070 429 neque
1090 348 1246 411 decretum
1299 365 1313 381 ⁸

64 436 216 536 iubebat,
235 447 266 494 et
285 434 368 516 leges
386 448 506 509 vetant,
525 423 711 497 Timocrates
730 436 829 495 otiose
847 435 931 516 leges
949 435 1036 507 tulit,
1055 434 1123 515 plus
1142 449 1247 497 aucto-

63 520 170 585 citatis
189 521 302 581 babere
319 531 402 580 ratus
417 522 686 589 senatusconsulto
706 544 794 602 quam
813 520 932 603 legibus
957 520 1151 619 praefinitum
1169 535 1246 582 tem·
1281 556 1285 569 ι

68 630 145 693 pus:
166 620 293 680 etcum,
312 605 399 665 vobis
416 606 557 668 omuibus
571 607 680 668 festum
699 605 932 678 celebrantibus,
950 607 1018 688 lege
1037 605 1185 667 sancitum
1196 608 1247 682 sit,

11 700 19 709 '
71 715 119 755 ne
130 714 169 754 eo
188 705 327 772 tempore
353 691 405 757 vel
418 692 590 779 privatim,
601 693 648 752 vel
666 693 788 774 publice
815 692 866 753 alii
884 691 983 751 aliis
974 691 1100 752 rniurias
1125 692 1246 768 faciant,

68 801 148 842 neve
167 779 331 879 quicquam
351 778 596 851 decernatur,
565 801 624 837 nrsr
615 778 679 838 ad
697 779 808 847 festum
826 776 995 859 pertineat,
1012 778 1078 877 ipse
1098 777 1246 839 nihilve
1267 824 1273 835 ,

10 892 17 899 ·
65 866 148 927 ritus
167 877 224 938 est,
241 883 290 936 ne,
309 883 373 921 non
391 885 487 922 unum
505 863 637 944 aliquem
652 862 807 946 cpopul'o,
824 865 879 951 sed
896 876 993 923 totam
1012 863 1164 937 civitatem
1183 865 1245 925 lae·
1279 858 1282 867 ’

66 952 143 1012 dere
162 950 325 1011 videretur.
348 949 399 1007 An
417 969 489 1008 vero
508 949 669 1010 ferendum
687 964 748 1024 est,
762 971 842 1050 eum,
861 972 915 1049 qm
905 949 1015 1032 leges
1034 970 1151 1022 omnes,
1170 973 1243 1031 quas

64 1027 163 1121 paulo
182 1047 259 1097 ante
269 1033 437 1108 audivistis,
455 1034 547 1094 sciret
566 1048 632 1095 esse
650 1049 737 1110 ratas,
757 1035 810 1136 qui
828 1035 920 1096 sciret
937 1034 1022 1110 item,
1041 1035 1162 1096 easdem
1180 1058 1245 1097 non

64 1122 171 1184 sinere
187 1119 287 1180 ullum
305 1119 461 1179 decretum
480 1120 577 1194 aliud,
594 1123 715 1181 tametsi
733 1104 904 1204 legitimum
922 1120 1025 1195 luerit,
1043 1119 1117 1201 plus
1132 1121 1244 1183 habere

12 1220 42 1245 ·'
65 1205 277 1281 auctoritatis,
303 1204 436 1265 scribere
455 1218 486 1265 et
503 1201 592 1265 ferre
601 1207 687 1267 vobis
706 1208 805 1290 legem
825 1229 860 1267 cx
879 1207 1243 1289 decreto,qu0d1psum

66 1294 162 1355 etiam
178 1290 298 1352 sciebat
313 1302 421 1349 contra
435 1291 519 1372 leges
539 1312 603 1352 esse
622 1293 756 1353 factum?
784 1294 900 1370 Annon
919 1291 1080 1394 indignum
1100 1307 1156 1367 cst,
1174 1318 1243 1355 curn

67 1378 136 1465 ipsa
152 1377 256 1438 civitas
272 1374 440 1455 unicuique
459 1388 598 1437 nostrum
616 1374 808 1439 securitatem
826 1377 1027 1459 praestiterit,
1046 1398 1085 1436 ne
1104 1379 1205 1479 quid
1196 1401 1243 1440 ιιι-
1302 1444 1305 1451 ,

64 1483 160 1535 suave
177 1475 231 1522 aut
247 1460 391 1533 acerbum'
415 1470 570 1542 pateretur
588 1463 652 1525 hoo
672 1477 810 1544 tempore
828 1464 935 1524 festo
926 1462 1086 1525 instituto:
1113 1465 1208 1545 ipsam
1227 1487 1243 1526 a

63 1548 241 1611 Timocrate
258 1545 453 1607 securitatem
472 1550 597 1622 eandem
616 1571 680 1609 nou
697 1550 886 1650 impetrasse,
904 1550 957 1608 sed
975 1547 1110 1609 maximis
1126 1551 1156 1610 in
1175 1552 1243 1632 ipso

48 1635 177 1697 'festo
166 1632 286 1693 ruiuriis
305 1652 371 1691 esse
387 1618 547 1694 affectam?
564 1636 659 1709 Quod
678 1635 760 1695 euim
773 1637 869 1695 maius
885 1634 984 1694 scelus
1000 1634 1178 1695 admittere
1175 1637 1242 1716 pri-

63 1732 157 1780 vatus
173 1718 266 1778 bomo
276 1718 392 1798 possit,
411 1740 499 1798 quam
514 1719 608 1802 leges,
627 1742 704 1800 quae
717 1721 869 1782 civitatem
888 1719 1060 1792 continent,
1072 1720 1242 1785 violando?
1324 1753 1326 1757 >

66 1803 178 1863 Enm'
168 1803 262 1886 igitur
276 1801 354 1863 nihil
374 1808 495 1876 eorum,
521 1827 597 1885 quae
617 1819 796 1886 oportuerat
816 1819 848 1865 et
864 1805 949 1888 leges
968 1802 1094 1878 iubent,
1119 1807 1241 1867 fecisse.

66 1909 130 1964 ea,
148 1909 227 1969 quae
244 1910 280 1949 ιιι
300 1910 331 1948 ιι
328 1884 428 1948 dicta
446 1902 535 1964 sunt,
560 1891 730 1966 intuentes,
749 1911 935 1974 cognoscere
954 1890 1090 1970 potestis.
1132 1890 1241 1972 Neque

62 1979 143 2036 vero
162 1974 231 2035 bac
235 1894 336 2033 moho
333 1993 377 2032 re
401 1995 631 2054 peccaterum,
657 1979 740 2058 quod
764 1976 906 2060 neglecto
934 1975 1054 2058 legibus
1079 1979 1240 2057 praefinito
1315 2032 1318 2037 .

44 2068 218 2142 tempore,
236 2071 400 2139 ereptaque
418 2060 506 2120 vobis
524 2082 648 2142 prorsus
666 2085 750 2122 omns
741 2063 800 2122 de
816 2063 862 2122 his
881 2059 1071 2123 deliberandi
1088 2061 1241 2138 facultate,
1287 2095 1295 2111 x

61 2148 141 2207 dnm
158 2144 273 2206 festum
290 2157 445 2226 ageretur,
471 2145 570 2228 legem
592 2148 680 2227 tulit,
708 2150 762 2209 scd
781 2147 821 2208 ob
840 2147 917 2209 illud
937 2146 1045 2221 etiam,
1072 2149 1156 2227 quod
1174 2170 1241 2211 eam
1345 2217 1347 2221 ἲ

62 2231 219 2294 omnibus·
215 2231 356 2310 receptis
370 2230 489 2312 legibus
504 2234 686 2293 contrariam
705 2234 881 2316 abrogavit.
900 2233 1001 2292 statim
1017 2232 1175 2294 evidenter
1187 2256 1241 2296 co-

62 2317 229 2417 gnoscetis.
245 2314 326 2398 Age,
343 2315 410 2398 lege
426 2317 501 2376 mihi
512 2319 644 2398 primum
656 2319 734 2380 hanc
749 2320 860 2419 legem,
879 2337 956 2397 quae
974 2329 1077 2415 aperte
1091 2332 1183 2394 vetat,
1200 2336 1241 2381 ne

63 2426 133 2484 qua
144 2401 296 2473 contraria
313 2401 362 2461 lex
379 2402 545 2462 sauciatur.
570 2405 621 2464 sin
636 2405 705 2485 quis
722 2402 904 2489 rogarit,
873 2401 1006 2464 accusari
1024 2402 1140 2505 iubet.
1134 2407 1241 2489 Lege
1263 2410 1323 2469 451

596 2555 710 2599 LEX.
1110 2599 1117 2627 Ι

154 2640 356 2738 Receptarum
374 2678 446 2716 vero
465 2610 569 2762 legum
586 2632 700 2717 nullam
720 2658 877 2738 abrogare
884 2655 992 2726 liccat,
1017 2655 1077 2714 nisi
1095 2659 1176 2736 apud
1194 2658 1240 2716 le-

65 2741 263 2842 gnmlatores
302 2744 381 2802 Tum
399 2762 471 2803 vero
482 2742 585 2803 cuivis
603 2741 788 2803 Atheniensi
812 2742 905 2801 liceat
928 2738 1146 2821 abrogare,
1120 2762 1147 2799 ιι
1166 2740 1240 2819 quid
1329 2820 1332 2825 ¹

62 2826 180 2888 ahud
168 2849 202 2887 ιιι
220 2827 283 2889 eius
303 2828 415 2902 locum,
434 2829 518 2908 quod
536 2828 675 2902 sustulit,
692 2828 804 2889 tulerit
839 2823 998 2886 Praesides
1016 2838 1117 2885 autem
1136 2826 1173 2889 de
1192 2825 1240 2887 lais
1344 2844 1348 2849 '

62 2910 187 2996 legibus
214 2912 357 2996 suffragia
379 2913 519 2993 serunto,
544 2936 578 2974 ac
604 2913 735 2994 primum
761 2915 799 2974 de
823 2925 945 2984 vetere,
970 2923 1078 2990 aptanc
1102 2911 1255 2985 videatur

61 2997 252 3075 Atheniensi
265 2999 397 3082 populo,
414 3021 452 3058 an
466 3021 539 3059 vcro
558 3021 660 3060 secus:
678 3012 749 3081 post
766 2999 805 3059 de
824 3021 869 3072 ea,
887 3015 965 3077 quae
982 3008 1116 3079 rogatur
1134 2994 1246 3069 Utrum
1260 3071 1263 3074 Δ

60 3105 139 3144 vero
156 3070 373 3167 legumlatores
393 3084 636 3165 comprobarint,
663 3106 698 3145 ea
714 3098 778 3145 rata
789 3084 941 3145 habetor:
956 3082 1148 3143 contrariam
1166 3105 1239 3145 vero
1342 3152 1347 3164 ⁸

63 3167 149 3228 ferre
164 3169 272 3253 legem
282 3181 473 3251 receptarum
491 3171 593 3253 legum
612 3169 677 3245 ulli,
695 3170 810 3230 nemim
801 3170 927 3230 liceat
951 3167 1085 3242 Quodsi
1091 3169 1168 3250 quis,
1187 3169 1239 3230 ab·

61 3267 171 3338 rogata
189 3255 258 3338 lege
272 3256 372 3336 aliqua
386 3269 500 3331 vetere,
518 3256 617 3316 aliam.
621 3254 824 3334 substituerit,
842 3252 1027 3315 Atheniensi
1040 3255 1157 3335 populo
1175 3277 1239 3327 nou

64 3353 287 3440 opportunam,
315 3354 367 3401 aut
385 3362 401 3399 c
419 3342 549 3425 receptis
574 3341 694 3425 legibus
719 3341 809 3402 alicui
835 3339 1035 3402 contrariam:
1063 3359 1133 3400 eum
1151 3361 1240 3409 accu-
1261 3390 1264 3395 .

64 3424 240 3487 sariliceat
258 3427 397 3509 exlege,
425 3429 553 3519 quaein
572 3449 625 3489 eus
643 3428 703 3488 lata
722 3442 785 3500 est,
812 3432 873 3508 qu'r
857 3425 984 3508 legem
1001 3445 1072 3525 non
1098 3425 1240 3487 idoneam
1325 3470 1328 3476 f

61 3509 200 3572 tulerint
273 3520 276 3525 ⁴
1172 3540 1174 3545 ’

147 3576 321 3658 Audivistis
339 3600 446 3681 legem
490 3595 568 3659 Cum
585 3613 686 3660 autem
705 3612 809 3660 nostra
837 3597 945 3678 civitas
964 3572 1177 3658 multisl‘bonis
1194 3596 1240 3657 le-

58 3681 151 3765 gibus
172 3683 214 3744 sit
241 3684 371 3744 munita:
397 3705 431 3743 ea
450 3696 495 3745 est
520 3684 611 3745 huius
635 3684 711 3767 legis
736 3684 938 3766 praestantia,-
964 3697 999 3745 ut
1016 3683 1094 3743 nulli
1112 3696 1240 3765 postpo

57 3769 162 3829 nenda
180 3769 327 3843 uideatur
354 3765 564 3869 Considerate,
582 3791 705 3851 quaeso,
724 3792 813 3850 quam
832 3771 924 3845 iuste,
941 3791 1094 3852 quamque
1113 3769 1242 3871 popular·

56 3853 137 3932 riter
154 3856 215 3914 lata
233 3855 280 3914 sit
313 3850 386 3915 Non
405 3855 478 3915 sinit
500 3856 630 3937 receptis
652 3854 772 3938 legibus
798 3856 952 3939 obrogare
972 3855 1168 3931 contrariam,
1181 3855 1241 3915 nisi

57 3953 149 4000 vetus
169 3939 263 4019 fuerit
280 3939 431 4023 abrogata.
466 3941 694 4016 Quamobrem?
729 3940 883 4017 Primum,
909 3955 946 4001 ut
963 3938 1080 4001 vobis
1070 3953 1150 4005 ruste
1168 3941 1240 4003 reli-

46 4022 212 4108 'gioseque
236 4027 434 4107 pronuntiare
453 4026 550 4087 liceat
593 4026 720 4087 Nam
695 4048 722 4085 ιι
748 4050 846 4107 quae
843 4029 934 4089 duae
962 4025 1143 4087 contrariae
1157 4027 1240 4110 leges

57 4111 256 4213 exstiterint,
277 4125 369 4212 atque
388 4111 482 4192 aliqui
505 4111 668 4175 adversarii
685 4114 765 4194 apud
783 4136 838 4175 uos
868 4109 1099 4172 contenderint·
1095 4113 1165 4173 sive
1183 4135 1241 4201 pu-

57 4195 167 4272 blicis,
193 4197 257 4258 sive
280 4198 404 4279 privatis
431 4198 597 4275 derebus,
623 4211 653 4261 et
670 4211 801 4279 uterque
826 4197 988 4261 victoriam
1011 4195 1072 4259 sibi
1097 4190 1241 4271 uindicet,
1290 4242 1293 4250 ,

56 4281 127 4368 lege
147 4305 216 4345 non
234 4284 338 4345 eadem
355 4284 489 4366 prolata:
511 4306 571 4366 pro
588 4298 722 4365 utroque
730 4285 821 4345 terre
847 4282 1031 4348 senteutiam
1050 4306 1114 4347 non
1132 4285 1240 4365 utique
