2722 4754
550 74 558 102 l

59 164 61 168 ’
133 155 205 267 ἑτέ
276 248 279 252 »
349 180 1010 305 'uamos‘rnmttsoan'rto
1303 172 1308 181 “

20 346 53 431 ”,
136 358 293 430 bissimirm
318 358 392 419 milri
416 358 581 431 accideret,
606 359 631 417 si
649 357 843 431 vos'omnes,
872 349 1060 440 quistatim,
1086 352 1226 418 admissis
1254 352 1311 412 de-

71 485 90 527 ¹.
134 443 231 519 lictis,
263 457 376 504 tantam
396 442 581 503 iracundiam
600 455 630 503 et
648 442 841 502 acerbitatem
860 436 1139 523 ‘atquemolestiam
1157 458 1233 521 prae
1251 457 1310 498 vo-

93 535 102 546 *
136 531 181 593 bis
200 528 362 601 tulissetis,
379 541 429 602 ut,
446 529 650 609 Neoptolemo
671 538 703 587 et'
714 527 923 587 Mnesarchide
944 539 974 586 et
991 523 1321 607 Philippideetquie

134 602 259 677 busda'm
279 634 314 674 ex
332 614 392 673 isto
410 614 496 714 valde
514 613 700 694 locupletum
719 634 811 696 grege
836 625 900 672 eta
919 632 966 671 me
986 624 1016 670 et
1035 632 1050 671 a
1068 610 1155 670 vobis
1174 610 1311 693 conten·
1332 669 1355 690 .-

135 698 495 774 dentibus,‘,clamaret1s,
513 719 566 757 vos
585 718 648 756 non
667 699 911 776 condonaturos,
938 710 986 771 et,
1004 708 1147 780 aggresso
1165 715 1215 756 me
1235 691 1310 757 Pte·-

133 778 209 866 paeo
227 784 388 858 mensurio,
408 784 449 844 ita
469 781 721 861 exclamaveritis,
731 783 816 862 quasi
834 777 870 842 ab
890 801 927 842 eo
945 783 1104 863 pecuniam
1123 792 1309 862 accepturus

24 871 34 879 '
59 896 64 904 ¹
133 880 247 942 essem,
272 882 308 930 ut
327 889 403 952 ego,
428 862 648 941 Athenienses,
674 867 815 948 pallium,
841 855 1095 927 vestintumultu
1112 866 1310 948 perterritus,

56 958 64 968 ‘
132 953 293 1031 obiicerem
313 968 344 1015 et
360 954 582 1036 propemodum
600 946 699 1013 nudus
719 953 750 1012 in
767 952 904 1013 tunicula
921 953 1088 1026 adstarem,
1115 954 1187 1013 dum
1207 949 1309 1024 illim,
1340 944 1354 1009 f

134 1048 203 1101 c'um
226 1061 275 1100 me
300 1040 450 1112 traheret,
476 1038 648 1122 fugiebam,
675 1051 706 1098 et
724 1038 835 1098 deiude
858 1037 977 1109 obviam
993 1050 1121 1110 euntes,
1135 1035 1239 1103 l'‘llide‘
1252 1036 1308 1110 sis,
1326 1068 1357 1091 .-

132 1135 169 1186 ut
186 1124 375 1204 persequaris
400 1123 514 1184 iudicio
540 1123 688 1184 nefarium
714 1123 825 1197 istum,
856 1143 956 1202 neque
982 1121 1051 1182 cuin
1077 1143 1114 1182 eo
1140 1121 1325 1206 transigant

37 1286 39 1289 ι
115 1208 338 1270 Νοὶκιετνιιῑηιιιῑ
355 1222 386 1268 te
404 1207 626 1283 Athenienses,
645 1208 720 1289 quid
736 1202 869 1269 facturus
888 1208 947 1280 sis,
972 1208 1085 1267 eteius
1104 1206 1305 1291 generis'alia

106 1290 110 1299 ⁴
134 1295 313 1356 dictitantes.
341 1295 506 1375 Postquam
524 1294 618 1377 igitur
635 1293 780 1376 suffragio
800 1295 955 1355 decretum
975 1305 1035 1366 est,
1055 1294 1086 1352 id
1104 1295 1223 1354 l'a'ctum·
1236 1291 1304 1354 ease

133 1379 416 1454 contumeliam,'et
434 1379 466 1439 in
483 1378 623 1460 templo,
634 1379 688 1458 qui
705 1379 777 1438 huic
795 1378 966 1462 cognitioni
984 1391 1057 1439 sunt
1073 1370 1236 1459 praefecti,
1254 1397 1304 1438 se-

36 1460 108 1546 'att
134 1467 240 1529 dentes
259 1465 514 1546 pvonuntiarunt,
533 1485 659 1548 egoque
672 1465 703 1523 in
722 1462 873 1525 sententia
891 1465 1056 1545 permansi,
1078 1476 1109 1523 et
1126 1485 1228 1544 neque
1246 1483 1323 1545 vet-3
1348 1460 1355 1469 ’

16 1562 20 1569 ‘
64 1584 65 1588 =
132 1549 195 1631 bis,
219 1570 319 1631 neque
344 1544 421 1608 milri
443 1550 508 1631 ipse
532 1550 720 1631 defuistum
740 1550 861 1610 demum
879 1571 934 1610 vos
953 1548 1137 1636 absolvetisi'
1171 1548 1303 1609 Minime

116 1635 276 1722 gentium.
308 1635 494 1716 Turpissima
519 1635 600 1694 enim
626 1635 726 1694 omnia
751 1634 783 1693 in
805 1656 839 1696 re
865 1635 976 1695 insunt
1010 1635 1120 1715 Neque
1145 1631 1217 1695 vero
1236 1653 1305 1718 ,ego
1338 1670 1348 1695 l

58 1732 62 1739 '
131 1720 258 1781 sumita
276 1719 401 1793 meritus
421 1720 458 1779 de
476 1719 579 1793 vobis,
605 1741 673 1779 cum
691 1720 884 1801 praesertim,
901 1718 1124 1793 Athenienses,
1144 1719 1300 1796 hominem

53 1801 57 1807 ¹
82 1867 87 1874 Κ
131 1815 285 1880 accusem,
313 1805 365 1884 qui
384 1816 415 1864 et
433 1799 528 1865 estet
546 1804 674 1867 babetur
691 1804 844 1866 violentus
863 1828 896 1865 ac
915 1806 1170 1878 contumeliosus,
1197 1805 1300 1887 quiin

18 1943 26 1949 .
52 1923 58 1929 ·
130 1890 244 1951 celebri
261 1889 404 1950 ludorum
423 1886 575 1957 ebnventu
592 1890 765 1970 petulanter
781 1890 920 1971 deliquit,
939 1891 992 1972 qui
1008 1889 1211 1951 contumeliae
1227 1907 1301 1951 suae
1331 1897 1338 1910 ’·

4 1985 7 1990 “
81 2005 84 2010 ·
123 1987 224 2036 'testes
242 1974 397 2058 fecitnon
415 1976 507 2035 modo
525 1987 598 2054 '‘vos,
623 1976 676 2034 sed
696 1987 732 2035 et
746 1975 879 2053 Graecos
900 1976 989 2036 etiam
1008 1997 1132 2050 omnes,
1158 1976 1211 2057 qui
1228 1995 1300 2056 spe-

85 2133 88 2139 ,
131 2060 244 2122 etatum
262 2061 453 2120 advenerant
496 2057 623 2119 Audivit
640 2060 771 2141 populus
790 2060 877 2120 istius
896 2061 1037 2122 facinora.
1081 2057 1330 2144 Quidjigituri'

25 2144 45 2183 ·'
87 2167 90 2172 ’
130 2140 321 2205 Praeiudicio
341 2139 514 2227 damnatum
532 2143 768 2205 vobistradidit.
788 2146 900 2221 ,Quare
917 2156 1017 2207 vestra
1035 2146 1170 2229 cognitio
1189 2166 1245 2212 nec
1265 2144 1301 2203 in

132 2230 263 2291 obscuro
281 2230 365 2303 fieri,
402 2252 459 2289 nec
476 2230 569 2289 latere
587 2235 759 2315 potestant
778 2229 914 2313 effugere
933 2231 1179 2312 disquisitionem
1196 2229 1301 2291 homi:
1333 2251 1336 2254 ’

18 2384 24 2403 Ι
131 2308 222 2388 num,
241 2315 401 2394 quidnam,
424 2336 457 2374 re
477 2317 555 2395 apud
573 2336 627 2374 vos
646 2315 782 2390 actitata,
801 2307 1002 2377 decreveritis.
1031 2315 1167 2392 'Quodsi
1184 2322 1302 2398 poenas

49 2467 52 2471 ¹
116 2399 197 2476 inili
220 2400 293 2473 etis,
310 2400 485 2480 prudentes-²
496 2412 526 2460 et
544 2400 642 2459 bonos
661 2400 742 2459 viros
762 2412 792 2461 et
809 2400 955 2483 improbis
974 2402 1118 2462 infestosi
1142 2401 1190 2492 siq
1209 2400 1301 2462 dimi.

80 2537 93 2558 x
131 2423 247 2569 seritis,
273 2484 373 2565 aliqua
398 2485 511 2545 aliare
536 2497 693 2566 superatos
713 2506 777 2546 esse
795 2485 1060 2567 vosiudicabunt
1086 2486 1196 2566 Neque
1217 2485 1302 2546 enim

131 2568 212 2648 civili
230 2568 331 2651 aliquo
352 2569 463 2630 delicto
483 2570 638 2643 admisso,
655 2582 722 2643 aut,
746 2582 781 2630 ut
798 2569 1151 2653 Aristophon,'coronis
1169 2569 1302 2631 redditis

107 2647 382 2743 conquestionem
407 2654 558 2735 publicam
584 2655 738 2716 dissolvit:
766 2657 819 2716 sed
847 2656 887 2740 pb
913 2656 1153 2730 contumeliam,
1173 2668 1203 2716 et
1227 2656 1301 2736 quia

93 2794 96 2799 ,
129 2737 206 2798 nibil
221 2756 337 2811 eorum,
354 2734 432 2818 quae
448 2740 530 2814 fecit,
549 2739 700 2822 corrigere
715 2753 827 2820 potest,
845 2740 878 2801 in
895 2741 1009 2804 indicio
1026 2755 1168 2802 versatur.
1187 2742 1338 2822 Utrum!¹

89 2822 242 2907 usigitur,
272 2823 331 2905 hoc
349 2824 447 2897 facto,
476 2823 676 2906 praestabat,
692 2845 761 2885 eum
780 2826 899 2900 statim,
927 2850 965 2887 an
983 2849 1056 2889 vero
1074 2850 1156 2888 nunc
1174 2823 1302 2908 puniri?

18 2986 20 2994 y
127 2907 278 2992 Equidem
296 2930 378 2967 nunc
394 2908 539 2970 arbitror:
554 2929 718 2968 commune
735 2911 816 2970 enim
835 2922 881 2970 est
895 2912 954 2972 hoc
968 2912 1126 2986 iudicium,
1145 2925 1176 2972 et
1194 2910 1298 2971 omnia

58 3059 61 3062 ⁴
101 2996 105 3008 ⁸
127 2991 277 3067 facinora,
299 2993 336 3052 de
356 2992 466 3072 quibus
484 3006 656 3066 accusatur,
675 2996 944 3058 communia-sunt
987 2999 1146 3060 Praeterea
1165 3017 1227 3069 non
1243 3011 1299 3059 ,me

24 3102 76 3129 -v
127 3075 319 3150 verberabat,
336 3075 558 3154 Athenienses,
584 3079 683 3147 solum
701 3081 773 3155 iste,
798 3101 899 3162 neque
919 3084 1117 3145 contumeliis
1131 3081 1300 3164 impetebat

107 3158 228 3221 ¹animo
248 3174 279 3222 et
297 3162 481 3244 cogitatione
494 3186 552 3242 ‘sua
570 3175 653 3236 tum,
681 3187 749 3226 eum
765 3165 879 3227 faceret
897 3189 949 3241 ea,
975 3191 1053 3248 quae
1071 3167 1214 3252 faciebat:
1242 3166 1299 3227 sed

128 3245 250 3325 omnes,
277 3259 432 3327 quotquot
453 3261 542 3328 putet
565 3245 673 3329 aliquis
694 3248 732 3334 ‘se'
756 3252 873 3326 minus,
899 3275 989 3333 quam
1014 3275 1071 3338 ego
1087 3271 1161 3326 me,
1180 3247 1298 3313 'ulcisci
1328 3245 1333 3252 ’

11 3357 43 3404 ²,
72 3368 82 3375 »»
125 3351 222 3411 posse.
257 3330 333 3390 Nam
352 3333 516 3412 quodxrlon
537 3354 641 3393 omnes
659 3334 837 3415 ¹verberibus
858 3340 1121 3409 autcontumeliis
1140 3336 1324 3399 afficiebam

26 3437 31 3450 ¹
114 3415 249 3501 .iuini.in
266 3415 435 3490 aedilitate,
459 3418 642 3499 boeotique
659 3418 773 3493 nostis,
798 3444 852 3482 vos
871 3442 927 3483 nec
946 3426 1057 3485 aediles
1077 3444 1180 3485 omnes
1199 3420 1294 3483 simdl

125 3505 205 3585 esse,
224 3521 323 3580 neque
341 3523 431 3582 posse
451 3525 634 3584 quemquam
651 3525 706 3564 vos
724 3506 815 3566 simul
834 3529 949 3585 omnes,
967 3532 1027 3570 una
1047 3509 1174 3590 quidem.
1189 3515 1295 3580 manu,

32 3592 45 3616 “·
124 3584 203 3664 'male
227 3596 362 3671 tractare.
404 3587 467 3648 Serl
490 3610 558 3648 eum
583 3611 679 3662 unos,
708 3590 851 3652 cui'facta
871 3593 981 3654 iniuria
1001 3608 1063 3669 est,
1083 3588 1294 3676 ⁴poeriasnon

125 3669 282 3759 sumserit:
299 3684 365 3730 tum
382 3694 631 3754 unumquemque
649 3673 820 3756 exspectare
838 3691 970 3760 oportet,
988 3669 1020 3740 se
1038 3679 1211 3761 proximum
1227 3678 1313 3738 fore'

7 3806 22 3825 p
119 3753 319 3841 ipsum,.qui
344 3756 384 3815 sit
408 3756 528 3818 iniuriis
554 3758 739 3843 afficiendus.
780 3762 995 3828 Proindealia
1020 3786 1083 3826 non
1111 3753 1297 3848 negligenda

124 3851 286 3927 sun-t,*uec
305 3844 538 3921 eispectandum
558 3863 595 3904 eo
614 3867 729 3925 usque,
749 3847 819 3907 dum
838 3848 930 3910 simili
948 3850 1037 3911 clade⁴
1049 3847 1295 3932 prematur,·setl
1316 3886 1321 3892 ·

75 3962 77 3970 ι
117 3917 215 4007 longe
234 3937 304 3984 ante
323 3929 571 4026 praecavendum.
608 3929 682 3990 Odit
699 3931 806 3992 Midias
824 3933 952 3995 fortasse
970 3956 1033 3995 me:
1058 3948 1195 4015 restrum
1219 3954 1294 3996 tero

73 4087 74 4090 Ἴ
124 4012 275 4088 quemque
293 4009 370 4070 alms‘
388 4011 543 4092 quispiam.
574 4013 656 4076 Num
673 4013 768 4096 igitur
784 4016 1010 4093 concesseritis,
1027 4033 1062 4081 ut
1080 4020 1217 4082 infestus
1229 4019 1319 4100 itte„

12 4158 16 4170 .
110 4091 261 4173 ,quisquis
279 4094 329 4168 sit,
349 4117 405 4176 pro
424 4097 550 4159 libidine
568 4113 773 4185 suaqvestrum
793 4105 928 4183 quemvis
947 4105 988 4166 ita
1005 4119 1126 4181 tractet,
1144 4103 1291 4191 quemad·
1321 4118 1325 4124 ·

122 4177 247 4237 modum
264 4178 321 4238 iste
339 4201 387 4240 me
405 4184 562 4244 tractavit?
585 4177 737 4268 Equidem
755 4194 819 4247 bon
838 4189 955 4268 opinor.
990 4180 1125 4254 Proinde
1140 4193 1193 4256 me
1212 4210 1290 4272 quo·
1354 4233 1358 4239 -

64 4322 87 4337 ..
122 4281 182 4342 que
206 4261 243 4321 ab
265 4261 353 4323 istius
377 4265 540 4329 insolentia
558 4268 720 4331 defendite.
755 4272 867 4335 Saltem
885 4275 946 4336 hoc*
963 4276 1081 4338 videter
1104 4277 1165 4339 iam
1188 4276 1290 4344 statim
1348 4277 1351 4287 ’

110 4343 174 4423 ubi
191 4345 336 4434 iudicium
353 4351 533 4428 surrexerit,
550 4350 762 4437 unusquisque
776 4360 1020 4444 restrum,.alius
1038 4354 1168 4425 fortasse
1187 4370 1288 4429 matu-
