2722 4754
852 92 857 120 t

274 193 598 258 auvrusus
631 156 1012 287 ιιιιοιιιιιιι.
1111 254 1118 284 5
1179 172 1292 272 aao's

89 358 134 424 'aut
143 326 282 432 suffragia
300 348 359 412 lata
376 361 463 424 sunt,
481 349 546 412 sive
564 349 597 422 in
614 349 796 428 indicio,
767 374 834 415 srve
852 321 1009 435 privatim,
1027 354 1092 432 sive
1104 354 1242 455 publice,

89 459 133 510 aut
146 460 198 522 qua
215 435 304 495 dere
321 435 477 516 publicum
495 437 679 497 decretum
669 439 857 500 intercessit:
875 440 913 500 de
932 440 979 502 his
997 461 1037 501 ne
1054 439 1134 502 actio
1153 442 1260 515 dator

88 535 116 596 in
130 522 251 595 iudicio,
269 541 372 601 neque
389 514 644 586 Novemviroium
662 523 821 610 quisquam
839 525 996 587 decernito
1005 547 1150 611 ,neque
1151 548 1240 629 accu-
1300 571 1304 576 -

88 638 142 683 gara
157 605 276 672 sinunto
296 626 347 681 ea,
373 627 450 686 quae
469 607 552 690 leges
570 608 766 670 interdicunt.
856 614 859 622 '

156 695 339 756 Timocrates
364 699 456 793 vero,
488 706 632 775 tanquam
667 694 879 759 testimonium
912 717 1035 758 suarum
1060 699 1240 785 ini-uriardnr
1260 705 1341 766 456”

55 813 70 825 ’
86 785 237 852 scriberet,
250 777 352 852 statim
371 776 461 838 initio
479 799 550 839 suae
568 779 645 862 legis
664 779 711 840 his
730 779 880 840 contraria
897 779 975 840 tulit
1010 782 1088 846 Nam
1105 785 1157 847 illa
1175 809 1239 849 non
1330 852 1333 859 Δ

86 865 224 938 concedit,
251 862 363 943 quibus
382 864 419 923 de
438 864 529 925 rebus
555 865 683 930 semel
674 888 706 926 ιιι
731 864 846 927 iudicio
870 865 911 924 sit
930 864 990 926 lata
1008 871 1174 969 sententia,
1200 864 1239 936 de

29 972 41 986 ⁶
86 961 124 1022 hir
139 956 235 1016 denuo
254 948 369 1007 referre
387 962 440 1009 aut
456 951 659 1030 respondere:
685 950 743 1012 iste
762 970 852 1025 vero,
878 948 995 1011 etiamsi
1013 954 1080 1033 quis
1100 955 1168 1038 lege
1187 973 1239 1021 aut

84 1047 192 1107 decreto
210 1034 367 1094 damnatus
384 1034 495 1121 fuerit,
519 1056 548 1095 ιι
539 1034 714 1136 populum
731 1033 924 1117 respondere
936 1035 1039 1113 iubet,
1056 1051 1092 1100 ut
1111 1054 1142 1101 et
1158 1041 1238 1104 iudi·
1271 1036 1273 1039 ¹
1292 1081 1296 1085 Δ

10 1142 19 1148 ·
85 1131 123 1194 cio
140 1125 254 1184 decreta
277 1111 442 1179 tollantur
450 1134 481 1182 et
503 1122 635 1182 aerarius
659 1123 750 1182 vades
776 1123 834 1182 det
869 1122 918 1185 Ac
933 1122 982 1183 lex
1005 1124 1129 1205 quidem
1147 1140 1239 1205 vetat,
1301 1158 1305 1163 ·

80 1236 116 1279 ιιι
137 1205 453 1271 veiNovemvirorutn
472 1205 632 1287 quisquam
652 1199 772 1289 praeter
796 1207 870 1268 hacc
894 1207 1056 1289 quicquam
1080 1212 1240 1277 decernat:
1293 1204 1303 1291 ι
1340 1257 1343 1273 ι

36 1286 40 1305 ”
84 1303 213 1362 imovero
232 1290 389 1371 scripsit,
398 1292 588 1372 praesidibus
613 1312 678 1353 esse
687 1312 845 1366 necesse,
870 1293 896 1353 si
914 1295 981 1373 quis
1000 1297 1090 1357 vades
1110 1299 1246 1376 dederitf

89 1404 145 1449 eum
169 1374 366 1460 producere,
384 1389 477 1459 atque
510 1377 685 1461 adscripsit,
717 1374 964 1462 quandocunque
986 1381 1066 1462 quis
1098 1384 1238 1448 voluerit
1316 1393 1326 1404 '

87 1469 168 1531 Aliam
182 1464 282 1586 legem
300 1462 400 1533 recita.
474 1484 480 1490 ’

585 1615 744 1685 ‚urxs
779 1601 825 1687 f

153 1722 261 1783 Iudicia
288 1735 323 1784 et
345 1722 486 1798 arbitria,
523 1743 723 1806 quaecunque
749 1723 893 1808 legitime
909 1724 1028 1787 ratione
1051 1726 1130 1833 iacta
1155 1712 1237 1806 sunt,
1266 1722 1275 1746 ²
1341 1745 1345 1751 ’

83 1810 174 1875 libera
178 1809 348 1892 republica,
366 1823 430 1871 rata
448 1810 606 1876 habentor.

131 1892 246 1979 'Negat
270 1895 330 1955 hoc
348 1896 550 1957 Timocrates:
576 1917 640 1976 non
658 1896 791 1976 utique,
816 1896 934 1977 inquit,
958 1897 995 1960 iis
1013 1897 1156 1981 quidem,
1183 1873 1236 1982 qui
1279 1949 1282 1952 ι

67 1980 196 2086 uinculis
212 1992 283 2042 arnt
300 1981 441 2042 damnati.
483 1982 596 2044 Recita

597 2134 707 2201 nux.¹
784 2117 786 2120 ⁴

88 2238 375 2340 Quaecunque
377 2239 435 2300 sub
453 2236 590 2340 triginta.
595 2237 780 2326 tyrannis
751 2251 816 2300 acta
820 2203 925 2315 suut,
949 2252 1002 2302 ant
1019 2188 1131 2303 iudicia
1148 2205 1238 2359 facta,
1257 2274 1270 2314 y
1301 2235 1305 2242 ’
1333 2260 1336 2269 “

73 2324 127 2384 rite
144 2323 301 2404 privatim,
319 2325 382 2385 sive
400 2325 567 2406 publice,
557 2325 641 2385 irrita
659 2337 759 2388 sunto.

123 2409 271 2470 Desine.
305 2411 406 2472 Dicite
423 2410 516 2511 inihi,
545 2410 687 2490 quidnam
716 2429 821 2470 omnes
841 2429 895 2470 vos
921 2394 1171 2472 immanissimum
1189 2412 1236 2472 di-

68 2495 189 2596 ceretis,
212 2500 265 2555 aut
275 2497 357 2576 quid
370 2496 512 2578 maxime
522 2495 754 2556 detestaremini.
789 2494 901 2555 Nonne
919 2495 966 2570 id,
991 2517 1031 2555 ne
1049 2497 1116 2558 talis
1133 2493 1237 2557 rerum
1270 2554 1281 2572 ι

32 2636 33 2641 ,
71 2593 158 2642 status
174 2580 343 2664 ingrueret,
362 2582 458 2662 qualis
466 2562 534 2641 sub
550 2581 675 2664 triginta
690 2580 827 2664 tyrannis
843 2581 922 2640 fuit?
939 2581 1133 2660 Equidem
1108 2603 1151 2642 stc
1169 2581 1237 2663 opi-

70 2687 129 2726 nor.
172 2667 284 2727 Haec
274 2667 369 2750 rgitur
386 2668 452 2741 lex,
470 2667 520 2741 id,
537 2679 573 2727 ut
590 2666 666 2725 mihi
683 2666 828 2740 videtur,
837 2665 951 2751 verita,
969 2667 1068 2727 vetuit
1084 2680 1149 2728 acta
1166 2668 1237 2728 ilto-
1307 2699 1317 2719 <

53 2774 134 2812 rum
149 2765 323 2853 temporum
340 2767 404 2814 rata
422 2753 543 2812 haberi:
569 2753 636 2812 iste
654 2764 774 2825 autem,
801 2771 882 2832 quac
896 2751 993 2811 libera
1012 2751 1132 2812 civitate
1151 2763 1237 2834 gesta

48 2890 50 2895 s
70 2850 153 2914 sunt,
182 2859 217 2898 oa
240 2838 404 2902 ciusdem
395 2837 564 2938 iniquitatis
584 2838 783 2910 condemnat,
812 2838 900 2912 cuius
916 2857 971 2899 vos
989 2837 1126 2918 triginta
1131 2849 1237 2921 tyran-

27 2918 38 2985 .’
68 2928 146 2984 nos!
155 2944 251 3006 aeque
272 2938 353 2984 certe
371 2925 455 2984 irrita
473 2922 552 2984 facit„
587 2923 629 2982 At
647 2923 722 3002 quid
740 2908 890 2997 dicemus,
907 2921 1173 2997 Athenienses,
1148 2943 1185 2981 sr
1191 2922 1236 2982 le-

67 3029 132 3092 gem
150 3009 239 3070 istam
258 3008 525 3070 confirmabimus?
548 3011 658 3069 Utrum
676 3007 803 3081 iudicia,
822 3028 916 3088 quae,
934 3005 1127 3068 dum-civitas
1146 3029 1162 3068 a
1180 3007 1272 3088 po-

56 3095 136 3176 puio
154 3096 292 3179 regitur,
316 3095 421 3156 iuratis
439 3092 593 3155 iudicibus
612 3090 822 3172 complentur,
849 3093 954 3152 eadem
972 3113 1122 3174 grassare
1092 3092 1243 3153 νίοΙιιι-
1321 3160 1326 3168 ,

64 3181 114 3254 tia,
132 3202 212 3283 quae
231 3182 287 3242 sub
306 3181 431 3264 triginta
448 3180 585 3267 tyrannis
603 3177 664 3238 fuit
680 3179 788 3239 usitata
806 3178 876 3263 (est-
885 3198 958 3238 vero
976 3178 1008 3237 id
1026 3175 1239 3324 ἷιιιιιάιιιιιῗὲ,

66 3287 101 3326 an
118 3267 178 3328 rite
197 3267 312 3329 sancita
330 3280 361 3327 et
380 3262 500 3327 decreta
519 3264 606 3327 esse?
635 3264 871 3365 Qnamobrem
861 3263 956 3346 igitur
973 3263 1090 3346 leg'em,
1110 3286 1168 3344 qua
1185 3263 1208 3323 il

66 3351 268 3455 abrogentur,
287 3373 344 3414 nos
362 3352 447 3413 ferre
461 3349 616 3419 dicemus?
652 3351 711 3410 nist
703 3347 789 3409 hoc
806 3349 916 3430 aliquis
936 3349 1033 3435 dicat,
1051 3370 1088 3410 ex
1105 3349 1251 3410 insania:

48 3436 145 3519 ¹aliud
164 3440 248 3501 enim
267 3439 328 3499 dici
345 3458 409 3499 nou
426 3450 536 3520 potest
579 3436 686 3512 Recita
704 3435 791 3496 aliam
809 3435 918 3519 legem

597 3589 706 3634 iux.
871 3581 874 3586 ’
944 3570 946 3577 ‘
1176 3561 1197 3590 '‘
1234 3583 1323 3659 ,ιιι

148 3695 262 3777 Neque
281 3695 423 3776 cuiquam
441 3693 474 3755 in
491 3694 583 3756 unius
607 3693 665 3755 viri
690 3685 816 3776 gratiam
834 3674 933 3774 legem
950 3690 1032 3751 ferre
1053 3689 1154 3763 liceat,
1179 3687 1240 3748 nisi

67 3782 171 3846 eadem
190 3783 228 3842 ad
247 3803 352 3842 omncs
370 3780 575 3841 Athenienses
593 3778 747 3861 pertinere
765 3777 877 3858 possit,
900 3778 1023 3837 decreto
1041 3772 1121 3836 facto
1140 3797 1156 3834 ι
1175 3795 1239 3834 non
1300 3838 1303 3844 ‚

14 3934 19 3947 ‚
65 3866 262 3951 paucioribus
274 3891 371 3949 quam
390 3887 442 3928 sex
459 3867 611 3942 millibus,
634 3864 744 3946 quibus
764 3862 842 3922 id
813 3884 920 3924 ursum
929 3862 1022 3923 fuerit
1040 3861 1115 3923 clam
1134 3862 1239 3921 decer·
1281 3942 1283 3947 ,

65 3955 219 4016 uentibus.
259 3983 261 3995 .

111 4040 224 4102 Non
243 4039 375 4101 admittit
391 4039 508 4122 legem,
532 4037 593 4097 nist
584 4035 717 4096 cadem
734 4022 775 4093 ad
791 4053 898 4093 omnes
917 4033 996 4093 cives
1014 4030 1182 4113 pertineat
1205 4029 1239 4091 in
1319 4100 1324 4112 ι

68 4147 165 4209 quo
146 4139 231 4187 recte
251 4139 282 4187 et
299 4120 489 4208 populariter
506 4123 649 4204 loquitur.
682 4123 724 4181 Ut
743 4119 832 4179 enim
841 4118 1026 4197 reliquarum
1044 4138 1147 4178 rerum
1165 4116 1240 4177 civi-

67 4214 135 4274 tatis
154 4226 282 4314 aequant
299 4223 416 4294 partem
435 4209 577 4271 omnibus
594 4206 690 4269 tribui
706 4205 824 4280 vult,'
800 4226 844 4266 ιιι
862 4204 952 4265 etiam
969 4203 1080 4287 legum.
1108 4199 1295 4287 Propter

71 4320 146 4380 quos
165 4318 241 4361 vero
259 4298 328 4360 iste
332 4297 430 4381 legem
448 4296 526 4356 hanc
543 4292 718 4368 obtrnserit,
736 4313 792 4353 vos
808 4310 871 4351 non
887 4288 988 4350 minus
1006 4309 1096 4371 qnam
1114 4307 1173 4371 ego
1187 4287 1240 4354 in-

61 4378 223 4481 tedigitis·
245 4383 297 4458 et,
315 4395 363 4445 ut·
373 4384 433 4445 hoc
453 4381 608 4466 omittam,
629 4381 704 4499 ipse
716 4377 874 4452 confessus
891 4389 981 4456 est,
980 4395 1015 4436 ιι
1031 4394 1096 4438 non
1107 4384 1239 4456 propter

960 4449 1038 4539 22Ρ
1075 4486 1109 4514 ¹
