2722 4754
367 172 632 249 ADVERSUS
664 126 932 236 territt-stne
1169 182 1228 237 231

71 327 221 404 Quamdiu
239 340 341 393 antem
359 347 413 389 vos
432 326 618 408 benignitate
631 324 726 391 desim
744 328 837 410 magis
854 351 943 409 quam
960 330 1005 391 illi
1021 330 1148 404 floretis,
1165 331 1247 397 sire.

76 432 243 475 communes
261 412 396 475 actiones
414 423 604 492 spectentur,
622 413 685 473 sire
702 413 880 489 concordia,
898 416 961 476 sive
980 430 1095 478 caetera
1113 415 1229 477 omnia:

80 520 149 582 quae
164 518 249 560 causa
268 511 338 571 est,
350 518 420 570 cur,
438 497 548 561 vestris
562 498 708 558 institutis
726 494 891 580 ndglectis,
917 490 968 561 illa
984 500 1229 583 persequamini?

81 586 150 647 Nam
163 583 280 645 tametsi
297 582 357 656 illa,
374 583 400 642 si
416 582 494 641 ratio
512 596 675 664 spectetur,
692 583 818 643 meliora
834 582 1025 646 viderentur:
1042 588 1230 653 attfortunae

85 685 157 734 certe
169 689 268 741 cansa,
286 688 393 749 quam,
420 665 503 726 hisce
520 669 584 739 usi,
609 667 770 748 propitiam
788 667 952 743 habuistis,
974 685 1078 733 nostra
1096 671 1228 732 retinere

89 751 273 819 conveniebat
291 752 422 828 Quodsi,
436 752 553 812 omissis
570 753 615 813 his
631 752 782 826 omnibus,
796 753 829 813 id
842 754 1005 816 dicendum
1019 770 1074 830 est,
1086 757 1170 836 quod
1180 756 1227 816 iu-

21 830 26 839 ’
90 856 154 905 stura
169 857 228 921 esst
246 836 393 910 arbitror,
411 835 455 897 sic
474 838 531 919 ego
550 837 691 898 dixerim:
709 838 781 898 Non
799 839 913 899 iustum
932 854 995 912 est,
1013 840 1228 914 Athenienses,

91 921 373 989 lacedaemoniorum
399 935 451 982 aut
475 920 692 990 Thebanorum
722 923 805 1006 leges
841 924 1013 1006 praedicare
1046 925 1083 984 ad
1108 939 1227 986 nostras

21 1058 24 1081 ,
93 1014 161 1075 hisee
175 1005 408 1067 labefactandae:
434 1026 535 1086 neque
553 1022 792 1091 consentaneum
811 1022 875 1088 est,
900 1032 968 1070 cum
987 1030 1073 1082 cum,
1099 1010 1152 1088 qui
1168 1009 1228 1069 tale

95 1092 183 1176 aliquid
198 1091 276 1171 apud
293 1111 348 1151 vos
376 1090 614 1169 machinaretur,
639 1115 694 1175 per
711 1115 788 1174 quae
814 1095 858 1154 illi
875 1094 1085 1179 (oligarcbiam
1111 1092 1179 1153 dien
1199 1105 1230 1153 et

96 1173 319 1258 dominationem)
336 1174 438 1257 magni
456 1192 539 1252 sunt,
556 1180 751 1240 interemtum
769 1179 906 1252 velletis,
922 1200 1028 1240 vocem
1046 1192 1147 1239 tamen
1162 1179 1228 1238 eius

96 1258 237 1331 enomere,
255 1260 311 1340 qui
329 1281 364 1321 ea
380 1260 450 1321 tolli
468 1276 499 1324 ct
522 1263 638 1324 aboleri
657 1263 759 1341 iubet,
786 1263 947 1343 inquibus
972 1263 1078 1345 populi
1100 1262 1227 1323 felicitas

63 1410 69 1427 ι
96 1344 210 1414 comittit
253 1346 287 1404 ln
305 1358 430 1425 promtu
454 1348 513 1408 illis
533 1362 579 1409 est
604 1349 694 1409 etiam
712 1347 768 1408 alia
784 1348 889 1421 ratio,¹
906 1350 986 1429 apud
1004 1369 1060 1408 nos
1079 1347 1244 1415 maiorum·-

138 1438 144 1444 '
179 1442 382 1493 enostrorum
398 1433 587 1514 temporibus
607 1434 753 1514 quosdam
771 1432 922 1514 praeclare
939 1454 971 1493 se
989 1433 1135 1514 gessisse,
1160 1433 1228 1516 qui-

97 1454 199 1582 iiilile
215 1512 290 1573 nibil
309 1516 442 1578 delatum
461 1518 514 1579 sit:
536 1519 594 1584 ,sed
612 1537 664 1578 eos
682 1518 757 1577 boni
783 1517 972 1578 consuluisse
998 1517 1227 1599 inscriptionem

96 1605 196 1683 aliquant
211 1598 242 1661 in
259 1602 369 1669 statuis
387 1602 624 1666 Mercurialibus.
659 1603 699 1663 Et
716 1602 790 1663 haec
818 1603 946 1663 sortasse
965 1602 1050 1662 vobis
1069 1601 1227 1683 inscriptio

95 1683 246 1751 recitabitur.
279 1688 346 1769 Ego
365 1708 449 1761 vero,
466 1687 680 1761 Athenienses,
697 1688 800 1749 multis
819 1687 971 1748 decausis
990 1686 1064 1747 haec
1081 1685 1228 1767 reipubli-

95 1794 134 1836 cac
154 1771 292 1835 inutiliter
317 1785 408 1852 atque
435 1772 525 1832 ctiam
550 1772 661 1834 iniuste
681 1772 741 1835 dici
764 1793 884 1833 censeo.
924 1773 1001 1832 Nam
1019 1773 1045 1832 si
1065 1772 1132 1851 quis
1158 1772 1227 1832 illos

21 1912 29 1941 Γ
94 1877 196 1942 quoquc
210 1856 326 1919 bonore
346 1858 492 1940 indignos
517 1856 612 1917 suisse
631 1857 754 1917 dixerit:
782 1857 971 1936 dicat,*quis
990 1857 1100 1939 dignus
1118 1856 1175 1929 sit,
1201 1854 1227 1915 si
1249 1860 1255 1911 Ξ

21 1946 23 1953 ’
51 1984 54 1991 ·
94 1941 356 2024 nequeunte-illos,
382 1962 482 2022 neque
500 1954 571 2022 post
588 1941 755 2021 quisquam.
791 1942 911 2016 Quodsi
928 1941 1080 2000 neminem
1099 1940 1225 2000 omnino

95 2031 168 2092 dicct:
183 2026 319 2106 equidem
337 2027 420 2087 urbis
438 2038 560 2086 nostrae
578 2027 674 2086 vicem
690 2026 790 2100 doleo,
809 2025 962 2085 neminem
980 2026 1129 2089 omnibns
1140 2047 1227 2085 secu-

94 2110 263 2175 lisbeneficio
282 2111 409 2194 dignum
428 2111 584 2173 exstitisse.
605 2110 647 2169 At
661 2109 686 2169 si
696 2122 886 2191 praestantes
905 2111 986 2170 viros
1006 2131 1059 2170 eos
1075 2111 1167 2170 luisse
1182 2111 1226 2170 la-

94 2197 194 2269 retitur,
218 2208 250 2256 et
265 2195 343 2264 nihil
361 2209 462 2256 tamen
481 2217 546 2256 esse
572 2208 752 2255 consecutos
772 2196 925 2259 ostendet:
950 2195 1100 2255 civitatem
1118 2188 1226 2274 utique

93 2291 183 2343 assuat
197 2278 431 2362 ingratitudinis.
448 2280 616 2340 Plurimum
634 2300 706 2345 vero
725 2278 821 2352 abest,
836 2292 872 2339 ut
884 2278 958 2339 haec
976 2279 1017 2339 ita
1034 2281 1110 2339 sint:
1128 2278 1226 2339 sed‘si

94 2366 142 2446 quis
160 2362 305 2427 malitiose
323 2386 356 2425 ac
382 2365 592 2425 fraudulenter
617 2364 786 2425 orationem
804 2362 836 2422 in
853 2385 902 2424 res
920 2385 985 2423 non
1010 2363 1224 2441 convenientes

46 2497 50 2502 -
93 2446 260 2522 tansmittit,
277 2448 365 2509 aliter
382 2450 520 2530 prolecto
538 2449 605 2509 fieri
623 2470 686 2510 nou
703 2461 816 2529 potest,
834 2448 909 2529 quin
928 2470 962 2508 ea
979 2448 1106 2507 molesta
1124 2460 1155 2507 et
1172 2442 1225 2505 ab·

92 2534 158 2595 surda
171 2533 325 2594 rideatur:
356 2535 423 2616 Ego
441 2555 530 2607 vero,
556 2534 639 2613 quod
657 2554 788 2613 aequum
807 2546 837 2594 et
854 2552 959 2593 verum
978 2545 1041 2605 est,
1066 2533 1098 2591 id
1116 2532 1153 2591 ad
1171 2551 1224 2590 vos

87 2619 170 2679 dican.
184 2617 320 2678 Fuerunt
336 2619 488 2700 superiori
505 2631 601 2678 aetate
620 2618 708 2677 multi
725 2619 782 2678 viri
800 2631 996 2698 praestantes,
1015 2629 1046 2675 et
1063 2637 1115 2676 eos
1135 2614 1225 2674 etiam

21 2702 31 2744 '·
91 2715 141 2762 tun
151 2701 314 2783 respublica
331 2716 434 2764 nostra
446 2703 626 2763 honoravit
670 2703 811 2762 Honores
830 2702 925 2782 igitur
942 2715 972 2761 et
990 2714 1104 2761 caetera
1124 2699 1225 2759 omnia

21 2812 26 2819 ·
91 2786 180 2847 fiebant
193 2807 247 2867 pro
265 2786 348 2847 illius
367 2788 473 2848 aetatis
492 2785 728 2847 consuetudine:
754 2808 835 2845 nune
852 2806 932 2844 vero<
944 2797 1050 2844 nostro
1068 2804 1153 2843 more
1171 2803 1226 2864 geq

87 2882 174 2929 runtur
189 2870 300 2931 eadem.
318 2872 388 2946 Qua
405 2873 499 2955 igitur
516 2872 575 2931 hoc
593 2872 630 2930 de
649 2891 736 2929 causa
754 2869 841 2930 dico?
859 2869 938 2943 Quia
957 2868 1083 2928 dixerim
1102 2887 1170 2949 ego,
1189 2867 1224 2926 il-

85 2955 119 3014 los
132 2955 211 3028 nihil,
229 2958 313 3036 quod
331 2956 510 3029 voluissent,
527 2954 676 3016 acivitate
690 2975 753 3013 non
772 2954 955 3035 impetrasse.
973 2954 1045 3027 Quo
1064 2971 1225 3033 argumen-

84 3039 147 3099 tsid
162 3040 294 3122 colligo?
320 3042 402 3117 Quia
418 3039 608 3124 Lysimacho,
625 3039 680 3098 uni
697 3038 778 3098 illius
796 3037 953 3118 temporis,
971 3037 1024 3117 qui
1042 3035 1225 3115 reipublicae

82 3123 223 3204 prolueret,
242 3138 364 3184 centum
383 3126 415 3184 in
429 3125 555 3184 Euboea
573 3125 677 3206 iugera
694 3123 853 3183 arboribus
873 3121 982 3182 consiti
989 3121 1063 3199 soli,
1080 3112 1224 3180 totidem-

81 3228 128 3286 que
141 3208 212 3269 nudi
231 3210 396 3269 dederunt:
414 3222 629 3290 praetereaque
649 3220 770 3268 centum
788 3207 906 3290 argenti
923 3206 1037 3279 minas,
1056 3218 1086 3266 et
1104 3217 1225 3284 quater-

76 3296 118 3351 nat'
133 3292 285 3353 drachmas
304 3295 336 3352 in
354 3295 419 3355 dies
437 3294 583 3377 singulos.
595 3292 659 3364 ‚Ac
678 3293 715 3352 de
733 3293 780 3353 his
794 3291 959 3352 Alcibiadis
978 3287 1224 3352 senatusconsul-

76 3388 127 3435 tum
144 3389 248 3451 exstat,
267 3378 299 3438 in
317 3400 378 3457 quo
397 3380 471 3447 haec
490 3380 600 3459 scripta
617 3389 695 3438 sunt
713 3379 800 3437 Tunc
818 3377 899 3437 enim
916 3389 1020 3437 nostra
1037 3375 1108 3436 urbs
1122 3385 1153 3432 et
1169 3393 1223 3452 pe·

74 3458 157 3521 cunda
175 3474 206 3522 et
223 3483 297 3543 agro
316 3464 505 3536 abundabat,
534 3483 615 3523 nunc
633 3483 705 3522 vero
730 3460 911 3522 abundabit:
935 3460 977 3520 sic
996 3458 1075 3520 enim
1093 3458 1223 3538 loquen-

71 3544 134 3604 dum
152 3558 203 3619 est,
227 3559 259 3609 et
277 3569 340 3608 non
359 3548 598 3609 conviciandum.
641 3542 804 3607 Enimvero
823 3567 913 3625 quem
932 3566 994 3604 non
1012 3543 1124 3624 putatis
1142 3560 1224 3601 nunc

67 3628 176 3689 tertiam
193 3630 320 3692 illorum
337 3646 452 3713 partem
471 3633 654 3694 immunitati
679 3630 902 3713 praelaturam?
936 3632 979 3689 Ut
995 3641 1096 3689 autem
1114 3627 1188 3687 haec
1206 3646 1222 3686 a

65 3714 106 3775 nae
121 3734 193 3775 rere
213 3715 273 3776 dici
291 3731 440 3798 appareat,
458 3740 530 3799 cape
548 3714 843 3779 senatusconsultum
861 3715 950 3777 istud.
968 3713 1083 3777 Recita.

344 3840 941 3913 su'nnrusconsuuruiu.

142 3967 251 4030 Fuisse
268 3971 364 4053 igitur
376 3972 527 4032 maiorum
546 3992 668 4051 quoque
687 3981 861 4029 nostrorum
879 3969 991 4044 moris,
1009 3965 1223 4037 Athenienses,

60 4064 92 4111 nt
109 4052 210 4112 bonna
229 4054 431 4130 honorarent,
457 4057 515 4116 hoc
533 4055 829 4116 senatusconsultum
854 4055 975 4115 indicat.
1017 4052 1050 4112 Si
1069 4070 1140 4111 vcro
1159 4069 1223 4115 non

59 4135 168 4199 iisdem
185 4138 295 4213 rebus,
313 4142 423 4222 quibus
441 4164 498 4202 nos
516 4162 609 4213 nunc,
627 4141 658 4199 id
676 4140 734 4199 iam
752 4138 834 4199 aliud
853 4141 995 4219 quiddam
1014 4149 1067 4198 est.
1103 4133 1234 4210 Quodsi¹

58 4222 305 4297 concederemus,
322 4249 422 4308 neque
440 4226 629 4311 Lysimacho,
647 4246 746 4305 neque
766 4224 905 4304 cuiquam
924 4221 1010 4283 alteri
1027 4221 1190 4302 quicquam
1209 4240 1225 4276 a

58 4304 230 4383 maioribus
244 4312 355 4377 uostris
374 4311 466 4375 luisse
485 4332 679 4374 concessum:
698 4321 897 4391 proptereaue
916 4307 1029 4369 iustum
1048 4318 1144 4378 esset,
1163 4325 1228 4373 eos,
