2722 4754
470 170 549 307 {on
585 163 799 302 cosona:
1108 172 1112 177 ’
1172 156 1232 266 aa
1317 224 1320 228 ·

52 361 149 447 qna‘ru
165 364 327 449 oportuit?
352 369 458 428 Adest.
466 365 651 427 Aeschines:
675 363 1087 446 quemadmodum-ruptam
1105 360 1232 423 conuul-

52 473 105 527 sa,
124 455 153 514 si
171 453 246 534 qnid
265 454 337 541 muli
356 474 465 535 corpus
484 451 658 533 occuparit,
675 462 741 510 tum
759 462 999 513 commoventur.
1033 445 1112 521 Cum
1131 458 1232 506 antem

57 551 203 600 eventum
221 539 334 599 acriter
354 541 476 622 urgeat:
510 537 623 616 aliquid
650 535 741 597 etiam
758 534 855 595 dicam
873 534 1049 595 admirabile
1073 533 1120 617 (et
1138 551 1231 612 qnae·
1330 558 1338 566 ·

60 644 94 687 so
109 646 166 706 per
184 622 268 697 deos,
287 645 327 683 ne
347 625 415 703 quis
433 643 529 682 meam
548 622 715 682 demiretur
733 610 944 715 insolentiam:
962 618 1016 682 sed
1033 632 1069 680 ut
1087 621 1129 692 id,
1147 616 1231 697 quod

63 709 176 782 dicam,
202 709 377 777 consideret
395 730 463 771 cum
481 704 717 788 benevolentia).
761 706 794 765 Si
818 704 960 766 omnibus
978 705 1137 786 perspicua
1155 701 1230 762 luis·
1273 708 1280 717 '

66 809 132 857 sent
149 811 199 869 ca,
227 815 305 874 qnae
322 792 426 854 futura
444 806 548 867 erant,
574 807 605 853 et
622 792 945 875 praescissentomnes
966 803 996 850 et
1011 804 1046 850 tu
1065 787 1231 870 praedixis-

69 904 123 956 ses,
139 879 300 953 Aeschine,
319 891 350 940 et
367 880 536 941 obtestatus
556 898 636 939 esses
655 879 828 938 calamitaus
847 891 878 937 et
894 875 1080 948 vociferans,
1103 873 1233 954 quince

71 989 102 1029 os
119 965 275 1049 aperuisti:
310 984 349 1024 ne
371 979 437 1026 tum
457 965 579 1046 quidem
597 963 673 1024 haec
690 965 780 1025 missa
797 961 983 1044 reipublicae
999 960 1136 1020 facienda
1155 959 1233 1027 luis,
1310 952 1315 961 ’

73 1066 149 1127 sent,
169 1050 301 1110 simodo
320 1050 369 1111 vel
387 1051 501 1133 gloriae
519 1050 668 1110 maiorum
686 1050 734 1111 vel
752 1049 915 1110 memoriae
933 1045 1119 1130 posteritatis
1136 1044 1230 1104 ratio-

74 1159 140 1201 nem
153 1135 310 1197 habuisset
334 1136 425 1202 Nunc
443 1137 524 1197 enim
541 1138 682 1196 frustrata
700 1156 767 1196 esse
785 1130 944 1196 conatibus
962 1133 1114 1194 iudicatur
1130 1127 1230 1214 (quod

9 1256 11 1261 ·
41 1264 51 1277 ·
79 1223 204 1287 omnibus
227 1241 389 1280 commune
409 1237 455 1283 est
471 1221 667 1294 mortalibus,
693 1221 718 1280 si
735 1223 803 1281 Deo
822 1221 920 1279 visum
939 1221 980 1279 ita
998 1215 1120 1301 suerit):
1140 1283 1145 1297 ι
1163 1229 1230 1276 tnm

9 1368 15 1379 ,
80 1331 146 1375 uero
162 1308 184 1368 si
198 1305 397 1388 principatum
416 1308 475 1368 sibi
492 1309 524 1371 in
542 1307 622 1367 alios'
636 1320 815 1390 arrogasset,
834 1326 932 1384 eoque
951 1318 1056 1385 postea
1075 1301 1231 1362 cessisset:

9 1384 23 1463 :¹
84 1408 177 1460 omnes
191 1393 320 1452 Graecos
327 1392 375 1477 gb
396 1414 430 1453 ea
447 1393 589 1474 Philippo
609 1413 674 1452 esse
692 1392 841 1472 proditos,
859 1390 979 1451 crimini
998 1389 1127 1450 daretur.
1152 1388 1230 1448 Nam

9 1508 17 1617 u
84 1485 108 1544 si
127 1479 171 1540 illa
188 1477 249 1537 sine
274 1477 439 1539 certamine
457 1478 632 1551 abiecisset,
656 1490 782 1559 propter
800 1498 876 1559 qnae
901 1476 984 1536 nulla
1008 1496 1072 1535 non
1095 1472 1241 1554 pericula.
1288 1532 1292 1539 ,
1330 1544 1333 1549 ¹

9 1620 12 1625 .
82 1565 192 1627 maiores
208 1562 362 1623 adierunt:
381 1563 449 1644 quis
466 1578 497 1625 te
517 1585 580 1624 non
599 1563 811 1645 conspuisset?
836 1558 945 1642 Neque
964 1562 1045 1623 enim
1062 1558 1230 1641 rempubli-
1279 1550 1289 1561 ’

9 1630 20 1719 l.
82 1660 266 1718 camantrne.
311 1648 450 1723 Quibus,
479 1651 569 1710 deum
587 1648 807 1723 immortalem,
836 1649 951 1723 oculis,
981 1671 1040 1728 qua
1057 1648 1158 1707 lronte
1177 1644 1229 1704 ad-

81 1732 260 1819 spexissen'rns
277 1733 414 1814 hospites
433 1735 465 1794 in
483 1750 618 1796 nostram
636 1736 743 1795 urbem
761 1735 963 1807 ventitantes,
981 1736 1008 1794 si
1025 1755 1073 1793 res
1093 1753 1148 1804 eo,
1166 1728 1228 1809 qno'

79 1841 164 1894 nunc,
186 1819 351 1892 redissent,
380 1832 411 1879 et
428 1821 489 1881 dux
508 1834 538 1881 et
556 1821 698 1883 dominus
717 1821 853 1881 omnium
871 1820 1029 1901 Philippus
1048 1830 1129 1879 esset
1147 1836 1228 1875 crea-

76 1921 134 1979 tus,
162 1919 191 1965 et
206 1904 358 1986 proelium
376 1907 414 1966 ad
433 1927 467 1966 ea
484 1900 674 1989 prohibenda
692 1920 866 1988 susceptum
884 1906 935 1965 alii
952 1906 1018 1965 sine
1036 1904 1126 1965 nobis
1145 1922 1228 1962 com-
1255 1970 1258 1983 ,

74 1989 235 2052 misissent?
268 1991 445 2072 praesertim
464 2013 532 2052 cum
550 1992 758 2073 superioribus
775 1990 966 2073 temporibus
982 1988 1153 2072 respublica
1171 2007 1229 2046 no·

71 2092 124 2141 stra
140 2098 294 2156 nunquam
316 2077 478 2158 ingloriam
497 2079 690 2138 securitatem
707 2077 1036 2160 periculishonestatis
1056 2095 1144 2137 causa
1162 2093 1227 2131 sus-
1289 2070 1294 2079 ’

70 2163 157 2244 ceptis
182 2163 411 2243 praeposuerit?
446 2163 523 2238 Qnis
549 2163 836 2225 enimsGraecorum
854 2163 969 2236 nescit,
994 2163 1060 2242 quis
1079 2159 1228 2220 Barbaro-

10 2242 14 2271 ''
68 2271 146 2320 rum,
174 2260 205 2307 et
221 2270 238 2306 a
255 2247 409 2308 Thebanis
429 2261 476 2323 et,
503 2249 644 2330 quiante
662 2250 719 2309 hos
736 2261 878 2331 potentes
896 2249 1001 2321 fuere,
1026 2248 1228 2307 Lacedaemo·
1325 2277 1330 2313 1

65 2334 122 2394 niis
140 2345 171 2393 et
187 2355 208 2392 a
220 2334 379 2393 Persarum
396 2354 470 2416 rege
488 2356 556 2395 eum
576 2335 688 2415 optima
710 2335 805 2418 gratia
823 2334 882 2394 hoc
899 2334 1033 2395 libenter
1050 2351 1229 2394 concessum
1282 2340 1296 2349 ‘

58 2419 156 2481 fuisse
171 2415 365 2500 reipublicae,
383 2433 427 2494 nt,
446 2420 592 2501 quicquid
609 2422 711 2495 vellet,
728 2420 879 2502 acciperet
897 2433 927 2480 et
945 2442 998 2481 sua
1016 2430 1154 2490 teneret,
1172 2416 1234 2475 ime
1263 2484 1268 2492 Ι

59 2516 166 2588 perata
181 2504 310 2578 iaceret,
338 2519 369 2565 et
386 2506 478 2566 alium
498 2508 623 2567 Graecis
641 2507 756 2567 sineret
772 2491 944 2587 imperare?
978 2510 1093 2566 Verum
1113 2524 1147 2563 ea
1165 2522 1230 2561 non

60 2603 154 2651 erant
167 2586 404 2659 Atheniensibus
423 2592 518 2673 patria
536 2593 690 2667 nimirum,
708 2613 765 2651 nec
782 2591 963 2665 tolerabilia,
980 2612 1038 2651 nec
1056 2589 1157 2661 insita,
1175 2572 1229 2646 nes
1253 2588 1313 2645 189

56 2697 125 2757 que
149 2690 277 2756 unquam
302 2674 463 2756 qnisquaul
485 2677 672 2759 reipublicae
689 2691 812 2738 nostrae
834 2677 871 2737 ab
896 2677 981 2737 omni
1005 2696 1080 2736 aeno
1104 2694 1229 2756 persua·
1257 2734 1294 2759 Ι,
1324 2718 1327 2723 -

59 2763 144 2822 dere
160 2761 269 2842 potuit,
285 2774 322 2851 ut
339 2785 409 2822 cnm
427 2763 604 2845 potentibus
622 2764 757 2843 quidem,
774 2764 828 2823 sed
846 2762 957 2822 iniusta
975 2759 1135 2844 agentibus
1155 2779 1229 2818 con-

55 2845 186 2920 iuncta,
211 2859 271 2907 tuto
296 2849 440 2909 serviret:
468 2850 522 2909 sed
547 2848 690 2909 dimicare
717 2851 754 2909 de
777 2848 966 2929 principatu,
993 2843 1174 2908 de'honore
1200 2857 1231 2905 et

55 2932 163 3015 gloria
187 2932 347 3012 periclitari
371 2934 457 3001 nullo
483 2957 618 3016 unquam
642 2955 717 2995 aevo
744 2933 868 2994 destitit
918 2932 1021 3013 Atque
1049 2953 1083 2992 ea
1107 2951 1161 2991 vos
1187 2930 1249 2990 ita.

56 3016 221 3099 splendida
244 3031 274 3078 et
299 3021 511 3081 convenientia
535 3021 643 3081 vestris
666 3019 803 3081 moribus
822 3039 888 3079 esse
906 3019 1074 3100 putabatis,
1098 3031 1135 3078 nt
1158 3028 1189 3075 et
1212 3035 1229 3075 e

35 3101 226 3193 'maioribus
244 3125 321 3179 eos,
347 3105 400 3186 qui
424 3106 498 3167 haec
521 3107 686 3180 iecerunt,
708 3107 836 3167 maxime
863 3105 1007 3166 laudetis:
1030 3123 1088 3164 nec
1113 3099 1230 3162 iniuria.

60 3188 145 3264 Quis
161 3189 239 3250 enim
256 3211 321 3250 non
338 3192 505 3253 admiretur
520 3193 664 3277 virtutem
682 3191 806 3253 illorum
823 3191 975 3266 virorum,
1001 3189 1062 3271 'qni
1080 3201 1111 3249 et
1127 3187 1231 3269 regio·
1254 3226 1259 3235 ·
1331 3191 1334 3195 ’

36 3356 41 3368 ·
59 3284 138 3335 netu
155 3289 183 3337 et
198 3277 305 3337 urbem
322 3278 495 3361 relinquere
514 3279 678 3339 voluerunt
695 3277 870 3338 triremibus
888 3276 1080 3348 conscensis,
1115 3293 1155 3333 ne
1172 3274 1231 3333 im·
1328 3320 1342 3343 ,

60 3373 165 3442 perata
180 3361 280 3423 lacere
298 3365 503 3447 cogerentur?
520 3364 560 3426 Et
578 3366 643 3425 eius
661 3363 711 3424 rei
725 3366 891 3436 suasorem,
908 3361 1156 3432 Themistoclem,
1175 3359 1231 3418 du-

66 3467 134 3506 cem
145 3448 321 3530 elegerunt:
340 3470 409 3511 eum
427 3463 545 3533 antem,
565 3450 618 3530 qui
635 3450 860 3532 pronuntiarat,
883 3448 1044 3529 imperium
1062 3465 1232 3525 exsequen-

64 3532 141 3591 dum
157 3554 236 3609 esse,
256 3530 433 3617 Cyrsilum,
455 3536 645 3616 lapidarunt,
663 3558 727 3596 non
746 3536 845 3616 ipsum
864 3535 981 3606 solum,
1001 3534 1055 3593 sed
1075 3545 1106 3592 et
1122 3529 1232 3591 mulie-

19 3700 25 3705 ·
62 3636 112 3689 res
138 3631 252 3680 vestrae
279 3642 405 3681 uxorem
433 3622 505 3682 eins.
560 3623 633 3683 Non
659 3621 739 3695 enim
766 3621 963 3700 quaerebant·
976 3619 1058 3679 illius
1085 3615 1233 3697 temporis

62 3701 267 3766 Athenienses
287 3706 334 3766 vel
352 3720 504 3767 oratorem
521 3708 570 3768 vel
589 3708 713 3780 ducem,
740 3728 797 3789 per
814 3726 904 3787 quem
921 3705 1053 3781 feliciter
1069 3702 1232 3765 servirent:

64 3788 119 3847 sed
132 3810 190 3850 nec
207 3792 372 3854 vivendum
390 3793 448 3853 sibi
467 3794 647 3868 censebant,
677 3792 737 3854 uisi
755 3815 823 3853 cnm
842 3793 981 3853 libertate
1000 3791 1101 3851 vivere
1119 3789 1233 3847 liceret

18 3876 34 3949 Ἰ
63 3873 136 3933 Nam
154 3896 263 3938 eorum
283 3879 413 3959 quisque
431 3879 573 3961 putabat,
606 3901 638 3939 se
663 3900 727 3939 non
752 3877 830 3961 patri
850 3891 880 3939 et
897 3877 987 3938 matri
1003 3878 1148 3938 duntaxat
1166 3883 1232 3933 esse

62 3972 182 4035 natum,
209 3963 264 4024 sed
289 3965 380 4024 etiam
403 3965 543 4045 patriae.N
568 3964 652 4039 Quid
669 3985 742 4031 vero
762 3954 909 4025 interest?
936 3961 1096 4039 Quodis,
1122 3959 1232 4039 quise
1266 3952 1277 3962 ”
1331 3958 1334 3963 ’

61 4047 236 4127 parentibus
254 4061 374 4110 tantum
392 4064 496 4112 natum
515 4070 581 4110 esse
599 4063 704 4132 pntat,
728 4049 850 4111 fatalem
869 4063 901 4110 et
917 4047 1084 4109 naturalem
1103 4057 1232 4105 mortem
1296 4064 1299 4069 ·

61 4145 213 4214 expectat:
241 4135 296 4214 qui
314 4149 414 4198 autern
433 4149 463 4196 et
479 4135 612 4218 patriae,
638 4137 683 4210 is,
709 4156 747 4196 ne
767 4136 845 4196 hanc
863 4133 975 4195 servire
993 4132 1110 4205 videat,
1136 4128 1233 4201 emori

62 4218 165 4292 volet,
182 4232 215 4279 et
237 4221 335 4304 magis
358 4223 535 4283 metuendas
558 4242 628 4282 esse
648 4223 739 4296 ducet
763 4219 962 4305 contumelias
987 4231 1017 4279 et
1041 4215 1234 4302 ignominias,

16 4382 20 4387 ³
61 4326 131 4384 quas
150 4305 184 4364 in
203 4305 359 4367 serviente
378 4308 452 4368 urbe
470 4308 550 4368 ferre
568 4328 694 4369 necesse
712 4321 774 4382 est,
796 4327 886 4387 quam
903 4304 1069 4367 interitum.
1113 4300 1233 4379 Quodsi

59 4389 114 4451 hoc
131 4408 203 4474 eger
213 4391 321 4453 dicere
338 4395 537 4478 aggrederer,
562 4414 616 4456 vos
642 4416 659 4454 a
682 4414 731 4454 nte
756 4392 902 4455 excitatos
922 4409 992 4453 esse
1013 4390 1052 4452 ael
1070 4388 1232 4465 elationem
1332 4471 1338 4480 Ι
