2746 4748
80 200 204 275 ,ιιι
291 198 298 205 “
429 149 1021 257 nnuosrnsnrsonsmo

80 341 82 345 ¹
141 352 230 413 cebat
247 363 278 410 et
295 349 483 408 monitorum
501 347 605 421 istum,
620 359 657 406 ιιι
673 345 748 407 mibi
765 358 932 445 praestaret
948 367 1050 425 aequa
1067 346 1195 418 omnia,
1211 358 1244 405 et
1257 369 1315 426 per-

142 436 290 511 suadendi
307 454 412 533 spem
410 432 529 492 babere.
564 434 607 491 Ut
624 431 781 513 congressi
798 453 914 502 sumus,
932 431 1009 511 qnid
1028 431 1144 491 multis
1165 444 1214 492 est
1232 433 1315 532 opus?

141 531 292 597 venerunt
309 517 342 589 ii,
360 518 463 597 quise
481 515 541 576 isti
549 528 703 576 mutuasse
721 516 858 576 dicerent
875 516 913 576 ad
930 515 1094 601 officinam
1114 530 1151 576 et
1168 517 1317 598 mancipia,

84 628 88 638 ¹
142 624 220 685 quae
237 625 254 661 a
271 602 417 662 Mnesicle
434 624 492 662 nos
519 621 698 662 emeramus.
727 600 865 681 Neque
855 600 907 660 isti
931 597 1107 681 quicquam
1127 602 1261 682 simplex
1276 617 1318 662 ant

141 708 273 767 aequum
290 687 473 750 afferebant:
491 687 545 746 sed
562 685 678 765 ubique
696 687 848 746 mendacii
865 687 1148 748 convincebantur.
1184 688 1318 748 blnesicle

142 794 235 854 porro
260 773 469 841 venditionem
493 770 582 830 nobis
606 771 824 843 confirmante,
849 772 1064 831 conditionem
1094 773 1195 832 nobis
1220 775 1319 845 lerunt,

142 880 232 937 quam
250 877 309 919 nos
325 856 539 936 repudiaturus
556 856 712 936 putabant,
731 869 767 916 ιιι
784 869 838 916 aut
853 857 984 937 pecunia
1002 858 1096 916 omni
1116 881 1136 918 a
1156 881 1192 918 se
1209 872 1319 939 recepta

142 943 378 1013 discederemus,
395 953 448 1022 aut
464 941 537 1021 ipsis
556 941 790 1001 dissolveremus
808 962 853 1013 ea,
872 961 949 1020 qnae
966 942 1188 1022 postularent,
1207 967 1318 1004 causan

142 1041 208 1099 tes,
225 1046 283 1085 nos
301 1025 431 1099 babere,
456 1047 532 1106 quae
550 1027 642 1108 longe
662 1026 783 1086 maioris
802 1027 894 1106 pretii
912 1039 1035 1100 esseut,
1060 1051 1163 1107 quam
1184 1044 1317 1110 quantun

143 1132 201 1171 nos
219 1111 416 1170 dedissemus.
434 1110 556 1186 Quibus
575 1131 633 1192 ego
652 1110 761 1171 auditis
779 1111 892 1184 statim,
908 1112 976 1170 sine
989 1112 1245 1188 deliberatione,
1260 1137 1317 1195 pro-

142 1197 223 1269 misi,
240 1215 288 1254 mc
306 1205 510 1276 recepturum,
528 1208 560 1255 et
575 1197 698 1278 Euergo
716 1197 863 1276 persuasi,
879 1209 915 1256 ιιι
932 1199 1145 1258 consentiret.
1183 1197 1261 1260 Cum
1277 1222 1316 1259 ιι-

106 1296 110 1302 ·
142 1294 205 1341 tem
222 1280 352 1360 pecunia
377 1280 468 1343 nobis
490 1282 676 1342 numeranda
702 1294 782 1342 esset
799 1294 831 1341 et
848 1302 896 1341 res
915 1302 952 1342 eo
974 1282 1216 1362 processisset,
1240 1306 1314 1383 nega-

62 1384 66 1391 ·
100 1367 105 1377 “
141 1378 226 1438 runt,
243 1366 282 1424 de
301 1377 420 1424 ιιιιιιο
439 1386 472 1424 ιι
488 1366 632 1439 daturos,
651 1366 711 1447 qni
721 1378 796 1426 tunc
807 1367 863 1430 illa
882 1369 1111 1449 promiserant,
1132 1370 1196 1430 nisi
1214 1371 1313 1430 noscis

49 1456 53 1467 '
142 1451 372 1532 possessionum
388 1450 564 1510 venditores
581 1451 791 1519 fieremus21n
809 1473 888 1530 qno,
905 1452 1147 1526 Athenienses,
1166 1455 1311 1536 sapiebant,

143 1557 213 1597 oum
230 1535 379 1607 viderent,
396 1533 509 1614 quibus
527 1557 584 1594 nos
591 1535 654 1595 isti
671 1535 829 1596 calumniis
846 1551 997 1598 vexarent.
1021 1539 1099 1598 Ut
1086 1539 1195 1621 igitur
1211 1553 1243 1601 et
1256 1541 1311 1599 laec

99 1696 102 1703 Ι
143 1639 213 1680 vera
231 1636 298 1679 esse
314 1632 446 1693 constet,
464 1620 555 1680 etiam
573 1621 648 1680 baec
663 1620 839 1682 testimonia
857 1622 986 1702 capito.¹

61 1756 123 1813 106
305 1803 312 1817 .
543 1774 912 1852 ιιιιιιιοιιιι.

230 1872 308 1936 Cum
330 1889 432 1962 autern
456 1897 505 1936 res
528 1866 562 1935 in
579 1897 618 1936 eo
641 1878 840 1949 consisteret,
865 1890 896 1937 et
912 1876 1083 1956 pecuniam
1103 1878 1148 1951 ii,
1175 1901 1257 1978 qups
1265 1879 1305 1937 iste

70 1970 73 1974 ’
143 1960 326 2033 adduxerat,
343 1958 410 2021 non
425 1974 638 2033 numerarent,
663 1974 696 2021 et
713 1963 787 2037 rios,
813 1983 891 2042 quae
909 1962 1117 2036 emissemus,
1138 1984 1205 2024 non
1221 1963 1305 2023 iniuria

143 2056 259 2105 tenere
267 2046 456 2114 videremur.
473 2046 686 2127 supplicabat,
698 2047 925 2120 obtestabatur,
943 2046 1158 2121 obsecrabat,
1175 2062 1211 2109 ut
1226 2047 1304 2108 verdi-

99 2194 103 2201 ,
143 2139 228 2191 tores
245 2131 397 2202 fieremus.
417 2132 546 2190 Petente
562 2153 637 2191 vero
654 2133 725 2205 isto,
744 2147 776 2193 et
792 2132 921 2192 multum
939 2152 988 2190 me
1008 2131 1189 2206 obtestato,
1207 2147 1235 2193 et
1248 2130 1302 2191 silil

145 2236 209 2273 non
226 2215 374 2289 iaciente,
397 2216 428 2275 id
448 2226 584 2296 quoqne·
597 2216 742 2277 concessi
777 2217 839 2276 Sed
856 2217 926 2296 quia
949 2238 1023 2282 eum
1047 2218 1243 2279 malitiosum
1256 2235 1304 2276 esse

94 2348 96 2353 ,
144 2298 301 2378 videbam,
318 2301 541 2375 Athenienses,
567 2313 598 2361 et
614 2301 651 2361 ab
668 2302 759 2361 initio
776 2301 954 2378 Mnesiclcm
972 2303 1057 2381 apud
1077 2325 1144 2362 nos
1163 2320 1303 2363 aecumst:

146 2405 268 2460 rursus,
293 2409 362 2447 cum
380 2408 515 2446 summus
540 2400 621 2448 esset
635 2387 749 2468 Euergi
766 2386 901 2460 amicus,
921 2383 1101 2466 suscepisse
1130 2411 1203 2448 cum
1220 2387 1297 2446 eodem

84 2468 109 2525 ,’
146 2469 335 2553 inimicitias:
353 2485 386 2532 et
401 2471 543 2552 primum,
561 2494 630 2532 cum
648 2493 706 2554 ego
724 2473 888 2544 redissem,
905 2471 1053 2553 gratulari
1066 2473 1153 2532 mihi
1166 2475 1301 2533 adventum

92 2617 95 2620 ι
148 2567 180 2614 ιι
191 2558 508 2639 gaudere-conspectu
526 2577 613 2628 meo,
630 2558 685 2616 nbi
704 2577 776 2631 vero
793 2557 941 2655 promissa
957 2556 1150 2636 praestanda
1170 2570 1257 2628 erant,
1270 2555 1303 2612 in-

147 2639 267 2698 sensum
286 2643 361 2708 mibi
378 2641 504 2701 lactum·
524 2640 665 2702 omnibus
683 2642 818 2720 denique
835 2642 984 2720 tantisper
999 2662 1070 2700 esse
1091 2642 1235 2742 amicum,
1250 2641 1302 2698 dun

147 2723 263 2804 aliquid
281 2727 453 2808 occuparit,
473 2739 520 2799 et,
538 2747 616 2806 qnae
633 2740 738 2810 rogat,
755 2726 913 2824 impetrata
922 2726 1052 2797 tulerit,
1074 2742 1152 2805 post
1172 2726 1302 2786 inimicum

147 2809 214 2868 fieri
233 2821 264 2867 et
281 2812 498 2871 adversarium:
525 2811 679 2884 volebam,
703 2833 788 2884 cum,
816 2811 928 2869 omisso
946 2823 1114 2870 contractu
1134 2813 1302 2907 priorc,pr⁰

148 2894 210 2954 isto
229 2895 372 2953 venditor
387 2896 546 2966 fierem,
520 2919 564 2956 ιιι
582 2919 650 2956 cum
665 2919 702 2957 eo
714 2896 889 2964 convenire,
906 2907 942 2953 ut
955 2915 1040 2952 omni
1032 2895 1213 2974 periculo,
1229 2909 1302 2953 traus-

148 2990 213 3038 acta
237 2998 286 3051 re,
309 2977 462 3038 liberarer.
497 2980 553 3039 His
577 2981 746 3066 concessis,
769 2981 826 3040 iste
852 2999 903 3039 me
925 2979 1054 3038 omnino
1082 2981 1213 3040 missum
1238 2978 1303 3038 fecit:
1321 2994 1326 3007 ’

149 3083 224 3145 ego
225 3083 297 3123 vero
316 3064 467 3137 venditor,
485 3077 521 3123 nt
537 3065 731 3145 precabatur,
752 3067 849 3126 factus
867 3086 933 3125 sum
950 3066 1202 3164 possessionum,
1218 3083 1302 3142 quen·

148 3136 312 3209 admodum
337 3168 385 3208 eas
411 3149 482 3230 ipse
491 3171 516 3207 ,ι
539 3151 684 3210 blnesicle
717 3162 854 3210 emerant.
896 3149 1039 3228 Receptis
1067 3149 1170 3231 igitur
1194 3148 1262 3208 meis
1283 3156 1304 3203 et
1331 3184 1334 3189 -

148 3232 258 3295 nullo
249 3234 300 3294 rsti
317 3233 421 3293 sacta
412 3234 550 3306 iniuria,
574 3235 614 3295 ita
632 3258 681 3296 mc
699 3237 742 3296 dii
760 3235 839 3295 bene
857 3247 976 3305 ament,
1009 3235 1137 3294 etiamsi
1154 3229 1302 3335 ‹punidacci-

148 3319 257 3394 disset,
275 3340 431 3398 nunquam
448 3319 515 3379 fore
534 3322 653 3401 putavi,
670 3337 707 3382 nt
725 3322 821 3381 mein
840 3321 888 3379 ius
906 3331 1036 3378 vocaret.
1074 3320 1169 3379 Res
1159 3320 1255 3402 igitur,
1270 3313 1299 3369 de
1335 3388 1341 3403 .

149 3428 207 3486 qua
225 3406 407 3467 sententiam
425 3405 546 3478 seretis,
572 3419 603 3466 et
620 3420 745 3488 propter
763 3428 852 3485 quam
875 3404 1027 3464 calumnia
1046 3419 1178 3464 vexatus
1192 3399 1302 3463 dandam

149 3513 215 3554 esse
227 3492 262 3552 ei
281 3491 432 3551 actionem
450 3491 568 3574 negavi,
586 3492 660 3552 haec
678 3504 734 3563 ιιι,
752 3491 878 3550 ludices
897 3488 1048 3548 Adductis
1068 3490 1178 3553 antc'm
1195 3483 1303 3546 testibus

51 3640 54 3649 ,
149 3576 201 3652 iis,
228 3600 281 3659 qut
271 3577 477 3650 adsuerunt,
502 3599 571 3637 cum
588 3578 646 3637 iste
665 3599 713 3636 mc
731 3575 902 3636 absolveret
920 3597 953 3634 ac
972 3572 1177 3651 liberaret,
1166 3595 1223 3634 ram
1240 3585 1303 3630 nure

150 3685 213 3724 non
232 3663 361 3724 dandam
380 3683 445 3725 esse
469 3663 619 3725 actionem
637 3661 774 3786 legibus,
799 3660 964 3722 ostendam
1000 3659 1098 3741 Lege
1104 3659 1184 3720 mihi
1201 3657 1303 3717 hocse-

150 3749 333 3810 stimonium.

525 3900 937 3949 testimonum.

168 4064 171 4068 .
235 4009 318 4090 Lege
335 4007 410 4066 mihi
430 4018 460 4067 et
486 4018 636 4066 curtorum
660 4005 888 4075 testimonium,
911 4015 946 4062 nt
963 4002 1083 4073 sciatis,
1111 4003 1174 4063 isto
1200 4001 1306 4062 iubente

152 4111 200 4149 me
219 4112 253 4151 ea
271 4093 444 4153 vendidisse
461 4092 509 4164 iis,
520 4091 638 4171 ,quibus
657 4091 715 4150 iste
731 4090 866 4150 iusserat

525 4226 939 4313 r'nsrrrso‘rtrurs.

178 4408 184 4418 ,
236 4342 344 4422 Neque
361 4365 434 4407 vero
449 4346 480 4406 hi
498 4345 599 4407 solum
617 4357 711 4407 testes
728 4344 819 4407 nobis
836 4334 995 4417 suno‘bos
1012 4343 1126 4406 missos
1146 4363 1213 4407 esse
1227 4339 1309 4401 lactet
