2746 4748
155 198 219 258 ιιι
350 162 369 225 Γ
442 188 810 253 unuosvunuvs
844 165 1039 254 οιιιιιο

89 386 93 397 ,
111 364 115 371 '
155 347 280 425 invidia,
296 345 458 424 seditione,
475 347 676 408 contentione
692 345 820 447 stipatus
838 343 960 410 incedit
977 346 1083 422 Quem
1100 344 1323 429 igiturnecin-

109 486 112 490 Δ
155 434 285 501 fernalcs
303 434 378 494 deos
394 433 528 515 placatos
554 431 729 493 habiturum
746 431 910 493 verisimile
928 443 993 506 est,
1018 431 1075 494 sed
1092 431 1164 495 ed
1153 431 1267 512 impios
1283 453 1324 494 ιι-

100 566 103 572 .
156 517 317 621 legatum
307 518 345 577 vri
361 531 488 603 propter
503 518 582 580 vitae
600 516 844 616 improbitatem:
862 538 931 577 eum
949 537 1004 576 vus
1022 515 1263 596 delinquentem
1280 539 1324 578 ιιι-

156 605 197 666 cti
214 624 279 664 ιιοιι
301 603 395 663 modo
418 624 482 663 ιιοιι
507 602 658 685 punietis,
682 604 736 662 sed
760 602 926 662 maioribus
953 601 1044 662 etiam
1071 602 1170 665 donis
1194 615 1324 670 ornatum

51 731 54 735 ι
155 689 317 752 absolvetis
334 702 477 769 tanquam
496 687 575 747 bene
592 687 756 748 meritum?
764 684 830 751 Cui
848 687 929 746 enim
946 708 1001 747 vos
1018 693 1162 786 unquam
1179 687 1324 749 concessi-

155 765 228 848 stis,
246 795 273 835 ιι
263 772 477 855 reipublicae
495 772 619 847 debuit,
635 786 682 846 ut,
698 773 811 832 mulcta
828 792 891 832 non
911 773 1021 845 soluta,
1039 773 1107 852 pari
1127 772 1202 832 iure
1218 773 1325 834 viveret

154 882 225 921 cnm
242 859 393 919 caeteris?
417 857 548 917 Nemini
581 858 683 932 Quare
701 877 759 917 nec
776 857 828 917 isti
845 879 928 917 nunc
945 857 1120 931 concedite,
1139 859 1200 917 sed
1217 858 1323 938 punite,

51 942 62 950 ”
155 958 187 1006 et
200 942 398 1025 exemplum
388 965 420 1003 ιιι
435 963 504 1003 eum
523 943 613 1003 edite.
631 942 900 1024 operaepretium
918 955 1019 1002 autem
1034 955 1092 1018 est,
1109 943 1324 1017 Athenienses,

111 1054 113 1058 ·
154 1043 186 1092 ct
202 1041 320 1090 caetera
338 1028 451 1088 andire.
472 1028 549 1088 Nam
567 1049 637 1088 cum
654 1027 767 1089 atrocia
785 1027 856 1100 siut,
875 1027 1065 1107 quae-modo
1084 1028 1268 1112 Lycurgum
1282 1050 1321 1088 re

153 1111 493 1189 ferentemaudivistis,
510 1118 601 1192 atque
619 1114 696 1174 adeo
714 1113 752 1173 ad
770 1132 878 1172 eorum
895 1113 1091 1175 atrocitatem
1104 1114 1192 1173 nihil
1209 1114 1321 1196 adiungi

154 1199 267 1282 possita
291 1212 409 1259 caetera
427 1197 509 1280 paria
526 1198 587 1258 illis
606 1211 637 1258 et
654 1197 690 1257 ab
710 1197 818 1258 eodem
841 1198 978 1279 profecta
1003 1217 1071 1258 esse
1091 1199 1226 1280 ingenio
1245 1220 1320 1280 repe-

29 1276 38 1289 *
127 1284 279 1345 erientur.
302 1284 518 1363 Praeterquam
536 1282 618 1342 enim
637 1284 720 1363 quod
737 1295 853 1363 patrem
871 1283 903 1343 in
922 1302 1041 1342 carcere
1068 1284 1233 1345 desertum
1256 1284 1316 1344 Ete-

107 1394 114 1412 ·
154 1370 211 1430 tria
236 1369 405 1451 digressus,
430 1381 466 1429 ut
483 1389 519 1428 ex
536 1368 675 1428 Phaedro
699 1367 873 1442 audivistis,
898 1368 1054 1446 mortuum
1080 1368 1280 1450 impius.iste
1294 1381 1316 1430 ιι

153 1453 285 1515 nefarius
304 1475 368 1517 ιιοιι
386 1453 518 1534 sepeliit,
535 1473 637 1533 neque
653 1453 702 1525 iis,
720 1453 773 1533 qui
791 1453 983 1533 sepelierant,
1000 1466 1124 1513 sumtus
1145 1455 1262 1514 funeris
1276 1476 1313 1514 re-

57 1534 63 1542 ’
154 1537 270 1613 stituit,
295 1540 399 1603 sedet
424 1538 504 1599 diem
529 1538 622 1599 dixit:
647 1539 960 1619 praeterquamquod
984 1559 1093 1598 manus
1113 1561 1132 1598 a
1153 1554 1249 1600 matre
1263 1561 1311 1598 non

43 1657 48 1661 ·
153 1619 310 1698 abstinuit,
326 1635 363 1684 ut
379 1625 472 1685 modo
492 1623 648 1684 etestibus
665 1623 834 1695 audivistis,
852 1637 890 1684 et
900 1643 1038 1683 sororem
1054 1645 1162 1698 suam,
1182 1647 1243 1686 non
1257 1624 1307 1704 qni

153 1711 223 1771 dem
248 1723 438 1792 germanam,
472 1711 526 1770 sed
544 1730 580 1769 ex
602 1709 653 1768 illa
680 1729 864 1789 quocunque
890 1708 982 1768 modo
1006 1723 1189 1790 susceptam
1208 1709 1301 1794 (onitto
1343 1726 1348 1745 ·

152 1795 234 1856 enim
252 1793 343 1879 hoc),
368 1796 422 1855 sed
439 1800 578 1855 soro'rem
595 1788 712 1870 tamen,
737 1812 865 1877 peregre
881 1793 1091 1854 abducendum
1110 1795 1264 1869 vendidit,
1279 1805 1306 1852 ιι

152 1880 259 1941 ιιιιιίι
276 1881 341 1940 eius
361 1879 467 1940 iudicii
493 1879 624 1952 crimen,
650 1901 712 1961 quo
737 1901 807 1940 eum
831 1879 930 1939 bonus
948 1878 1000 1938 illc
1024 1879 1125 1940 frater
1152 1881 1218 1941 eius
1237 1899 1307 1941 causa
1345 1898 1348 1911 ·

45 2024 50 2029 .
150 1965 294 2026 facinoris
313 1965 478 2038 accusarit,
497 1966 550 2045 qui
567 1985 649 2024 nunc
669 1985 697 2024 er
689 1964 970 2045 patrocinabitur:
989 1965 1026 2024 ad
1045 1964 1144 2041 hacc,
1164 1984 1239 2046 quae
1252 1963 1348 2029 ulia:

150 2062 233 2122 sunt,
251 2048 346 2122 aliud
343 2048 509 2123 nefarium,
528 2070 547 2109 ο
566 2050 609 2110 dii
627 2049 824 2121 immortales,
841 2049 957 2110 facinus
974 2049 1116 2110 audietis.
1136 2048 1228 2111 Cum
1240 2049 1305 2110 enim
1345 2068 1348 2133 ι

89 2152 93 2172 ·
150 2134 318 2234 perfosso
308 2152 426 2193 carcere
445 2147 525 2194 esset
543 2135 679 2234 elapsus:
697 2135 735 2194 ad
748 2134 909 2217 mulierem
927 2136 1077 2215 quandam
1097 2137 1245 2238 confugit,
1258 2152 1303 2193 no

103 2260 109 2266 -
151 2219 233 2288 mine
251 2217 387 2292 Zubiam,
406 2239 482 2278 curn
494 2241 552 2299 qua
570 2219 714 2280 nimirum
732 2219 820 2278 olim
825 2212 1034 2281 consueverat
1064 2221 1110 2282 Ea
1130 2221 1236 2303 primis
1251 2239 1306 2278 eum
1345 2252 1348 2313 4

48 2330 54 2335 ·
152 2302 279 2381 diebus,
297 2303 409 2384 quibus
428 2303 467 2363 ab
486 2304 709 2367 Undecimvir'is
728 2304 930 2383 quaerebatur
947 2319 979 2366 et
989 2306 1305 2386 proclamabatur,oc-

90 2400 97 2408 ‘
151 2387 290 2448 cultavit.
308 2400 424 2469 postea,
443 2389 519 2448 datis
539 2403 609 2449 octo
628 2389 803 2449 drachmis
794 2411 826 2449 ιιι
843 2389 990 2450 viaticum
1002 2403 1032 2450 et
1044 2391 1163 2452 tumea
1169 2405 1206 2452 et
1222 2389 1307 2472 pallio,

71 2534 84 2543 ,
150 2474 379 2556 Megaramisit.
402 2473 481 2532 Eam
494 2474 653 2534 mulierem
671 2488 732 2535 tam
750 2474 828 2534 hene
848 2476 886 2534 de
903 2496 936 2535 se
954 2476 1104 2550 meritam,
1123 2491 1163 2536 ut
1179 2493 1306 2558 prospero
1338 2498 1342 2505 ·

149 2559 291 2619 fortunae
310 2558 383 2620 flatu
408 2558 553 2619 utebatur
570 2572 601 2621 et
630 2560 808 2642 dignitatem
826 2561 905 2642 apud
922 2581 977 2619 vos
1004 2560 1192 2636 obtinebat,
1210 2557 1347 2640 aliquid
1342 2596 1348 2617 -.

66 2646 128 2702 500
153 2643 190 2702 de
209 2663 247 2702 eo
266 2656 523 2724 conquerentem,
549 2645 664 2704 eteius
684 2644 825 2704 beneficii
849 2645 1024 2713 memoriam
1051 2647 1264 2719 refricantem,
1284 2654 1306 2703 et
1346 2652 1348 2703 ἓ

44 2802 48 2809 ⁸
149 2728 274 2828 gratiam
294 2729 353 2789 sibi
370 2729 478 2789 referri
502 2730 707 2811 postulantem
731 2729 861 2810 primum
884 2730 970 2810 alapa
989 2733 1056 2791 data
1076 2745 1109 2792 et
1129 2733 1220 2792 minis
1237 2727 1304 2792 addi-

148 2815 188 2873 tis
207 2813 244 2874 ab
263 2815 388 2875 aedibus
407 2812 564 2896 ablegavit
606 2817 648 2875 Ut
665 2827 766 2875 antem
784 2814 960 2875 muliercula
977 2837 1041 2875 nou
1061 2817 1244 2905 desistebat,
1263 2813 1302 2874 sed

150 2918 310 2983 progressa
328 2897 423 2981 (ut
396 2916 460 2957 evus
479 2920 567 2959 sexus
585 2913 631 2959 est
656 2897 827 2981 ingenium)
845 2902 925 2980 apud
948 2900 1111 2961 familiares
1133 2905 1174 2962 de
1192 2923 1229 2964 eo
1244 2919 1297 2981 qut·

96 2970 101 2993 '
148 2976 326 3071 rebatur,'
317 3003 401 3083 ipse·
401 3004 466 3043 eam
483 2983 546 3043 suis
563 2984 701 3059 manibus
724 2984 902 3066 prehensam
921 2987 959 3045 ad
976 2986 1079 3045 forum
1096 2987 1295 3068 inquilinorum

149 3053 289 3150 abduxit:
307 3090 351 3141 ac,
369 3067 429 3126 nisa
420 3068 594 3137 tributum
612 3053 833 3150 inquilinorum
852 3070 1007 3142 solvisset,
1024 3071 1152 3132 vendita
1173 3083 1245 3134 esset
1255 3087 1298 3150 per

149 3173 229 3226 eum,
248 3174 297 3212 cur
288 3153 470 3213 ‘'salutem
461 3175 525 3234 ipsa
542 3156 729 3215 contulisset.
764 3157 847 3215 Haec
865 3174 934 3215 vere
954 3178 969 3215 a
988 3178 1036 3215 me
1056 3156 1119 3216 dici
1139 3172 1177 3219 ut
1193 3164 1302 3221 constet,

148 3258 265 3299 arcesse
284 3238 358 3296 mihi
378 3259 458 3312 eum,
476 3238 726 3320 quimercedem·
735 3241 847 3321 sepulti
865 3241 956 3320 patris
976 3241 1039 3301 eius
1060 3262 1128 3301 non
1147 3241 1262 3324 recepit,
1277 3249 1302 3296 et

84 3324 87 3335 '
129 3321 224 3382 ‘eius
232 3308 294 3383 litis
312 3323 476 3397 arbitrum,
502 3347 591 3404 quam
611 3325 639 3385 ei
656 3340 783 3407 propter
807 3346 944 3385 sororem
953 3327 1173 3392 venundatum
1189 3320 1298 3387 intendit

49 3417 56 3429 '
147 3408 218 3471 iste:
235 3409 387 3490 proferet
405 3410 636 3471 accusationem.
654 3412 714 3471 Sed
728 3423 797 3470 ante
813 3411 912 3469 omnia
927 3433 1001 3471 voca
1017 3411 1136 3472 Zobvae
1149 3425 1302 3493 patronum,

148 3510 224 3574 quae
244 3514 315 3554 eum
331 3494 473 3576 suscepit,
492 3508 522 3555 ct
539 3497 724 3569 venditores,
742 3497 778 3556 ad
797 3516 874 3575 quos
894 3515 958 3555 eam
976 3496 1110 3556 adduxit
1135 3502 1200 3558 Vos
1216 3506 1302 3556 autem

29 3581 31 3586 ’
111 3648 113 3654 Ι
146 3580 239 3641 modo
258 3599 347 3661 aegro
363 3580 575 3654 ferebatis,
549 3604 575 3642 ιι
595 3602 664 3654 eos,
692 3581 744 3661 qni
751 3581 791 3640 ei
810 3581 968 3641 collectam
992 3582 1029 3640 ad
1047 3582 1181 3645 salutem
1197 3579 1302 3642 unbr-

87 3691 105 3713 -·
146 3677 225 3737 rent,
242 3677 403 3739 accusaret
420 3665 550 3747 Nefaria,
568 3666 682 3727 nefaria
700 3666 800 3727 bellua
816 3679 871 3740 est,
885 3665 1105 3768 Athenienses,
1125 3681 1158 3728 et
1173 3663 1302 3727 immanis

146 3748 250 3810 Recita
267 3750 449 3811 testimonia
1007 3771 1012 3780 ’

546 3903 910 3955 resultantem·

231 4006 359 4081 Quod
349 4007 444 4091 igitur
468 4007 539 4086 satis
566 4012 708 4093 magnum
734 4009 765 4077 in
785 4022 872 4084 eum,
896 4008 957 4089 qui
967 4022 1014 4070 tot
1038 4021 1070 4069 et
1093 4021 1180 4070 tanta
1189 3979 1301 4069 ἸιιιΙιιι

146 4092 345 4170 perpetravit,
369 4080 551 4175 supplicium
571 4095 739 4155 statuetur?
765 4094 858 4170 Quae
871 4095 961 4177 digna
979 4110 1080 4176 po'cna
1098 4095 1137 4155 ab
1157 4114 1196 4155 eo
1213 4092 1299 4186 exige-

146 4174 217 4234 tur?
235 4175 318 4236 Mors
330 4178 460 4256 quidem
477 4198 568 4260 parva
586 4180 661 4239 mibi
679 4181 806 4241 videtur.
825 4180 946 4255 Quodsi
963 4202 1059 4240 unum
1078 4181 1182 4241 adhuc
1199 4199 1235 4239 ex
1248 4171 1300 4257 pti·

145 4258 220 4319 vatis
239 4260 304 4320 eius
322 4263 480 4326 scelerate
486 4263 574 4333 factis
589 4285 790 4340 recensuero,
817 4276 933 4332 caetera
952 4266 1099 4327 omittam.
1133 4262 1301 4355 Priusquam

88 4363 161 4478 ιι
179 4364 297 4407 carcere
316 4349 524 4429 egrederetur,
542 4370 580 4410 eo
600 4351 746 4412 coniecto·
759 4351 892 4442 quodam
910 4340 1301 4473 ho'mine'l'au'agnaeo,‘1¹i
