2722 4754
242 140 251 148 ¹
351 166 617 249 inversus
652 187 920 279 inermen.
1158 146 1217 247 irs
1281 190 1286 196 ·

56 361 115 422 que
132 359 203 404 curn
220 342 277 402 alia
294 341 343 401 lex
360 340 487 414 iubeat,
502 340 541 401 ob
558 340 623 415 boc
635 339 823 401 accusationi
841 340 1001 402 obnoxiam
1022 350 1102 415 esse,
1122 341 1149 400 si
1160 348 1218 400 're-

58 427 172 491 teribur
190 426 308 510 legibus
326 423 507 485 adversetur.
544 422 628 507 Cape
646 426 741 505 ipsam
760 424 873 506 legem,

550 569 703 648 ,uun

147 679 332 745 Contrarium
350 679 445 762 igitur
463 691 525 752 est,
542 675 761 752 Athenienses,
786 690 849 739 rata
868 700 932 740 esse
952 673 1048 756 dona,
1068 703 1144 765 quae
1157 701 1219 762 po-

73 773 152 855 pulus
167 764 297 838 dederit,
321 777 354 827 et
370 765 524 825 neminem
543 784 648 823 eorum
666 764 833 823 immunem
851 785 933 838 esse,
960 767 1071 845 quibus
1088 768 1219 849 pupulus

1242 584 1304 637 soe

75 859 104 919 id
116 853 227 927 dederit,
244 850 402 919 eridenter
418 850 532 928 utique.
549 848 753 929 Nequaquam·
765 869 838 909 vero
851 850 883 908 in
897 849 952 910 bac
971 851 1049 932 lege,
1066 872 1145 933 quae
1160 853 1220 913 iarn
1288 854 1293 919 ζ

77 939 267 1009 mbstitnitur,
289 934 371 994 idem
388 955 448 994 nsu
465 933 564 994 venit:
581 933 636 992 sed
654 945 721 994 tum
739 954 792 1007 ea,
819 955 894 1013 quae
912 955 967 994 vos
987 935 1131 1008 dedistis,
1157 948 1223 996 rata
1285 930 1288 935 ’

81 1041 148 1101 nne,
160 1037 219 1085 tum
232 1019 310 1079 iusta
324 1019 357 1077 in
371 1038 423 1078 eos
437 1018 517 1078 actio
534 1018 729 1098 relinquitur,
746 1016 800 1099 qui
812 1019 861 1079 vel
873 1020 979 1079 fraude
997 1019 1110 1101 aliquid
1122 1020 1218 1101 impe-

82 1121 190 1183 tmnnt,
211 1104 259 1166 vel
276 1102 420 1183 deinceps
439 1103 551 1164 iniuste
569 1111 679 1185 agunt,
703 1102 751 1163 vel
769 1124 893 1185 prorsus
911 1104 1137 1186 indignisuntt
1160 1126 1219 1184 qua

84 1198 187 1269 setium,
202 1184 372 1269 cuicunque
391 1188 478 1249 vobis
496 1189 594 1248 visum
612 1188 680 1263 erit,
700 1189 814 1248 donum
829 1189 973 1269 eripietis.
990 1190 1095 1251 Recita
1112 1189 1219 1271 legem.

486 1400 490 1408 Ι
581 1341 695 1387 nux.
732 1318 755 1404 j
808 1370 819 1405 =.

52 1504 59 1516 ‚
146 1444 269 1519 -Auditis,
287 1444 502 1517 Athenienses,
522 1455 554 1502 et
570 1443 750 1527 intelligitis,
770 1440 891 1505 cautum
909 1444 959 1504 bic
977 1463 1053 1516 esse,
1071 1455 1107 1503 ut
1124 1454 1156 1502 et
1173 1443 1219 1502 di·-

87 1536 139 1622 gni,
158 1550 224 1612 quae
241 1531 310 1590 data
328 1544 416 1603 sunt,
441 1527 583 1589 teneant':
608 1542 640 1589 et
658 1531 710 1609 qui
727 1529 802 1589 tales
819 1529 946 1590 iudicati
963 1550 1026 1589 non
1044 1526 1177 1600 suerint,
1195 1528 1221 1587 si

88 1618 143 1702 quid
156 1616 259 1676 iniuste
277 1614 478 1696 acceperunt,
497 1635 534 1674 eo
553 1614 727 1693 priventur:
754 1627 785 1674 et
802 1614 945 1696 deinceps
963 1614 995 1674 in
1013 1626 1111 1686 vestra
1129 1633 1220 1671 mann

87 1708 123 1777 sit,
135 1701 201 1763 sicut
215 1712 346 1779 aequum
365 1713 420 1774 est,
438 1699 594 1779 quaelibet
609 1699 658 1761 vel
677 1701 757 1773 dare,
776 1700 824 1760 vel
837 1719 901 1759 non
917 1701 996 1759 dare.
1012 1692 1126 1781 Legem
1144 1697 1222 1767 banc

85 1791 158 1874 igitur
169 1804 228 1845 uon
241 1783 426 1867 praeclaram
445 1797 477 1844 et
494 1805 620 1863 aequam
640 1804 715 1858 esse,
734 1805 790 1845 nec
806 1784 958 1845 dicturum
976 1783 1107 1866 aibitror
1118 1776 1221 1863 Lepti·-
1253 1822 1263 1837 ,

83 1893 155 1936 nen:
167 1870 266 1943 neu-si
285 1868 405 1940 diruerit,
422 1889 512 1949 posse
532 1870 747 1929 demonstrare.
783 1870 872 1943 Quae
889 1890 961 1930 vero
979 1870 1060 1950 apud
1078 1866 1221 1927 Serviros

85 1957 151 2030 dixit,
168 1964 198 2017 c‘a
213 1953 346 2013 fortassis
366 1954 415 2011 hic
433 1966 575 2034 repetens
592 1975 646 2015 vos
664 1954 890 2014 circumducere
909 1953 1076 2014 conabitur.
1111 1951 1223 2011 Aiebat

86 2042 161 2114 enin,
181 2039 363 2119 imposturae
380 2039 476 2120 gratia
500 2039 600 2120 legem
617 2038 695 2098 bane
714 2057 780 2099 esse
806 2037 1017 2098 substitutam:
1041 2038 1068 2097 si
1085 2056 1223 2117 ueroea,
1284 2046 1287 2051 “

86 2147 153 2209 quan
164 2123 226 2203 ipse
243 2123 360 2195 tulerit,
378 2124 552 2205 abrogetur,
569 2144 633 2182 non
651 2123 800 2205 perlatum
818 2121 862 2181 iri
890 2123 957 2206 Ego
976 2142 1060 2196 vero,
1077 2122 1135 2180 ista
1153 2118 1221 2203 lege

86 2209 164 2275 restit
178 2206 329 2298 uuffra‘giis
355 2207 513 2288 abrogata,
538 2207 731 2268 substitutam
749 2207 831 2267 illius
856 2207 926 2268 loco
944 2221 1039 2268 ratam
1051 2226 1124 2267 esse
1143 2205 1222 2271 auti·
1270 2275 1274 2283 .

86 2317 130 2378 qua
141 2293 200 2376 lege
215 2293 375 2372 perspicue
392 2292 503 2365 iuberi,
521 2292 688 2352 secundum
707 2310 797 2373 quarn
816 2291 933 2375 Senviri
950 2293 1039 2352 nobis
1058 2292 1137 2351 hanc
1154 2303 1221 2349 snr-

86 2388 216 2463 regurrnt,
240 2376 396 2437 omittam:
422 2374 470 2437 ne'
487 2377 665 2463 quismibi'
680 2378 916 2438 controversiam
943 2397 976 2437 ea
1003 2379 1040 2437 de
1064 2375 1220 2451 resediat.

86 2462 213 2525 Sed-illuc
237 2460 337 2521 venio.
367 2458 452 2521 Cum
470 2461 544 2522 baec
569 2462 829 2535 dicit,*nimirum
852 2463 1032 2536 confitetur,
1059 2460 1221 2521 meliorem

87 2562 110 2609 et
122 2546 276 2627 aequiorem
303 2567 368 2605 esse
387 2547 465 2629 banc
491 2547 590 2629 legem
609 2552 660 2619 ea,
688 2568 778 2627 quam
796 2549 861 2628 ipse
886 2548 1008 2608 tulerit:
1032 2547 1071 2607 de
1091 2565 1129 2606 eo
1147 2541 1220 2606 vero

85 2632 155 2694 verbi
168 2631 242 2702 lacit,
261 2631 426 2711 quomodo·
437 2631 476 2690 sit
493 2633 679 2711 perferenda.
697 2632 833 2693 Primum
850 2633 945 2715 igitur
961 2633 1074 2692 multae
1091 2631 1139 2690 illi
1155 2629 1221 2692 uiae

47 2720 51 2727 '
86 2715 229 2798 proposbre
244 2728 326 2788 sunt,
346 2715 456 2795 quibus
476 2717 726 2789 substituentem,
745 2718 771 2777 si
788 2717 886 2790 nolit,
904 2730 994 2798 cogat
1011 2717 1048 2776 ad
1066 2715 1222 2793 ferendam

87 2803 186 2862 alteram
199 2800 310 2883 legem:
337 2801 447 2860 deinde
466 2803 651 2881 spondemus
671 2821 728 2882 ego
748 2800 956 2873 et'Pborn'rio,
976 2801 1002 2860 si
1021 2819 1112 2880 quern
1129 2798 1222 2875 alium

77 2886 146 2958 ,urit¹
158 2884 320 2968 noslegem
340 2886 454 2945 laturos
473 2905 546 2945 esse.
583 2882 710 2945 Constat
727 2898 838 2959 autem,
855 2885 954 2967 legem
968 2904 1039 2945 esse
1051 2883 1141 2965 'apud'
1156 2903 1221 2956 vor,

38 3028 42 3035 ,
86 2968 168 3050 siquis
182 2969 448 3051 pollicitationibus
466 2971 514 3031 vel
532 2970 689 3051 populum,
708 2970 756 3030 vel
774 2983 923 3042 senatum,
941 2970 988 3029 vel
1006 2968 1154 3030 iudicium
1168 2968 1225 3044 de-¹

86 3053 186 3135 ceperit,
199 3073 265 3114 cunr
284 3055 381 3135 eapite
400 3056 616 3115 mulctandum.
659 3055 861 3134 spondemus,
880 3053 1067 3135 pollicemur.
1104 3051 1221 3111 Serviri

87 3138 212 3199 scribunto
225 3138 322 3199 'baeer
335 3139 381 3199 bis
401 3139 628 3200 conditionibus
640 3159 688 3198 res
707 3140 868 3222 peragitur.
885 3139 936 3198 Sic
951 3138 1052 3219 neque
1064 3158 1118 3199 vos
1134 3137 1220 3216 quio-

87 3222 250 3302 qum-aubis·
264 3224 424 3307 indignum
441 3224 567 3297 iacietis,
585 3244 703 3304 neque,
720 3225 746 3283 si
764 3225 832 3304 quis
851 3226 952 3298 dono,
970 3224 1053 3304 ‘quod
1072 3242 1220 3283 consecu-

85 3319 134 3380 tus,
147 3307 273 3391 indignus
290 3321 356 3384 est,
373 3311 405 3368 id
422 3309 557 3369 tenebit:
575 3310 628 3369 sed
645 3308 773 3369 seorsim
792 3311 860 3393 lege
878 3308 933 3369 bac
951 3309 983 3368 in
1001 3309 1149 3385 iudicium
1167 3307 1220 3367 ad-

86 3391 200 3452 ducetur:
224 3392 257 3452 si
275 3415 349 3453 vero
367 3395 459 3454 verba
476 3394 551 3453 baec
569 3407 601 3454 et
618 3415 713 3476 nugas
732 3414 797 3453 esse
816 3394 912 3454 dicet:
931 3394 1000 3454 illae
1020 3407 1101 3454 certe
1120 3391 1241 3474 mtgae'·
1309 3413 1311 3417 ’

87 3494 139 3533 nun
152 3489 227 3569 sunt&
248 3481 315 3558 lpse
334 3477 433 3561 legem
451 3479 545 3553 serat,
562 3498 663 3559 neque
682 3479 743 3538 boe
759 3478 847 3553 dieat,
865 3482 921 3538 nos
941 3499 1005 3538 eam
1023 3479 1137 3538 laturos
1155 3497 1220 3536 non

86 3577 145 3618 esse.
164 3560 339 3622 Praeclarius
357 3565 571 3644 profectoest,
588 3577 624 3624 ut
641 3564 834 3647 eam-legem,
853 3567 943 3644 quam
959 3584 1014 3624 vos
1033 3558 1219 3644 approbave-

85 3641 151 3716 ritis,
164 3644 248 3720 leret,
262 3670 356 3729 ,quam
376 3670 440 3708 earn
458 3648 574 3721 valere,
604 3670 693 3728 quarn
711 3649 775 3730 ipse
789 3670 847 3709 sua
865 3649 1044 3710 auctoritate
1062 3668 1218 3722 commen-

1243 3649 1305 3704 310

35 3802 38 3808 1
85 3738 123 3785 tus
136 3730 178 3790 est
196 3732 287 3795 ,Mihi
304 3754 377 3793 vero
395 3728 540 3807 videtur,
557 3732 780 3807 Athenienses,
803 3732 872 3817 (sed
890 3726 1003 3817 ‹juaeso
1021 3747 1068 3807 te,
1079 3744 1126 3795 'ne
1144 3730 1219 3793 mibi
1264 3770 1267 3774 ,

84 3810 204 3875 irascaris:
229 3839 301 3877 nam
319 3818 389 3877 mali
414 3820 499 3877 dete
525 3808 602 3877 nihil
628 3818 739 3900 dicam)
754 3818 897 3899 Leptines
923 3820 1005 3902 leges
1024 3819 1146 3880 Solonis
1167 3829 1219 3877 aut

83 3898 265 3985 non-legisse,
294 3915 345 3962 aut
363 3902 637 3963 nonintellerisse.
674 3904 757 3967 ,Nam
776 3925 844 3963 eum
869 3905 969 3987 legem
988 3904 1083 3963 Solon
1102 3903 1219 3974 tulerit,

81 3978 169 4056 licere,
185 3987 231 4046 cui
251 3987 379 4068 legitimi
397 3987 485 4048 liberi
498 4006 566 4046 non
584 3987 660 4058 sint,
680 4008 770 4067 quern
788 3987 908 4051 libitum
926 3989 982 4063 sit,
1007 3989 1159 4048 beredem‘
1170 3987 1215 4046 iu-

79 4065 183 4129 stitucre
200 4070 277 4153 (non
295 4085 330 4131 ut
348 4092 458 4153 genere
476 4071 711 4152 proximos'inro
727 4070 964 4154 'propinquitatis
977 4072 1145 4133 fraudaret:
1164 4072 1218 4131 sed

67 4160 114 4221 nt,
127 4152 248 4214 utilitate
259 4155 292 4214 in
307 4157 440 4217 medium
458 4158 624 4238 proposita,
643 4142 787 4231 efiiceret,
805 4170 840 4218 ut
855 4158 993 4218 homines
1012 4158 1094 4217 inter
1106 4178 1138 4218 se
1152 4178 1217 4217 cer-

77 4244 158 4317 tarent
173 4238 361 4323 beneficiis),¹
376 4254 409 4300 tu
429 4254 534 4301 contra
551 4264 615 4303 non
634 4242 754 4303 dubites
772 4256 879 4303 auctor
898 4263 980 4315 esse,
999 4263 1037 4303 ne
1049 4242 1216 4323 quicquam

78 4321 176 4399 populo
192 4325 235 4383 de
260 4326 320 4386 suis
345 4326 466 4406 opibus·
482 4326 570 4387 liceat
587 4328 652 4389 aliis
678 4327 840 4409 impertiri:
875 4329 1031 4406 quomodo
1059 4328 1217 4409 quisquam

971 4502 989 4542 ἡ
