2722 4754
318 152 636 265 abversus
672 190 1017 269 rruocna'rsu
1108 196 1111 200 “
1217 210 1316 300 ιιι»

94 376 176 438 gem
194 376 267 414 suae
286 357 474 420 contrariam
472 357 563 419 ferre
581 379 646 418 non
664 358 824 434 dubitarit,
850 381 919 422 cum
937 359 1022 444 leges
1040 331 1130 421 etiam
1148 357 1278 423 aliorum
1307 398 1311 408 .

95 439 233 523 legibus
245 437 325 502 ferre
345 443 508 505 contrarias
526 443 729 508 interdicant?
764 444 841 505 Nam
858 445 933 506 mihi
951 447 1107 526 quidem,
1115 467 1192 527 quae
1212 446 1287 511 eius.
1331 459 1338 471 ‘

27 603 30 607 ι
98 525 296 628 impudentia
315 541 377 601 est,
396 526 515 607 quidvis
533 542 730 611 suscepturus
750 551 815 590 esse
833 531 943 611 cupide
961 533 1088 593 videtur
1121 532 1279 609 Quempdff
1312 543 1314 547 ‘

80 611 261 693 ,modum'
250 612 345 694 igitur
362 613 437 676 alios
456 613 669 705 facinorosos,
695 615 748 696 qui
765 616 879 676 scelera
897 615 1048 693 latentur,
1077 618 1143 679 siue
1162 617 1276 680 iudicio

100 695 209 779 puniri
199 696 321 784 leges
329 697 452 760 iubent:
466 722 524 761 arc
534 701 623 761 etrum
642 689 716 775 iste,
735 701 984 782 quandoquidem
1003 725 1072 764 eum
1081 704 1173 787 leges
1191 703 1277 766 mali-

98 783 184 846 tiose
201 803 311 867 rogare
330 790 366 845 et
378 785 525 869 abrogare
545 799 680 861 constat,
710 805 773 847 nou
791 787 868 848 facta
887 786 1008 851 dicendi
1024 801 1212 870 potestate,
1219 808 1277 852 nee

58 932 72 944 ,
99 868 170 931 eius
190 870 436 932 excusationibus
455 872 582 949 auditis,
601 873 850 934 condemnandus
869 873 935 935 erit.
969 873 1046 934 Nam
1065 874 1157 935 altera
1174 876 1276 956 priore

80 955 172 1038 „lege
190 954 287 1016 lassus
306 969 362 1030 est,
380 977 413 1017 se
432 957 488 1018 ista
503 958 658 1019 ‘contraria
675 957 800 1021 ferenda
817 978 951 1040 peccare.
969 956 1015 1019 Ac
1034 980 1104 1020 eum
1122 972 1153 1020 et
1172 974 1278 1022 conus

98 1039 156 1103 luas
174 1041 259 1124 leges
278 1053 310 1101 et
327 1048 431 1103 contra
450 1064 541 1124 supra
563 1044 668 1117 dictas,
686 1066 730 1118 ac,
747 1064 850 1126 prope
847 1045 1006 1120 dixerim,
1023 1045 1190 1119 universas,
1209 1047 1277 1125 qui-
1301 1063 1306 1068 ·

98 1126 189 1188 bus
179 1148 213 1187 an
231 1126 299 1187 bac
304 1126 461 1209 republica
477 1130 610 1204 utimur,
637 1121 734 1191 istam
751 1129 861 1192 tulisse
876 1131 992 1214 legem:
1027 1129 1114 1191 vobis
1134 1129 1276 1191 omnibus

97 1211 296 1295 perspicuum
315 1234 381 1274 esse
399 1227 484 1295 puto.
512 1215 609 1275 Miror
626 1228 746 1290 autem,
762 1216 906 1296 quidnam
925 1217 962 1277 ad
980 1215 1056 1276 haee
1074 1215 1211 1284 dicturus
1228 1215 1277 1282 sit.

96 1298 224 1380 Neque
229 1296 328 1373 enim,
350 1321 436 1360 suam
460 1300 560 1382 legem
578 1300 705 1380 reliquis
724 1301 905 1362 contrariam
923 1322 987 1361 non
1007 1322 1089 1375 esse,
1114 1300 1276 1363 ostendere

56 1434 61 1445 .
98 1382 232 1486 poterit,
250 1405 308 1443 nec
325 1374 525 1464 persuadere,
548 1406 600 1459 se,
619 1384 775 1447 hominem
791 1407 896 1446 rerum
914 1386 1104 1467 imperitum,
1124 1407 1236 1458 errore
1246 1399 1277 1448 et

99 1468 221 1531 inscitia
236 1488 392 1550 peccasse:
418 1469 477 1530 iam
502 1470 576 1530 olim
600 1471 682 1534 enim
708 1491 813 1531 omnes
837 1493 908 1533 eum
925 1472 1069 1551 viderunt
1086 1473 1227 1542 mercede
1246 1484 1277 1535 et

96 1555 236 1616 scribere
251 1567 284 1615 et
300 1553 380 1615 ferre
400 1554 490 1638 leges.
520 1540 629 1636 Neque
647 1556 723 1617 illud
743 1556 831 1617 etiam
850 1556 960 1632 habet,
977 1570 1014 1618 ut
1030 1557 1144 1618 iniuste
1161 1557 1275 1636 lactum
1298 1561 1360 1622 459

93 1640 246 1714 fateatur,
270 1640 325 1701 sed
343 1640 463 1701 veniam
486 1654 588 1703 tamen
612 1643 775 1722 impetrare
797 1641 925 1703 studeat.
968 1643 1036 1710 Nec
1052 1643 1276 1718 enim‘invitus,

95 1746 159 1786 nec
177 1747 233 1808 pm
250 1725 451 1800 calamitosis,
476 1746 534 1787 nec
550 1749 607 1808 pro
626 1727 763 1811 cognatis
783 1740 815 1788 et
832 1728 1009 1789 necessariis
1027 1728 1090 1788 suis
1109 1749 1179 1804 eum
1198 1728 1276 1805 banc
1289 1758 1309 1776 ι’

92 1812 205 1913 legem
220 1811 324 1874 tulisse
344 1824 478 1873 constat:
512 1814 567 1874 sed
592 1812 727 1875 voleus
717 1835 748 1873 ιιι
769 1834 875 1873 eorum
893 1814 1090 1875 commodum
1108 1813 1210 1900 tulit,
1221 1812 1275 1905 qui
1344 1867 1347 1872 .

95 1896 224 1981 maguis
234 1896 351 1958 iniuriis
365 1918 419 1959 vos
436 1897 621 1971 affecerunt,
639 1897 784 1979 nullaque
801 1897 859 1959 sibi
874 1898 1098 1959 necessitudine
1114 1911 1187 1960 sunt
1200 1918 1275 1959 con-

93 1982 219 2058 iuncti,
245 1983 302 2045 nisu
293 1982 401 2042 forte
419 1982 489 2044 illos
508 2004 541 2043 se
559 1995 760 2066 cognatorum
779 1982 891 2044 habere
909 1983 979 2044 loeo
999 1983 1098 2058 dicet,
1127 2006 1143 2044 a
1163 1983 1274 2063 quibus

92 2067 422 2149 mercedemaccipiat
464 2067 556 2129 Nune
577 2069 678 2151 legem
702 2068 768 2136 eius
793 2090 851 2128 uec
867 2067 964 2139 -vobis
988 2069 1179 2130 commodam
1199 2086 1275 2140 esse,

93 2172 201 2234 neque
219 2154 462 2227 conducibilem,
481 2155 643 2214 ostendere
663 2153 804 2214 conabor.
830 2153 975 2215 Arbitror
992 2153 1104 2235 igitur,
1118 2154 1279 2253 confiten-⁸

35 2224 45 2249 i
93 2239 171 2299 dum
189 2259 258 2299 esse
275 2237 456 2313 omnibus,
464 2239 591 2321 probam
616 2238 715 2321 legem
740 2252 771 2299 et
794 2238 984 2299 multitudini
1001 2239 1203 2319 profuturam
1211 2238 1284 2319 pri--
1355 2223 1360 2245 ’

45 2370 56 2381 .
92 2345 181 2384 mum
199 2324 380 2405 simpliciter
402 2338 434 2386 et
459 2326 601 2406 omnibus
625 2346 722 2405 aeque
746 2332 849 2406 aperte
874 2324 1015 2406 scriptam
1035 2345 1100 2384 esse
1120 2336 1282 2418 oportere,

67 2418 134 2469 Zne
155 2429 222 2469 earn
239 2410 317 2471 alius
341 2410 461 2470 aliter
452 2395 685 2491 rirterpretetur:
711 2410 838 2487 deiude,
862 2409 929 2473 fieri
952 2428 1042 2490 posse
1067 2422 1210 2497 oportere
1227 2429 1274 2487 ea,

93 2515 173 2574 quae
192 2494 281 2556 iubet
303 2493 388 2578 (nam
407 2509 442 2557 ut
459 2495 538 2555 bene
557 2497 723 2568 constituta
733 2495 799 2582 sit,
825 2493 940 2575 aliquid
958 2507 1078 2569 tamen,
1098 2494 1204 2574 quod
1206 2493 1274 2554 fieri

92 2593 238 2677 nequeat,
256 2592 424 2662 proponat:
443 2579 552 2641 idvoti
567 2581 684 2662 potius,
700 2575 879 2663 quamlegis
894 2580 1021 2640 fuerito
1003 2577 1168 2664 officium):
1186 2575 1274 2660 pr'ae-
1350 2655 1353 2663 Α

91 2679 180 2726 terea
197 2678 344 2747 oportere
362 2668 479 2727 nemim
470 2667 689 2746 delinquenti
708 2666 870 2746 quicquam
890 2666 960 2725 dare
979 2665 1127 2734 licentiae.
1151 2664 1272 2726 Nam*
1248 2687 1275 2725 sa

95 2751 168 2831 qui's
190 2752 222 2812 id
247 2772 313 2812 esse
331 2753 478 2834 populare
495 2765 599 2832 putat,
624 2765 660 2812 ut
681 2752 765 2811 lenes
784 2751 847 2810 sint
864 2750 999 2833 leges,'
990 2772 1015 2809 rs
1039 2749 1070 2810 id
1090 2770 1214 2830 quoque
1240 2748 1274 2810 in
1348 2785 1351 2790 -

38 2851 47 2868 “
94 2837 143 2897 eis
160 2835 344 2911 consideret,
361 2838 473 2918 quibus
493 2859 542 2898 eas
562 2858 627 2898 esse
645 2838 720 2898 tales
739 2848 888 2918 oporteat.
913 2835 1050 2910 Quod
1025 2858 1051 2896 ιι
1068 2847 1152 2895 reete
1172 2833 1274 2898 cousi-

92 2922 267 2997 derabit,
257 2926 412 2997 inveniet,
439 2944 504 2984 earn
522 2922 679 2984 lenitatem
698 2923 735 2982 ad
752 2943 840 2994 reos,
864 2941 928 2980 nou
946 2920 984 2979 ad
1003 2921 1160 2981 damnatos
1178 2919 1283 3000 perti:

92 3029 183 3068 nere:
208 3030 280 3069 nam
299 3011 338 3070 de
360 3008 422 3069 illis
447 3010 599 3069 incertum
618 3021 680 3081 est,
707 3030 745 3067 an
769 3007 810 3067 sit
833 3004 925 3067 alicui
948 3005 1098 3065 calumnia
1123 3005 1200 3065 facta
1218 3025 1274 3085 per

91 3093 254 3168 iniuriam,
273 3094 320 3155 his
339 3108 441 3156 autem
459 3093 542 3154 nulla
560 3093 640 3153 ratio
658 3104 762 3166 restat,
780 3111 841 3171 qup
861 3090 961 3150 miuus
980 3111 1012 3150 se
1031 3089 1191 3193 improbos
1206 3110 1272 3152 esse

10 3228 13 3231 Α
47 3238 57 3243 ..
91 3178 255 3258 fateantur.
286 3178 330 3240 At
347 3181 468 3251 horum,
485 3199 566 3259 quae
585 3199 643 3260 ego
662 3199 745 3250 nunc
762 3175 914 3250 recensui,
931 3175 1153 3236 nihilomnino
1172 3176 1272 3258 legem

92 3263 183 3324 istam
201 3266 389 3347 complecti,
407 3265 504 3346 palam
524 3276 584 3325 est:
607 3264 662 3323 sed
681 3284 717 3322 ex
736 3262 844 3322 ordine
864 3261 1023 3323 contraria
1033 3262 1141 3322 omnia
1176 3261 1272 3351 quue

28 3367 37 3373 ·
92 3349 199 3410 multis
218 3351 406 3433 argumentis
424 3350 529 3411 doceri
547 3361 649 3430 queat,
667 3348 806 3431 inprimis
823 3368 896 3409 vero
912 3346 966 3422 sic,
984 3370 1011 3408 sr
1002 3348 1099 3407 ’'lex
1089 3369 1163 3428 rpsa,
1182 3367 1273 3425 quam
1298 3392 1299 3395 ι

24 3434 29 3439 ’
95 3435 184 3496 istet
170 3435 261 3509 tulit,
279 3448 503 3518 percenseatur.
530 3436 602 3496 Non
622 3433 703 3494 enim
721 3432 824 3495 alia
797 3453 862 3493 erus
880 3455 948 3514 pars
967 3432 1123 3515 probanda
1142 3444 1197 3505 est,
1215 3429 1272 3490 alia

36 3522 40 3529 ’
82 3521 311 3600 improbanda:
330 3523 383 3582 sed
403 3535 477 3593 tota,
495 3522 625 3601 aprima
644 3519 758 3603 syllaba
776 3539 875 3598 usque
894 3518 931 3578 ad
950 3531 1123 3591 extremam,
1141 3538 1196 3578 vos
1216 3536 1271 3596 op-

91 3619 239 3688 pugnat.
265 3603 346 3689 Cape
365 3608 544 3688 scripturam
567 3606 644 3668 banc
669 3618 700 3665 et
722 3625 820 3684 usque
845 3603 882 3663 ad
900 3604 1026 3685 primam
1044 3615 1160 3685 partem
1177 3599 1288 3661 recitav

91 3691 299 3774 legemNam
316 3692 501 3754 facillime
477 3714 521 3752 ιιι
539 3705 606 3751 tum
625 3709 683 3773 ego
702 3689 833 3763 docebo,
850 3701 917 3748 tum
934 3710 988 3751 vos
1007 3711 1073 3751 mea
1092 3688 1173 3749 dicta
1190 3706 1271 3748 asse
1342 3757 1350 3761 ..

93 3777 244 3858 quemini

631 3899 741 3973 unx.

179 4033 351 4094 Pandionia
368 4034 451 4095 tribu
470 4033 681 4114 praesidente,
705 4033 804 4113 primo
823 4045 945 4093 senatus
964 4044 1134 4107 conventu,
1153 4014 1270 4105 duode'-

11 4115 20 4122 ’
94 4119 171 4179 eima
198 4119 249 4178 die
276 4120 448 4200 praesidum
475 4118 594 4179 censuit
617 4117 785 4190 Aristocles
790 4116 1053 4219 ‘Myrrhinusium
1078 4115 1269 4177 Timocrates
1354 4175 1360 4180 .

95 4204 280 4266 sententiam
292 4206 393 4267 dixit.
424 4205 557 4265 Tametsi
575 4202 685 4284 aliquis
703 4203 835 4266 aerarius
854 4203 916 4263 sive
935 4202 1072 4285 legibus,
1100 4201 1163 4261 sive
1181 4219 1269 4261 seua-

96 4291 292 4352 tnsconsulto
312 4292 469 4351 damnatus
488 4302 535 4351 est
551 4289 681 4351 vinculis
705 4304 759 4351 aut
781 4289 812 4349 in
830 4302 987 4371 posterum
1005 4285 1214 4351 damnabitur.
1241 4283 1269 4345 ei

96 4397 151 4456 pro
170 4397 236 4453 se,
234 4387 296 4439 ant
312 4376 364 4436 alii
381 4398 437 4458 pro
456 4397 494 4436 eo
512 4388 677 4457 sponsores
695 4375 883 4467 constituere
901 4374 1026 4480 liceat
