2722 4754
889 45 895 67 Ι
924 40 931 44 .

149 166 216 253 sse
548 107 1011 242 uuuosruuuus

146 301 359 403 probabiles,
355 290 416 374 lias
406 313 606 397 magnificas
616 335 682 374 esse
699 323 831 396 oportet.
863 317 911 377 Ne
928 338 999 378 vero
1019 284 1238 383 extrascausam
1255 307 1305 383 fibi

61 471 63 481 Ι
145 402 262 464 fabulas
281 391 427 489 narrem,
433 420 528 481 neue,
546 399 619 478 quid
637 401 684 460 de
694 421 734 469 ea
745 401 916 476 sentiam,
908 425 973 484 ipse
991 407 1244 463 commemorem.
1265 407 1302 468 sic

147 487 298 557 ausculta,
321 496 357 544 ut
380 485 483 566 ipsam
500 485 668 545 orationem
692 486 751 545 iam
775 483 968 570 auditurus,
977 488 1136 570 quaudo
1127 509 1194 568 ipse
1220 490 1302 566 adest,

29 611 37 624 ι
69 635 75 652 .
120 581 241 654 quem
257 571 426 631 auditorem
445 588 509 629 esse
528 571 622 642 volui,
639 572 801 662 Epicrates.
868 642 870 645 ¹

226 653 317 716 Cum
327 645 477 728 uiderem,
504 656 668 714 nonnullos
695 665 818 727 eorum,
844 655 897 735 qui
915 671 1052 719 amantur
1078 669 1108 718 et
1125 655 1224 715 forma
1241 668 1303 720 suut

26 755 28 767 '
102 738 108 754 “
147 742 262 816 ornati,
288 753 405 804 neutra
415 739 602 804 felicitatum
624 740 909 814 harumrecteuti,
925 743 1005 816 sed,
1028 755 1064 801 ut
1084 742 1145 800 oris
1173 742 1301 804 decorem

44 892 54 908 ‚-
78 891 81 898 ,
145 817 227 890 laudi
245 827 303 918 sibi
327 824 455 899 ducere,
483 824 526 889 sic
551 816 716 884 amatoruin
741 826 971 889 familiaritatem
999 826 1147 899 aversari,
1173 839 1259 906 atque
1273 829 1300 889 'iu
1333 867 1335 872 ·

41 914 43 921 ⁴
66 971 71 977 ,
138 907 309 975 'iudicando
327 909 403 970 adeo
421 930 484 978 non
507 908 696 996 intelligere,
723 906 845 1010 optinia·
855 932 930 989 quae
949 912 1027 983 sint,
1051 924 1087 971 ut
1104 924 1231 991 propter
1247 933 1301 988 eos,

147 1023 204 1081 qut
191 998 323 1057 'haere
347 984 497 1078 flagitio'se
516 983 698 1069 abutuntur,
727 996 786 1054 illis
806 995 894 1056 etiam
914 997 975 1056 sint
992 996 1109 1076 iniqui,
1135 1018 1189 1074 qur
1180 995 1299 1056 ’.ιιιοιιι

42 1093 59 1132 Ἀ
145 1079 221 1145 itam
237 1095 408 1159 castamque
427 1078 678 1138 consuetudinem
697 1101 803 1140 eorum
822 1093 981 1167 expetunt:
1005 1103 1057 1140 eos
1078 1101 1138 1160 ego
1157 1082 1298 1141 nonsibi

31 1182 34 1189 '
145 1164 280 1249 metipsis
298 1177 418 1225 tantum
433 1162 518 1222 male
545 1160 721 1243 consulere,
746 1167 813 1225 sed..
824 1162 958 1226 aliorum
978 1165 1069 1226 etiam
1094 1163 1310 1249 familiaritates·

146 1255 324 1352 depravare,
349 1234 532 1346 illorumque
557 1248 717 1308 amentiam
732 1250 953 1331 prudentibus
961 1272 1023 1316 non
1042 1271 1107 1310 esse
1136 1249 1296 1314 imitandam

146 1337 322 1407 existimavi,
340 1333 526 1414 praesertim,
544 1334 570 1391 si
588 1336 799 1408 considerent,
824 1354 891 1394 cum
910 1357 958 1394 res
970 1331 1074 1432 ipsae
1077 1355 1135 1392 nee
1155 1325 1296 1411 honestae,

144 1445 202 1484 nec
219 1421 393 1518 flagitiosae.
406 1440 460 1498 per
483 1438 549 1481 sese
574 1418 662 1491 sint,
659 1421 728 1479 sed
752 1441 807 1500 pro
831 1419 963 1479 ratione
966 1419 1129 1479 utentium
1144 1419 1315 1498 plurimun·

12 1569 17 1574 ,
144 1509 270 1580 varient,
287 1503 464 1564 temeritatis
483 1522 558 1575 esse,
576 1524 639 1561 uno
657 1505 827 1588 eodemque
846 1495 883 1563 de
901 1504 1045 1584 utrisque
1057 1504 1156 1565 modo
1172 1516 1297 1565 statuere

15 1588 28 1602 ²
53 1597 75 1664 γ’
144 1593 263 1654 Deinde
282 1589 417 1648 omnium
437 1607 502 1647 esse
520 1584 767 1663 absurdissimum
787 1589 906 1661 iudico,
925 1610 977 1648 eos
996 1587 1153 1665 admirari,
1173 1610 1225 1666 qur
1217 1589 1295 1670 ⁸-plu

134 1678 238 1746 primos
258 1687 288 1734 et
309 1671 582 1753 'constantissimos
598 1673 709 1731 anticos
736 1673 881 1733 habeant:
900 1687 1052 1734 amatores
1077 1685 1180 1734 autem
1198 1673 1293 1753 impro.

130 1763 234 1835 bare,
258 1759 368 1839 quibus
387 1757 476 1830 solis,
504 1778 560 1815 nec
578 1756 613 1815 iis
631 1770 732 1816 tamen
752 1759 908 1829 omnibus,
934 1759 986 1817 sed
1002 1757 1096 1818 bonis
1115 1769 1147 1816 et
1164 1759 1294 1818 modestis

82 1854 84 1858 ’
144 1849 303 1917 duntaxat,
323 1843 508 1942 amasiorum
526 1840 619 1900 animi
636 1842 679 1900 sic
696 1843 851 1901 conciliari
868 1843 969 1901 solent
985 1865 1019 1901 ac
1036 1841 1134 1940 dedi,
1150 1854 1186 1900 ιιι
1204 1863 1296 1903 eorum
1326 1897 1330 1902 .

145 1953 210 1993 esse
227 1928 343 2012 proprii
335 1927 526 1987 videantur.
553 1928 612 1984 lam
630 1926 715 2025 illos,
734 1950 787 2006 qur
779 1927 916 1988 'nullius
931 1927 1002 1986 talis
1020 1925 1170 1987 amicitiae
1189 1926 1295 1989 felicem

144 2028 287 2077 eventum
311 2012 471 2098 uiderunt,
496 2023 548 2071 aut
572 2011 749 2092 semetipsos
772 2024 832 2071 tam
856 2012 1082 2087 incontinentes
1110 2032 1176 2069 esse
1199 2012 1297 2088 sciunt,

126 2115 178 2161 xut
196 2091 361 2161 inodestam
381 2088 447 2156 cum
462 2055 660 2154 familiaribus
675 2093 789 2156 habere
808 2097 1061 2157 consuetudinem
1080 2110 1241 2175 nequeant,
1259 2098 1295 2157 ita

57 2214 61 2221 ·
143 2187 267 2255 sentire,
285 2179 506 2278 fortassqnibil
525 2178 593 2238 miri
612 2193 671 2240 est:
690 2181 741 2260 qui
760 2194 860 2241 autem
878 2181 996 2254 eodem,
1014 2202 1076 2260 quo
1096 2192 1140 2253 tu,
1159 2181 1254 2240 animo
1271 2194 1297 2240 et

100 2269 320 2330 conditione
338 2277 425 2336 sunt,
450 2287 502 2343 qur
520 2285 576 2322 nec
593 2273 717 2343 prorsus
735 2265 893 2347 ignorant,
919 2279 1049 2344 quantae
1061 2258 1296 2326 necessitudines

142 2376 198 2436 per
224 2371 359 2422 amorem
383 2349 496 2427 absque
524 2347 643 2406 iufamia
661 2348 722 2409 sint
747 2364 865 2434 auctae,
892 2362 922 2410 et
945 2351 1113 2430 superioris
1140 2350 1213 2409 vitae
1229 2372 1295 2410 suae

91 2452 263 2518 ‘tempus
283 2448 351 2494 e'um
377 2433 558 2492 verecundia
584 2446 814 2533 transegerunt,
838 2436 870 2493 in
889 2456 941 2493 eos
961 2456 998 2493 ne
1026 2434 1157 2514 suspicio
1182 2435 1297 2512 quidem

143 2523 233 2584 cadit
240 2520 331 2605 ullius
349 2516 554 2617 turpitudinis.
573 2518 643 2592 Quo
662 2519 756 2599 magis
769 2519 862 2578 etiarn
881 2520 918 2578 ad
937 2519 1012 2578 banc
1030 2518 1219 2586 scribendam
1236 2540 1297 2578 ora-

58 2623 120 2679 398
143 2599 258 2668 tionem
284 2625 368 2664 sum
376 2603 535 2676 incitatus,
562 2604 648 2680 quod
671 2600 771 2662 duas
769 2626 817 2666 res
826 2592 1058 2684 pulcherrimas
1086 2604 1232 2683 consequi
1254 2625 1296 2663 me

143 2712 232 2774 posse
250 2678 530 2749 animadvertebam.
560 2687 635 2744 Nam
654 2699 718 2746 tum
739 2687 825 2747 bonis
844 2688 905 2748 tuis
924 2687 1198 2747 commemorandis
1216 2687 1296 2748 simul

144 2790 174 2838 et
199 2790 229 2835 te
254 2774 389 2845 felicem,
415 2785 445 2831 et
468 2791 543 2842 me,
560 2771 620 2849 qui
637 2784 667 2830 te
691 2771 780 2830 talem
798 2773 944 2871 diligam,
969 2794 1033 2832 ιιοιι
1054 2773 1216 2832 vecordem
1240 2795 1295 2832 esse

91 2851 95 2865 ⁸
118 2925 121 2936 Κ
143 2871 336 2922 ostensurum
361 2815 498 2916 cbnfido.
521 2862 591 2913 tunt
611 2856 816 2920 suadendis“
796 2879 849 2929 ns,
874 2879 950 2936 quae
976 2857 1115 2938 inprimis
1140 2859 1295 2919 necessaria

142 2958 223 3019 sunt,
243 2957 273 3004 et
290 2940 520 3002 benevolentiae
538 2960 623 3000 meae
641 2941 794 3022 specimen
813 2953 843 3000 et
860 2955 982 3001 mutuae
1001 2942 1292 3016 amicitiae-occasio-

72 3083 76 3087 .
141 3051 211 3092 nem
229 3029 395 3088 allaturum.
419 3024 552 3086 Tametsi
568 3038 668 3085 autem
687 3048 735 3085 me
753 3034 815 3086 non
833 3026 986 3106 praeterit,
1005 3050 1095 3107 quam
1116 3026 1233 3104 difficile
1248 3028 1291 3100 sit,

141 3129 173 3176 et
189 3111 323 3173 indolem
342 3124 423 3170 tuam
441 3129 497 3190 pro
502 3109 662 3190 dignitate
680 3111 848 3182 celebrare,
867 3124 897 3170 et
914 3113 1011 3175 multo
1030 3112 1122 3171 etiam
1144 3133 1205 3172 esse
1220 3113 1292 3192 peri-

142 3198 292 3274 culosiu,
301 3197 387 3255 dare
405 3194 580 3267 consilium,
606 3216 673 3254 eum
692 3196 837 3255 monitori
861 3205 999 3256 eventus
1011 3196 1137 3258 consilii
1153 3210 1292 3277 praestan-

94 3285 98 3296 ’
141 3287 196 3345 dus
215 3283 270 3342 stt
283 3283 400 3340 decere
413 3293 514 3338 tamen
534 3279 741 3351 existimo,ut
759 3294 789 3339 et
806 3278 1007 3360 b1,qurture
1026 3281 1291 3355 laudantur,ven-
1324 3326 1326 3330 .

139 3369 208 3430 tatis
228 3365 403 3441 excellentia
422 3364 607 3423 laudantium
633 3364 803 3424 facundiam
821 3379 982 3445 superent,
1009 3366 1090 3425 etin
1100 3367 1213 3427 dando
1231 3388 1291 3426 coa-

87 3454 207 3518 silio
226 3472 314 3538 spero
334 3471 382 3509 me
400 3469 463 3507 non
481 3449 696 3508 aberraturum
724 3449 794 3508 Scio
813 3449 917 3522 enim,
921 3450 1031 3525 stultos
1050 3464 1082 3510 et
1094 3451 1292 3532 intemperan-

28 3598 33 3611 ,
57 3542 66 3581 Ἀ
117 3543 120 3569 ’
139 3539 180 3598 tia
192 3556 315 3619 prorsus
330 3536 505 3614 depravatos
520 3533 617 3605 nulla,
635 3533 722 3592 etiam
737 3529 959 3635 sapientissima
970 3534 1213 3616 rectissimeque,
1230 3558 1292 3596 con·

106 3608 203 3683 silia
222 3622 329 3702 probe
325 3619 474 3697 exsequi.
492 3639 547 3698 per
565 3640 616 3696 eos
625 3632 722 3691 sero,
741 3619 793 3697 qui
811 3618 900 3679 vitam
919 3641 1002 3679 suam
1021 3619 1193 3701 prudenter
1211 3634 1240 3682 et
1255 3622 1292 3680 in-

122 3720 285 3768 ‘noeenter
302 3704 518 3776 instituerunt,
542 3722 599 3767 nee
615 3702 663 3762 vel
681 3703 875 3763 mediocriter
892 3705 1021 3785 cogitata
1039 3706 1181 3766 frustrari
1198 3706 1293 3766 solere.

55 3809 76 3839 .’
112 3787 235 3864 'Hac
225 3792 321 3874 igitur
345 3809 397 3870 spe
422 3789 524 3847 fretus
542 3789 579 3846 ad
611 3789 779 3853 orationem
806 3789 973 3870 aggredior.
1016 3790 1165 3853 Arbitror
1194 3804 1293 3864 autem,

83 3871 85 3873 ι
136 3899 241 3938 omnes
246 3874 334 3934 mihi
353 3895 418 3934 esse
436 3883 628 3946 bssensuros,
657 3873 733 3932 hanc
750 3886 877 3933 aetatem
903 3875 1010 3935 decore
1038 3876 1170 3939 inarime
1190 3888 1221 3936 et
1236 3876 1293 3956 pul

14 4019 18 4022 .
71 4027 75 4039 Ι
100 3962 336 4041 ,ebritudinem
356 3959 524 4038 adspectus,
543 3970 573 4016 et
591 3958 768 4017 modestiam
787 3958 888 4030 animi,
908 3971 938 4016 et
955 3959 1172 4021 fortitudinem
1191 3961 1294 4021 utrius-

136 4068 204 4130 que,
224 4061 254 4106 et
271 4056 446 4126 perpetuam
467 4043 612 4102 orationis
631 4043 815 4103 suauitatem.
840 4043 866 4100 Ε
884 4043 994 4123 quibus
1014 4066 1060 4118 ea,
1080 4068 1161 4124 quae
1180 4060 1308 4107 naturae.

78 4123 84 4140 ι
112 4145 227 4212 (sunt,
249 4132 289 4191 ita
307 4130 364 4189 tibi
381 4127 548 4226 praeclara
549 4128 677 4188 fortuna
695 4127 800 4210 largita
819 4140 880 4202 est,
905 4141 939 4187 ut
957 4149 1066 4188 omnes
1086 4144 1118 4190 te
1139 4132 1295 4214 suspiciant

135 4225 167 4274 'et
183 4208 384 4274 admirentur:
387 4207 545 4292 reliqua
535 4209 600 4292 ipse
618 4222 725 4294 tuapte
740 4235 809 4273 cura
827 4234 865 4272 eo
883 4214 1072 4313 perduxisti,
1089 4230 1129 4277 ut
1147 4238 1238 4278 nemo
1254 4238 1294 4277 aa·

109 4343 112 4347 «
133 4318 191 4359 aus
208 4312 239 4358 te
256 4298 488 4380 reprehendat.
499 4297 630 4378 Oportet
646 4311 745 4358 autem
765 4299 856 4375 eum,
877 4297 931 4378 qui
948 4299 1094 4361 maximas
1114 4302 1221 4387 laudes
1238 4323 1294 4362 me-

622 4516 625 4523 .
714 4492 726 4524 t
