2722 4754
153 128 160 157 ι
243 170 247 177 ι

325 168 914 277 0011110100111000.
1065 288 1083 315 Q
1144 186 1205 276 ‘ros
1275 166 1318 177 ”

67 383 129 444 snm
143 367 189 429 hic
206 365 450 451 excogitabitur?
485 368 635 449 Tempora
653 367 740 427 vobis
760 368 914 451 eripienda
933 384 1035 446 erant,
1064 384 1094 432 et
1112 384 1208 454 nego-

68 457 177 531 fiumita
194 452 384 526 ducendum,
420 450 456 513 ut
473 453 576 514 subito
595 454 769 536 ingrueret,
804 475 837 514 ac
856 476 926 528 v08,
961 456 1220 528 000--1110110111,Ι

66 541 170 639 possetis
188 538 300 620 egredi.
334 540 439 619 ltaque
457 539 532 598 istos
550 537 657 598 fecisse
676 551 812 603 coustata
830 560 888 621 ego
906 544 996 616 1010,
1014 556 1050 604 ut
1068 543 1125 603 iam
1144 558 1209 602 sae.

67 656 120 725 pms
140 626 274 698 auduus,
299 644 361 684 non
389 624 472 704 prius
497 624 588 690 abire,
604 623 708 704 potui,
734 625 788 684 sed
814 634 844 683 et
869 647 944 684 nave
969 630 1117 689 eonducta
1142 650 1208 688 sum

59 727 186 788 mantus.
228 710 288 767 lam
308 729 384 790 opus
404 723 485 782 erat,
511 709 662 769 uectium
686 709 778 768 fidem
798 707 946 769 haberent
964 708 1106 796 Philippo
1125 713 1208 773 Pho-

19 872 27 883 ,
70 806 163 873 tensis,
179 814 273 873 seque
290 794 373 853 ultro
393 794 550 866 dederent,
568 815 673 875 neres
692 794 876 868 differretur,
894 796 1172 861 neve'contrarinm
1193 821 1208 857 a

69 879 443 959 vobis‘seuatusconsultum
462 880 610 940 ederetur.
641 880 775 939 Proinde
793 880 830 941 ab
848 880 1083 959 Atheniensium
1102 884 1208 967 legatis
1281 922 1288 941 1

7 982 33 1019 .·
71 964 338 1043 nuntiandumiuit,
365 964 539 1025 Phocenses
563 978 775 1026 conservatum
801 966 855 1040 iri,
879 980 931 1039 ut,
956 968 1075 1030 tametsi
1099 968 1208 1048 aliquis

7 1084 9 1091 ·
72 1050 266 1126 „iti-tiffidat,
286 1049 409 1109 illorum
427 1051 584 1132 promissis
602 1052 697 1131 fretus
716 1073 748 1110 se
763 1050 842 1110 ’101111
858 1054 963 1113 tradat.
1006 1038 1210 1113 Athenienses

74 1160 150 1212 ,uren
170 1137 249 1236 ipsos
277 1156 461 1196 arcessemns
480 1158 553 1210 nos,
581 1150 616 1196 ut
643 1137 760 1209 omnia,
788 1158 864 1216 quae
883 1140 1008 1212 volunt,
1034 1139 1091 1198 sibi
1109 1151 1210 1220 parata

74 1252 122 1298 esse
144 1221 341 1295 existimantes
369 1220 445 1281 nihil
464 1221 649 1282 contrarium
675 1223 845 1297 decernant
889 1224 936 1283 1111
955 1238 1055 1284 autern
1080 1247 1095 1284 a
1119 1224 1208 1284 nobis
1232 1234 1294 1287 283

72 1317 129 1395 plia
139 1307 315 1387 nuntiabunt
334 1319 364 1366 et
381 1307 577 1387 promittent,
596 1319 641 1381 ut,
660 1307 805 1386 quicquid
823 1309 945 1367 tandem
963 1310 1025 1383 fiat,
1045 1331 1108 1368 000
1127 1331 1210 1369 com·
1286 1358 1291 1363 .

75 1406 229 1468 moveantur.
272 1390 322 1450 Ad
340 1393 422 1451 hunc
440 1394 565 1452 modum
591 1404 621 1451 et
638 1392 749 1471 talibus
766 1388 884 1454 teelniis
904 1392 941 1452 ab
959 1396 1024 1454 istis
1042 1395 1210 1475 perditissi-
1265 1390 1268 1395 ’

77 1491 120 1552 mis
133 1475 291 1543 hominihus
312 1498 416 1537 omnes
432 1498 481 1538 res
500 1490 572 1536 sunt
588 1478 733 1558 perditae.
750 1481 854 1558 ltaque
873 1480 972 1539 statim
992 1502 1055 1539 non
1065 1480 1211 1561 Thespias

62 1588 102 1637 ‘et
114 1571 227 1633 Plataeas
246 1563 407 1622 instaurari
424 1562 551 1635 vidistis,
572 1576 608 1622 ut
626 1563 761 1637 decebat,
779 1565 833 1624 sed
853 1561 1023 1625 Coroneam
1043 1579 1074 1625 et
1092 1566 1210 1626 Orcho-

34 1700 38 1707 .
61 1675 173 1722 „annm
189 1668 303 1709 eversas
323 1652 387 1708 ess'e
406 1648 575 1720 audivistis:
593 1669 657 1708 000
674 1649 793 1711 Thebas
812 1646 982 1731 depressas,
1001 1672 1057 1709 nec
1075 1651 1210 1711 insolen-
1234 1714 1237 1719 ,
1319 1672 1323 1687 ·

73 1730 134 1807 timi
147 1735 351 1800 Thebanorum
371 1746 401 1792 et
417 1733 561 1794 ferociam
580 1733 760 1808 cohibitam,
790 1737 843 1795 sed
861 1737 1084 1809 phocensium,
1111 1736 1211 1796 socio-

76 1852 132 1892 rum
144 1835 316 1894 vestrorum,
339 1820 460 1878 moenia
480 1821 597 1892 diruta,
623 1842 717 1899 eaque
737 1819 835 1880 diruta
854 1844 869 1880 a
888 1821 1057 1893 Thebanis,
1082 1843 1212 1902 quorum

27 1980 38 1989 ,
75 1916 165 1977 urbetn
182 1905 336 1966 Aeschinis
363 1904 453 1965 verba
477 1905 628 1986 inpagos
653 1906 839 1989 redegerunt
864 1907 987 1965 scilicet.
1030 1906 1212 1966 Nonvobis

76 2000 179 2061 Euboea
192 1991 298 2052 tradita
317 2003 363 2049 es't
380 2011 437 2070 pro
456 1988 649 2070 Amphipoli,
670 1991 729 2069 sed
748 1989 904 2071 Philippus
932 1991 965 2052 in
983 1991 1108 2052 Euboea
1125 2012 1212 2072 prae-
1283 2062 1286 2066 .

78 2077 239 2152 siditmunit
256 2076 293 2135 ad
319 2076 434 2135 bellum
451 2074 537 2134 vobis
556 2074 627 2133 inde
652 2073 871 2147 inserendum„
900 2088 931 2134 et
950 2077 1079 2135 Geraisto
1100 2090 1130 2136 et
1147 2077 1212 2134 Me-

81 2169 150 2255 gnis·
160 2161 284 2224 insidiari
311 2181 374 2220 000
408 2160 544 2220 desistit:
579 2179 641 2219 000
668 2159 754 2219 vobis
781 2161 902 2242 Oropus
934 2157 1123 2236 restituitur,
1159 2163 1213 2220 seii

82 2254 228 2334 (lellrymo
252 2259 281 2306 et
307 2265 380 2328 agro
407 2246 443 2304 ad
468 2245 632 2305 Panactum
662 2246 752 2304 armis
785 2246 978 2320 dimicamus,
1015 2240 1098 2327 quod
1124 2247 1233 2311 salvis.

80 2333 255 2401 Phocensibus
280 2353 436 2410 uunquam
462 2331 602 2390 fecimus:
634 2352 697 2390 non
723 2331 812 2412 patrii
837 2333 913 2392 ritus
941 2332 973 2391 in
1002 2326 1214 2415 100011οῚ101-

80 2425 153 2508 phico
167 2420 373 2490 observantur,
407 2437 471 2475 non
489 2414 625 2496 Apollini
650 2418 778 2496 pecunia
802 2418 967 2500 redigitur,
1002 2420 1055 2477 sed
1078 2417 1215 2501 germani
1282 2480 1285 2485 ,

84 2506 288 2591 Amphictyones
308 2503 446 2562 exsulant
464 2515 495 2563 et
512 2501 759 2576 exterminantur,
782 2525 949 2583 eorumque
967 2504 1053 2585 regio
1071 2516 1153 2563 vasta
1171 2504 1213 2562 ia-

35 2636 40 2643 ·
85 2586 135 2656 eet:
149 2592 191 2673 qui
204 2609 272 2650 vero
291 2601 361 2648 ante
380 2594 535 2668 nunquam
553 2587 679 2647 fuerunt
692 2586 952 2671 Amphictyones,
969 2588 1096 2649 Barbari
1113 2590 1215 2649 hince-

86 2683 177 2752 dones,
204 2675 223 2734 ii
249 2696 330 2735 nune
354 2674 385 2734 vi
409 2672 651 2755 Amphictyones
684 2693 749 2732 esse
781 2675 896 2732 volunt.
940 2675 1060 2750 Quodsi
1084 2674 1151 2753 quis
1178 2675 1215 2733 de
1317 2671 1322 2677 ’

88 2786 153 2827 saera
164 2759 276 2843 pecunia
293 2759 482 2819 mentionem
499 2756 621 2831 lecerit,
641 2758 678 2816 de
696 2761 771 2817 saxo
787 2759 940 2831 deiicitur,
961 2771 991 2817 et
1007 2758 1077 2817 uibi
1095 2770 1217 2817 nostrae

87 2848 178 2911 oramli
190 2847 390 2928 praerogativa
409 2856 455 2904 est
474 2856 592 2925 erepta,
614 2855 645 2902 et
662 2855 762 2903 totum
779 2840 938 2926 negotium
954 2843 1140 2923 reipublicae
1159 2863 1232 2920 uos

86 2948 149 2997 strae
166 2926 265 3003 lactum
291 2943 338 2990 est
363 2930 539 3012 aenigmatis
564 2929 664 2988 instar.
708 2928 763 2988 llle
787 2942 818 2990 et
841 2928 917 2989 nihil
942 2929 1087 2988 mentitus
1107 2941 1153 2988 est
1177 2940 1218 3001 et,
1282 2988 1287 2999 ,

44 3070 48 3081 ,
87 3040 148 3102 quae
160 3018 261 3091 voluit,
285 3016 418 3076 coniecit
437 3015 555 3076 omnia:
572 3035 655 3088 vos,
683 3036 821 3091 cumea,
848 3015 958 3095 quibus
977 3014 1075 3096 optari
1093 3013 1218 3073 meliora

65 3117 222 3185 neqeunt,
246 3102 452 3184 speraveritis,
482 3121 588 3161 eorum
607 3101 755 3160 contraria
773 3101 840 3169 lieri
857 3100 991 3172 vidistis,
1018 3113 1064 3172 et,
1093 3122 1166 3169 cum¹
1185 3098 1218 3156 in

88 3210 145 3273 pact
163 3190 250 3250 vivere
274 3189 456 3261 videamini,
481 3187 637 3247 acerbiora
661 3187 796 3269 perpessi
823 3186 912 3260 estis,
939 3206 1028 3266 quarn
1055 3185 1080 3244 si
1104 3184 1242 3251 bellum,

87 3274 210 3359 gereretis.
251 3274 303 3334 lsti
326 3274 486 3355 pecuniam
510 3272 639 3345 habent,
667 3272 752 3333 etin
775 3273 857 3333 hunc
880 3293 977 3351 usyprc
1003 3270 1083 3330 diem
1106 3275 1221 3352 poenas

87 3382 138 3422 000
151 3360 292 3421 dederunt
336 3360 418 3420 Haec
436 3371 537 3419 autem
556 3358 683 3439 omnino
703 3357 839 3418 coniecta
859 3379 923 3418 esse
941 3355 1170 3439 largitionibus,
1190 3366 1222 3413 et

88 3446 189 3528 pretium
205 3467 308 3506 eorum
327 3446 464 3505 omnium
482 3444 593 3505 habere
613 3444 705 3517 istos,
732 3444 906 3503 iamdudum
924 3442 1009 3501 robis
1028 3440 1220 3501 multifariam

76 3531 236 3595 ‘declaratum
256 3552 322 3591 esse
341 3531 485 3591 arbitror:
505 3542 535 3589 et
552 3550 677 3602 vereor,
696 3550 735 3588 ne
755 3540 874 3600 eontra,
894 3550 982 3608 quam
998 3527 1086 3600 volo,
1104 3524 1241 3596 faciam,
1305 3562 1311 3570 -

87 3629 125 3689 et,
143 3617 200 3677 dum
216 3617 247 3677 id
265 3630 402 3677 accurate
422 3636 518 3675 corror
537 3616 715 3689 ostendere,
738 3613 826 3674 vobis
845 3613 991 3672 molestus
1010 3613 1066 3671 sim
1083 3606 1221 3671 rei‘iam-

86 3702 177 3763 dudum
192 3703 298 3786 gnaris.
325 3703 386 3762 Sed
405 3715 505 3761 tamen
525 3713 555 3760 et
573 3700 632 3760 hoc
650 3699 773 3760 audita
803 3700 897 3758 Estne
916 3698 1085 3781 legatorum
1105 3694 1223 3775 aliquis,

86 3806 147 3868 quos
161 3788 309 3889 Philippus
327 3787 387 3847 hue
405 3787 536 3860 miserit,
560 3785 611 3846 eui
627 3806 682 3845 vos
701 3806 817 3845 aeream
835 3784 867 3844 in
884 3784 953 3843 soro
972 3794 1099 3843 statuam
1118 3782 1222 3840 decer·
1241 3778 1244 3782 ⁵

85 3873 193 3935 necetis?
217 3876 290 3956 quad
314 3873 408 3935 vero?
432 3895 473 3932 an
496 3873 609 3931 victum
634 3868 666 3930 in
690 3870 841 3956 Prytaneo
870 3868 998 3941 daretis,
1024 3880 1075 3927 aut
1099 3865 1224 3945 aliquod
1318 3918 1321 3923 .

83 3958 150 4019 aliud
162 3961 331 4041 praemium,
350 3967 411 4039 quo
429 3958 507 4018 bene
525 3955 650 4016 meritos
666 3956 844 4016 honoratis?
861 3954 1010 4034 Equidem
1026 3973 1089 4012 1100
1107 3952 1226 4033 opinor.

87 4038 152 4104 Cur?
173 4045 274 4127 Neque
294 4044 374 4105 enim
392 4064 445 4105 vos
463 4042 573 4126 ingrati
593 4042 680 4115 estis,
703 4062 804 4121 neque
821 4040 961 4100 homines
979 4035 1098 4109 iniurii,
1123 4046 1225 4116 neque
1274 4109 1279 4115 ῃ

57 4170 62 4177 -
85 4129 156 4189 mali:
170 4133 220 4192 sed
236 4153 272 4192 eo
290 4152 345 4192 vos
363 4131 495 4189 facturos
514 4127 665 4210 negaretis
683 4123 791 4209 (idque
807 4147 877 4187 vere
896 4136 927 4184 et
943 4120 1049 4206 recte),
1068 4123 1151 4202 quod
1168 4141 1226 4204 pro

86 4214 205 4299 Philippo
223 4219 338 4291 omnia,
363 4236 420 4298 pro
437 4213 618 4283 vobisnihil
636 4233 759 4293 prorsus
778 4212 918 4296 egissent.
963 4205 1112 4269 Cumvos
1130 4206 1227 4291 igitur
1249 4204 1311 4269 284

87 4298 272 4364 ita-sentiatis:
306 4302 436 4385 putatis,
463 4300 551 4360 aliter
568 4298 742 4379 Philippum
761 4318 826 4358 esse
845 4295 1025 4369 animatum,
1046 4298 1142 4375 'atque
1161 4293 1226 4353 istis

85 4397 172 4451 tutet
191 4400 269 4451 tanta
291 4387 394 4473 largiri
411 4406 536 4448 munera
554 4388 731 4468 propterea,
755 4383 837 4463 quod
856 4400 914 4464 pro
929 4381 1017 4441 robis
1042 4380 1227 4464 legationem

978 4470 1041 4585 1⁴,
