2722 4754
290 164 308 299 ‘p
354 204 910 317 rnlouecanororr‘rrs.
1077 198 1081 207 ’
1176 227 1218 287 er

56 369 126 433 socii
142 368 240 430 nostri
257 380 344 431 sunt:
380 381 412 429 et
428 365 516 430 alteri
533 390 615 429 nunc
633 366 793 431 nobiscum
811 392 844 431 se
862 371 1057 456 coniungent
1075 441 1078 445 ,
1093 386 1125 436 et
1143 375 1217 457 quid
1240 370 1250 380 '

59 466 225 539 exoptemus
243 453 346 516 aliud?
362 452 406 513 At
423 453 449 513 si
462 453 693 514 lacedaemonii
710 454 776 515 iure
793 456 906 518 violato
924 456 1037 529 bellurn
1055 459 1114 520 illis
1133 461 1215 521 intu-

61 543 158 605 lerint:
188 539 349 620 equidem,
374 539 401 598 si
418 538 492 598 haec
509 537 574 599 sola
592 538 729 618 quaestio
749 552 901 616 vertetur,
925 555 1030 605 utrum
1048 552 1105 606 nos
1121 548 1215 606 Lace.

66 624 217 691 daemoniis
232 623 449 707 Megalopolim
466 624 640 684 condonare
659 625 831 700 debeamus,
849 647 977 702 necne,
995 651 1059 690 non
1076 644 1215 714 repugno

69 714 246 801 (quamquam
263 707 402 788 iniquum
419 707 451 767 id
470 705 579 790 esset),
606 710 832 785 condonemus,
853 714 960 791 'neque
977 715 1138 795 quicquam
1157 715 1217 776 illis
1282 780 1285 785 ,

77 796 259 868 adversemur,
282 793 336 873 qui
352 806 426 854 tunc
444 793 547 853 eadem
565 793 699 873 pericula
715 790 776 854 rina
793 795 953 856 nobi's'cum
971 797 1118 859 adierunt
1162 801 1217 860 Sin

81 905 129 949 rao
145 880 224 942 scitis
243 897 365 952 omnes,
383 877 438 937 hac
457 890 541 958 capta
560 880 800 941 cos-Messanam
817 902 1027 963 aggressuros:
1045 884 1125 944 dicat
1141 885 1218 945 mihi
1292 938 1295 949 .

79 968 162 1050 aliquis
185 966 330 1037 istorum,
357 962 411 1043 qui
433 962 657 1044 Megalopolitis
682 987 764 1025 nunc
787 965 890 1026 infesti
914 978 1001 1041 sunt,
1028 967 1102 1048 quid
1126 969 1218 1030 nobis
1271 958 1277 981 ⁸

79 1070 127 1119 tum
141 1056 277 1113 suasurus
295 1047 355 1108 sit?
388 1048 485 1107 Nemo
502 1048 675 1128 respondet
717 1050 814 1130 Atqui
832 1050 914 1111 scitis
933 1071 1055 1126 omnes,
1084 1051 1147 1114 sive
1166 1053 1218 1114 isti

80 1141 199 1203 suadeant
216 1134 279 1194 sive
298 1132 500 1207 dissuadeant,
520 1153 609 1213 opem
628 1152 694 1194 esse
710 1134 879 1195 serendam:
898 1158 965 1196 cum
979 1150 1105 1218 propter
1121 1136 1217 1198 ictum
1244 1188 1248 1195 .

80 1217 294 1288 canesseniis
312 1219 431 1293 foedus,
448 1220 513 1277 tum
531 1217 608 1298 quia·
620 1220 751 1300 expedit,
770 1232 805 1280 ut
822 1241 856 1281 ea
872 1222 945 1295 urbs
964 1222 1121 1282 incolatur.
1139 1219 1217 1283 Cum

80 1308 167 1374 animis
181 1304 272 1388 igitur
288 1301 396 1363 vestris
413 1302 560 1389 cogitate,
589 1317 692 1365 utrum
711 1305 830 1366 initium
849 1305 938 1367 nobis
957 1306 1116 1368 honestius
1133 1308 1217 1368 futu-

53 1434 57 1441 ·
83 1418 140 1459 rum
158 1392 190 1453 sit
212 1395 243 1449 et
263 1388 435 1470 humanius
463 1388 501 1448 ad
527 1391 708 1451 coe'rcendas
742 1389 867 1451 iniurias
892 1392 1218 1463 Lacedaemoniorum:

85 1484 162 1542 hocne
180 1495 231 1557 pro
259 1473 437 1535 defensione
463 1473 678 1555 Megalopolis,
705 1496 743 1535 an
767 1475 906 1537 illud‘ad
933 1477 1101 1539 Messenam
1127 1491 1218 1543 tuen-

84 1563 151 1629 dam?
174 1560 260 1621 Nun'c
279 1558 402 1639 quidem
420 1557 588 1620 Arcadibus
615 1560 758 1642 opitulari
774 1583 828 1622 vos
847 1576 878 1622 et
894 1563 975 1644 pacis
994 1562 1219 1625 conservationi

83 1648 273 1726 studere,pro
300 1665 358 1725 qua
383 1643 543 1724 periclitati
568 1645 639 1704 estis
663 1658 694 1707 et
718 1647 750 1707 in
768 1647 832 1708 acie
851 1648 1033 1724 dimicastis,
1056 1648 1218 1730 apparebit.

53 1736 57 1751 ²
83 1740 142 1798 Tru
160 1751 227 1793 vero
252 1729 445 1810 perspicuum
470 1729 528 1788 erit
553 1731 711 1807 omnibus,
728 1753 790 1799 ,vos
807 1734 976 1795 Messanam
1000 1734 1078 1795 velle
1100 1734 1219 1799 incolu-

82 1842 156 1893 mem,
184 1823 245 1876 nori
270 1827 332 1875 tarn
356 1814 516 1894 aequitatis
543 1837 648 1891 causa,
680 1839 769 1897 quam
794 1831 878 1878 metu
903 1819 1220 1879 Lacedaemoniorum.

81 1908 297 1985 temperantem
314 1898 444 1981 spectari
463 1912 494 1959 et
510 1901 559 1982 agi
577 1902 690 1961 debent
708 1923 751 1976 ea,
771 1923 847 1982 quae
865 1903 944 1965 iusta
962 1917 1047 1964 sunt:
1065 1904 1218 1984 simulque
1299 1928 1304 1943 .

31 2040 34 2051 .
83 1990 159 2053 danda
174 1998 216 2046 est
233 2005 341 2066 opera,
358 1997 394 2048 ut
411 1985 515 2045 eadem
534 1984 623 2046 etiarn
642 1986 808 2067 expediant
834 1987 973 2048 Affertur
989 2001 1021 2051 et
1036 1987 1104 2048 talis
1124 2009 1217 2068 quae·
1242 1988 1302 2046 131

82 2078 134 2137 dau
147 2071 218 2132 ratio
234 2070 271 2131 ab
289 2069 465 2131 adversariis
482 2071 608 2131 nostris:
636 2072 762 2132 dandam
781 2092 846 2133 esse
865 2094 1003 2154 operam,
1026 2086 1062 2133 ut
1080 2072 1219 2154 Oropum

36 2172 39 2177 '
82 2159 255 2241 recipiamus:
273 2156 373 2235 quod,
397 2154 423 2214 si
448 2175 518 2228 eos,
536 2155 589 2235 qui
613 2157 649 2215 ad
676 2176 741 2217 eam
763 2158 916 2219 adiutores
941 2158 1058 2240 alioqui
1080 2158 1220 2232 fuissent,

83 2227 339 2315 abalienaririmus,
367 2239 443 2300 socii
460 2240 549 2300 nobis
568 2240 629 2300 sint
646 2242 788 2302 defuturi.
831 2245 897 2326 Ego
915 2264 988 2305 vero
1007 2244 1142 2305 dandam
1153 2263 1219 2304 esse
1275 2262 1280 2271 “

31 2328 37 2339 ”
84 2350 196 2413 operam,
218 2338 255 2388 ut
271 2325 393 2407 Oropus
402 2333 622 2406 recuperetur,
648 2326 759 2408 etipse
776 2328 909 2389 affirmo:
936 2330 990 2390 sed
1007 2328 1112 2389 hostes
1128 2329 1219 2389 nobis

81 2418 134 2479 lore
147 2411 409 2485 Lacedaemonios,
434 2411 460 2470 si
477 2432 560 2471 nunc
576 2411 753 2473 societatem
771 2435 838 2473 cum
857 2412 1042 2487 Arcadibus,
1061 2414 1114 2494 qui
1131 2414 1221 2483 amici
1286 2404 1289 2409 ’

81 2501 155 2562 uobis
169 2518 229 2559 esse
245 2497 369 2579 volunt,
394 2496 572 2570 coierimus,
599 2496 681 2557 dictu
698 2498 782 2580 nefas
800 2497 873 2558 solis
891 2497 951 2558 illis
970 2518 1035 2560 esse
1052 2511 1146 2579 puto,
1167 2497 1220 2578 qui
1296 2552 1303 2566 ,

82 2586 156 2647 nobis
177 2601 365 2665 persuasere,
388 2592 424 2642 ut
447 2581 693 2653 Laceddemoniis
718 2583 957 2664 periclitantibus
983 2583 1221 2644 subveniremus.
1304 2602 1308 2607 ·

79 2672 146 2731 Nam
159 2669 226 2729 baec
241 2666 294 2748 qui
312 2667 433 2740 dicunt,
455 2679 594 2747 auctores
612 2667 716 2741 luere,
735 2691 827 2748 quum
848 2687 952 2728 omnes
970 2665 1221 2749 Peloponnenses

80 2756 137 2816 hue
149 2753 301 2826 renuunt,
317 2753 421 2841 ¹ductu
447 2764 478 2811 et
502 2751 642 2834 auspiciis
666 2753 773 2813 vestris
790 2753 1045 2812 Lacedaemonios
1064 2773 1221 2834 oppugna-

79 2839 151 2917 turi,
175 2851 209 2925 ut
222 2852 250 2900 et
264 2838 333 2898 illos
350 2836 578 2917 repudiaremus
604 2836 678 2920 (qua
695 2837 740 2896 illi
758 2838 796 2898 de
814 2859 918 2910 causa,
943 2836 975 2896 id
993 2838 1077 2917 quod
1095 2837 1139 2897 eis
1158 2848 1222 2896 erat

80 2924 227 3004 reliquum,
250 2923 288 2984 ad
304 2922 467 2983 Thebanos
486 2943 518 2982 se
546 2919 756 3005 contulerunt)
776 2934 811 2982 et
828 2943 885 3003 pro
903 2921 1112 2982 incolumitate
1129 2923 1222 2982 Lace-

82 3008 287 3073 daemoniorum
310 3029 374 3068 non
400 3009 493 3089 modo
520 3007 678 3090 pecuniam
704 3007 925 3082 conferremus,
951 3006 1005 3068 sed
1022 3008 1114 3068 vitam
1132 3008 1222 3066 etiam

82 3106 196 3156 metram
211 3096 242 3155 in
259 3093 422 3154 discrimen
439 3093 663 3153 adduceremus.
703 3091 800 3173 Atqui
817 3114 856 3153 ne
874 3087 928 3153 ¹uos
947 3091 1069 3172 quidem
1088 3112 1140 3152 eos
1158 3108 1223 3151 ser·-

83 3201 140 3242 rarc
158 3179 337 3252 voluissetis,
362 3177 389 3239 si
413 3178 472 3239 hoc
489 3178 579 3238 nobis
598 3190 667 3239 ante
686 3177 832 3238 dixissent
849 3178 915 3252 isti,
942 3189 1134 3238 conservatos
1160 3196 1224 3250 eos,

81 3265 133 3326 nisi
148 3286 259 3325 omnem
276 3263 429 3326 licentiam
448 3263 558 3324 daretis
577 3265 678 3323 denuo
697 3261 836 3337 faciendi,
855 3285 931 3343 quae
948 3262 1072 3336 vellent,
1091 3274 1122 3322 et
1139 3268 1224 3353 gras-
1285 3282 1287 3291 ’

81 3350 161 3422 sandi,
175 3350 284 3410 nullam
300 3350 338 3410 de
354 3361 475 3430 accepta
490 3349 589 3409 salute
603 3348 727 3432 gratiam
743 3347 830 3408 vobis
845 3347 1008 3410 habituros.
1026 3350 1091 3407 lmo
1108 3345 1224 3410 etiarnsi

83 3435 218 3495 conatibus
234 3434 543 3496 Lacedaemoniorum
561 3433 759 3496 vehementer
774 3434 932 3494 adversum
951 3446 1013 3508 est,
1040 3432 1173 3494 Arcades
1192 3431 1224 3489 in
1290 3452 1293 3463 ¹

81 3510 234 3581 societatem
250 3533 386 3581 nostram
404 3519 512 3600 recipi:
531 3519 618 3579 decet
635 3532 751 3593 tamen,
771 3539 823 3579 eos
841 3519 986 3579 maiorem
1004 3518 1093 3579 nobis
1111 3516 1225 3576 habere

78 3601 186 3688 gratiani
208 3627 264 3688 pro
290 3625 344 3680 eo,
371 3606 454 3685 quod
479 3605 511 3663 in
536 3604 670 3664 summis·
686 3626 743 3686 ope
767 3617 866 3665 vestra
888 3603 1030 3686 periculis
1056 3599 1228 3664 conservati

77 3703 153 3775 sunt,
175 3713 262 3773 quam
278 3704 440 3773 propterea
457 3710 538 3751 nune
556 3689 660 3764 irasci,
685 3690 769 3771 quod
784 3688 907 3749 illorum
926 3688 1044 3749 iniuriis
1064 3685 1225 3748 obsistatis.

77 3776 139 3852 Quo
153 3790 238 3858 pacto
256 3776 425 3860 igiturnos
443 3777 480 3836 ad
499 3774 636 3857 Oropum
653 3776 894 3857 recuperandum
910 3796 974 3835 non
991 3773 1148 3845 iuvabunt,
1165 3769 1226 3830 nisi

75 3861 197 3945 omnium
211 3861 386 3927 mortalium
403 3860 597 3944 ingratissimi
616 3882 680 3922 esse
694 3860 809 3922 velint?
826 3860 856 3919 id
876 3861 959 3940 quod
978 3879 1035 3942 ego
1052 3855 1225 3923 mehercule

73 3966 130 4007 non
145 3946 239 4008 rideo.
273 3949 335 4006 lam
354 3968 406 4008 eos
425 3967 548 4039 quoque
567 3945 716 4021 demiror,
735 3946 788 4027 qui
806 3966 929 4005 causam·
942 3944 1020 4005 hanc
1037 3952 1227 4024 praetexunt,
1247 3957 1249 3961 ’

72 4031 159 4094 rideri
180 4024 316 4093 nostram
342 4032 509 4105 civitatem,
533 4031 665 4092 ineunda
684 4053 752 4092 cum
770 4029 937 4090 Arcadibus
955 4029 1101 4089 societate
1127 4008 1227 4087 ethis
1290 4050 1293 4055 ·

71 4118 195 4201 agendis,
211 4118 434 4178 inconstantiae
451 4131 481 4178 et
493 4117 638 4199 perfidiae
654 4116 830 4198 opinionem
842 4114 1018 4179 subituram.
1042 4111 1119 4173 Mihi
1135 4111 1228 4191 enim,

70 4203 283 4276 Athenienses,
302 4202 485 4263 contrarium
503 4203 630 4263 videtur.
648 4200 731 4263 Cur?
750 4201 830 4277 Quia
848 4198 1000 4260 neminem
1019 4199 1154 4260 omniurn
1172 4214 1227 4255 ne-

69 4302 200 4372 gaturum
226 4286 376 4362 arbitror,
406 4288 543 4359 anostra
559 4288 636 4348 urbe
662 4301 694 4348 et
710 4283 966 4348 Lacedaemonios
997 4298 1028 4347 et
1044 4284 1129 4367 prius
1146 4281 1228 4341 The-

68 4375 156 4437 banos
182 4388 214 4439 et
227 4374 399 4457 'postremo
416 4374 612 4438 Euboeenses
638 4384 832 4436 conservatos
858 4380 898 4431 et.
911 4382 1016 4452 postea
1042 4371 1075 4431 in
1101 4368 1230 4429 societa-

980 4462 1001 4534 'l
