2722 4754
241 89 256 131 Ι,

398 181 509 245 eno
538 128 949 254 enormiorem
1144 138 1215 253 ..ιιι

41 332 121 409 liud
135 355 178 397 ex
188 358 239 411 ns,
259 358 343 416 qnae
353 335 471 411 obiicit,
490 337 636 427 queritur
648 337 731 412 Quis
751 350 853 401 autem
870 286 992 411 credat,
1002 357 1071 437 ειιιιι
1090 359 1200 409 ιιιιιι
1171 339 1215 397 se-

41 422 116 482 isse
136 420 285 497 iniuriam
287 423 360 499 illi,
378 423 431 502 qui
447 443 526 505 puer
543 445 567 483 a
575 435 660 521 patre
680 435 762 495 esset
769 423 923 501 relictus,
938 434 982 495 et:
987 423 1074 495 euius
1091 424 1217 515 faculta—
1268 475 1271 479 .

41 527 87 571 es
101 506 140 567 in
161 530 216 569 sua
234 530 341 568 mauu
353 507 488 581 haberet
495 520 600 581 tutor
608 507 783 576 institutus:
807 508 878 579 tibi
894 521 1012 581 autem,
1035 509 1089 590 qui
1105 506 1153 575 uir¹
1168 531 1218 571 re·
1224 528 1229 531 ·

41 598 147 669 ‚ctus
153 615 186 655 es
207 607 339 674 quatuor
357 606 388 652 et
386 593 512 693 viginti
530 607 617 666 natus
636 584 742 665 annos,
763 605 802 665 et,
818 593 850 657 si
858 615 924 672 qua
941 592 998 653 tibi
1016 594 1102 661 facta·
1111 596 1217 665 luisset

41 676 167 779 iniuria,
184 672 272 740 facile
290 680 372 739 ultro
391 679 492 749 statim
509 677 630 738 ultus
611 700 702 751 esses,
719 678 864 739 fecissci..
871 679 941 739 Non
960 701 1028 739 vera
1048 695 1119 741 sunt
1137 681 1216 742 haec.
1256 738 1258 745 .

41 748 117 823 Jt’
105 767 207 847 igitur
234 765 308 829 haec
329 782 406 825 vere
435 765 518 839 dici,
542 786 576 825 ac
600 763 677 832 nihil
696 764 797 843 queri
813 747 960 829 l‘asielem
978 779 1117 842 constet,
1146 788 1219 857 cape

41 846 125 915 llius
142 851 370 946 testimonium,
428 874 432 883 ·
802 884 805 890 ν
1271 854 1274 859 ’

425 994 838 1077 ιιιειιιιοιιιιιιι.
894 982 897 987 ⁴
965 980 987 989 '⁴

127 1106 247 1182 Quae
238 1105 333 1188 igitur
350 1106 381 1164 in
400 1083 538 1186 liegarde
557 1104 676 1167 actione
696 1104 781 1165 vobis
801 1070 1020 1169 consideranda
1038 1067 1125 1178 tunt,
1140 1107 1219 1171 haec

41 1185 119 1251 le
95 1214 147 1266 us,
165 1202 244 1271 quae
263 1183 429 1264 diximus,
421 1212 452 1248 ιιι
466 1210 642 1248 memorram
656 1205 817 1259 revocate.
835 1192 911 1266 Nos,
927 1192 1143 1267 Athenienses,
1160 1216 1210 1274 pu·-
1298 1230 1304 1240 ι

41 1275 115 1336 tatis
133 1275 322 1348 rationibus,
348 1289 557 1354 transactaque
581 1273 673 1335 locat‘
652 1288 735 1339 tione
753 1299 875 1348 mensae
895 1291 962 1337 eto
965 1279 1108 1353 sticidae,
1127 1284 1218 1359 atque
1267 1322 1278 1337 .

41 1360 230 1443 interposito
249 1361 396 1435 arbitrio,
405 1374 435 1420 et
452 1381 484 1419 re
504 1361 606 1423 denuo
623 1372 783 1444 transacta,
804 1383 860 1421 nec
877 1364 1127 1442 permittentibus,
1142 1365 1201 1448 leg'
1190 1390 1218 1431 t-

41 1444 113 1521 ltus,
133 1468 237 1517 earum
255 1469 376 1519 rerum,
391 1467 463 1525 quas
482 1434 575 1505 seniel
594 1447 796 1528 transegeris,
812 1446 960 1507 iudicium
978 1450 1117 1529 adipisci:
1136 1452 1219 1517 cnlu
1224 1489 1227 1493 ,

42 1532 183 1608 mpiante
202 1532 272 1591 isto.
283 1545 313 1609 et
331 1544 434 1591 contra
453 1530 535 1612 leges
554 1530 640 1590 litem
658 1532 852 1607 intendente,
870 1534 1136 1614 praescripsimus,
1154 1558 1217 1597 non
1259 1582 1263 1589 .

49 1617 223 1683 dandam*
197 1639 225 1678 er
244 1617 505 1693 esseactinuem„
529 1616 597 1678 Ut
588 1616 683 1698 igitur
699 1617 818 1690 sciatis,
844 1640 902 1698 qua
921 1619 960 1681 de-
976 1641 1009 1679 re
1021 1622 1218 1696 ,sententiam

48 1701 140 1763 laturi
157 1701 239 1775 sitis,
259 1715 290 1761 et
302 1702 356 1761 lex
373 1702 446 1772 llaec
459 1701 551 1763 uoltis
569 1701 704 1784 legetur,
732 1716 763 1763 et
781 1723 892 1762 eorum·
905 1705 1023 1771 deinde
1035 1707 1220 1778 testimonia,
1272 1773 1291 1786 Ι,

51 1787 113 1867 qui,
129 1786 307 1860 adfuerunt,
338 1809 406 1847 cum
436 1786 595 1858 locationis
623 1799 654 1848 et
678 1799 867 1851 caeterorum
896 1789 1056 1861 criminum
1068 1790 1240 1851 omnium'

47 1870 267 1943 Phormionem
291 1871 509 1953 Apollodorus
543 1871 720 1935 absolveret.
767 1869 862 1953 Cape
877 1872 1052 1988 testimonia
1084 1872 1172 1941 haec
1188 1890 1219 1936 et
1285 1938 1288 1943 ,

41 1955 156 2040 legem.
451 1982 455 1991 ·
614 1989 620 1999 ·

333 2094 756 2175 restruerem
805 2107 914 2189 rex
997 2102 1000 2109 ·

56 2242 60 2247 ·
130 2213 275 2287 Auditis,
301 2212 419 2273 edicere
438 2194 556 2293 legem,
581 2194 805 2309 Athenienses,
835 2224 1054 2287 tumeeetera,
1087 2186 1218 2314 ιιιιοιιιιιι

41 2299 125 2367 tetio
146 2322 212 2373 nen
231 2301 355 2381 detur,
361 2312 432 2358 tum
452 2318 575 2370 eorum,
607 2315 682 2377 quae
702 2295 768 2375 quis
786 2294 939 2373 remisepit
956 2311 1009 2357 aut
1025 2300 1220 2397 transegerit.

41 2385 167 2447 nerito
191 2385 310 2444 Nam
286 2407 312 2444 ιι
329 2385 445 2460 iustum
463 2395 517 2456 est,
526 2382 646 2462 quibus
665 2380 810 2479 derebus
829 2383 931 2447 semel
935 2382 1092 2451 iudicium
1105 2385 1219 2446 factum

41 2471 159 2570 uerit,
180 2493 229 2530 eas
247 2491 310 2541 ιιοιι
329 2470 419 2545 licere
435 2469 543 2546 denuo
560 2486 713 2532 revocare
720 2466 753 2527 in
765 2466 832 2543 ius:
857 2467 982 2547 multo
966 2469 1082 2539 ‚iustius
1102 2482 1162 2542 est,
1181 2471 1221 2529 de·

41 2555 104 2630 nis,
124 2576 204 2635 quac
224 2556 324 2615 decisa
342 2566 424 2627 suot,
443 2575 506 2613 ιιοιι
525 2540 595 2617 dare
613 2553 788 2617 actionem..
792 2555 891 2631 quod,
910 2575 964 2632 qur
955 2552 1061 2634 apud
1078 2574 1131 2621 vos
1150 2574 1219 2625 suc-

41 2640 167 2715 nubuit,
186 2640 286 2701 dicere
305 2641 432 2700 sortasse
442 2651 553 2741 queat,
569 2659 623 2698 vos
641 2637 735 2697 luisse
754 2634 906 2719 deceptos
921 2638 994 2719 Qui
1011 2658 1084 2699 vero
1103 2661 1135 2699 se
1153 2640 1220 2720 ipse
1247 2645 1288 2702 94

41 2727 156 2826 palum·
167 2726 399 2825 condemnavit,
425 2725 478 2805 qui
496 2723 632 2783 missum.
638 2721 727 2797 lecit,
746 2721 809 2800 qui
825 2724 986 2805 transegit:
1019 2725 1163 2823 quidnam
1181 2727 1219 2785 de

43 2812 214 2892 semetipso
235 2812 343 2890 queri,
370 2823 422 2871 aut
439 2830 529 2888 quam
549 2828 667 2869 causam
689 2806 809 2879 afferre
815 2807 930 2888 possit,
949 2829 1021 2873 cur
1033 2808 1099 2874 iure
1117 2811 1221 2871 denuo
1265 2838 1268 2843 ·
1294 2820 1298 2829 '

46 2896 277 2977 experiaturit
266 2896 385 2955 Nullam
404 2894 555 2955 nimirum
591 2891 800 2992 Quamobrem
816 2893 892 2976 legis
911 2893 1000 2955 huius
1018 2907 1142 2969 auctor,
1162 2916 1221 2994 qua

47 2982 230 3054 definitur,
247 3002 371 3060 quarum
390 3000 492 3045 rerum
512 2977 640 3069 experiri
658 2997 723 3037 ιιοιι
739 2977 847 3051 liccat,
880 2979 977 3060 prima
993 2979 1073 3040 lraec
1086 2980 1222 3060 scripsit.

50 3067 138 3143 Quae
160 3067 227 3146 quis
246 3064 364 3126 remisit
380 3078 434 3127 aut
449 3065 603 3146 transegit.
647 3062 734 3139 Quae
757 3064 887 3143 utraque
905 3063 971 3124 ab
961 3077 1021 3131 teto,
1039 3065 1116 3125 sacta
1135 3078 1222 3125 sunt:

50 3166 176 3213 namet
201 3151 318 3212 remisit
344 3163 374 3209 et
396 3150 577 3232 transegit
595 3150 644 3208 Me
661 3158 771 3221 antem
797 3169 866 3213 vera
894 3148 1029 3224 dicere,
1036 3150 1221 3223 testimoniis

52 3238 214 3318 probatum
233 3251 286 3297 est.
330 3232 410 3316 Cape
430 3247 460 3295 et
477 3237 574 3318 legem
595 3235 632 3301 de
650 3232 811 3313 praefinito
828 3246 975 3315 tempore.

473 3374 785 3463 1.er(.‘
852 3368 872 3377 ''

138 3493 201 3550 Lex
217 3490 360 3571 quidem,
378 3469 625 3587 Athenienses,
615 3501 657 3551 ita
674 3489 835 3591 perspicue
853 3456 969 3551 finivit
963 3458 1097 3569 tempus.
1125 3490 1224 3573 Apol-

55 3574 180 3637 lodorus
200 3588 318 3647 autem,
349 3574 434 3635 annis
449 3573 562 3655 elapsis
580 3565 709 3654 amplius
727 3574 852 3656 viginti,
881 3573 976 3656 pluris
989 3596 1010 3637 a
1029 3575 1116 3639 vobis
1134 3574 1226 3651 aesti-
1300 3565 1305 3580 ’

55 3683 128 3721 marr
119 3660 213 3721 vult
231 3660 410 3731 calumniam
428 3682 523 3737 suam,
541 3680 632 3738 quam
649 3659 742 3742 leges,
766 3660 933 3737 secundum
953 3681 1026 3738 quas
1045 3660 1135 3721 iurati
1151 3682 1224 3742 pro·
1227 3690 1230 3695 ·
1248 3688 1254 3705 ·

50 3746 209 3846 nuntiatis.
235 3746 333 3806 Decet
349 3758 450 3827 autem
468 3766 533 3819 vos,
552 3766 621 3805 cum
640 3741 820 3807 omnibus
796 3766 904 3825 parere
923 3743 1053 3826 legibus,
1070 3758 1135 3813 tum
1153 3746 1225 3806 huic

57 3830 212 3912 inprimis,
231 3851 320 3931 qnam
340 3828 453 3904 Solon,
477 3852 543 3910 mea
562 3826 725 3909 quidem
704 3830 865 3912 opinione,
887 3830 972 3909 haud
990 3830 1076 3891 aliam
1096 3831 1135 3895 ob
1155 3853 1225 3909 cau-

56 3938 117 3989 sam
135 3916 223 4000 tulit,
247 3914 307 3977 nisi
324 3928 359 3999 ut
376 3937 415 3976 ne
432 3937 486 3978 vos
491 3914 732 4015 deciperemini
773 3915 850 3993 Nam
869 3926 915 3988 et,
939 3914 964 3974 si
983 3936 1032 3977 cur
1023 3915 1126 3977 sacta
1145 3929 1227 3978 esset

55 4000 182 4076 iniuria,
206 4000 281 4065 satis
307 4021 386 4061 esse
382 4002 514 4081 ¹putavit
532 4001 775 4081 quinquennium
799 3988 836 4060 ad
862 3994 1070 4099 exigendum,
1086 4014 1116 4077 et
1140 4023 1225 4067 men-

56 4086 166 4149 tientes
193 4085 260 4169 ipso
285 4099 440 4167 tempore
452 4084 676 4157 evidentissime
685 4106 796 4169 posse
817 4085 966 4168 redargui.
1001 4084 1100 4147 Simul
1122 4086 1227 4162 etiam,
1289 4098 1294 4113 “

56 4186 218 4254 postquam
237 4192 300 4231 ιιοιι
318 4192 408 4267 posse
426 4172 493 4245 fieri
512 4172 605 4257 videt,
622 4185 658 4232 nt
676 4185 707 4234 et
725 4170 939 4233 contrahentes
958 4181 990 4229 et
1007 4182 1100 4233 testes
1115 4193 1227 4255 perpe

41 4271 110 4340 ,tuo
130 4259 253 4340 vivant,
261 4257 293 4358 ἰιι
313 4278 420 4341 eorum
436 4256 537 4341 locum
555 4238 633 4321 lianc
652 4258 750 4342 legem
770 4246 908 4331 suffecit,
923 4268 969 4321 ut
976 4254 1033 4330 his,
1052 4260 1130 4339 quac
1148 4257 1228 4327 dicta

57 4343 200 4416 suerunt,
206 4336 313 4429 testis
324 4356 403 4405 esset
408 4342 588 4435 aequitatis.
630 4343 739 4419 Miror
745 4342 918 4425 ειιιιιιιιιιιι
920 4336 1060 4420 lodices,
1080 4364 1228 4437 quaenam
