2722 4754
55 148 186 253 ·‘jaar
231 189 255 237 „
312 147 318 153 ’
415 108 771 259 uuuos'rnnurs
811 113 1001 225 οιιιιὸ

514 328 559 420 ’λ
617 326 798 423 nuces
845 335 902 349 ”

125 475 128 481 ’
211 480 327 538 Harum
351 477 455 558 legum
478 475 658 537 auctoritate
682 475 847 549 Antidoro,
862 476 898 537 de
922 477 1020 538 tribus
1048 474 1170 549 talentis
1194 473 1229 534 et'
1245 488 1290 535 ter
1316 513 1319 520 ·

61 566 99 626 14
127 563 211 627 mille
230 560 377 625 drachmis
396 559 475 620 intra
493 561 670 621 sexennium
690 582 725 620 cx
744 561 912 624 elocatione
931 585 980 622 sex
999 563 1113 622 talenta
1131 559 1242 640 ctplus
1255 580 1291 621 eu

39 671 52 737 ι’
125 640 331 710 sunttradita.
366 646 406 706 Et
424 644 646 725 haec=quidam
672 658 805 707 vestrum
830 646 979 710 viderunt.
1012 647 1089 706 Nam
1107 644 1293 727 Theogenes

125 730 330 817 Probalisius,
356 729 409 810 qui
420 731 551 789 'domum
578 732 643 790 eius
669 732 871 806 conduxerat,
884 724 928 790 ¹in
947 732 1014 792 foro
1038 730 1201 812 pecuniam
1218 726 1315 793 hanc.¹

30 852 33 857 v
58 824 63 829 '
92 889 94 892 y
125 812 342 879 annumeravit
378 813 454 885 Mihi
470 827 573 874 autem
593 815 629 876 de
649 817 879 895 quatuordecim
896 816 1021 879 talentis
1031 815 1122 876 annis
1141 813 1296 886 undecim,

60 917 80 965 ’,
108 901 152 967 ·si
172 913 203 960 et
219 899 365 1000 temporis
385 911 415 959 et
434 899 610 969 elocutionis
629 899 710 960 illius
728 898 806 960 ratio
824 900 986 978 habeatur,
1010 900 1103 981 triplo
1119 899 1191 979 plus
1210 919 1297 958 emo-

126 977 257 1059 iumenti
274 985 398 1044 nomine
413 976 567 1043 debuisset
573 983 736 1045 accedere:
755 985 814 1044 hoc
829 1006 902 1045 vero
916 1008 970 1045 cur
981 1006 1044 1045 non
1058 984 1206 1058 fecerit,'
1196 1004 1298 1064 ipsum

127 1070 321 1151 inteirogate.
341 1068 475 1127 '’Nam
450 1090 476 1127 ιι
495 1063 591 1155 dicet,
608 1069 793 1150 praestitisse
812 1060 961 1131 domum
955 1091 1019 1130 non
1037 1069 1181 1131 elocari:
1193 1080 1297 1128 osten

127 1157 195 1228 dat,
220 1170 298 1215 ιιοιι
306 1152 490 1233 duplicatum
509 1165 562 1214 aut
569 1149 762 1233 triplicatum
781 1175 846 1214 esse
864 1176 965 1214 meum
982 1154 1218 1237 patrimonium,
1240 1150 1321 1223 sed·

59 1292 62 1299 .
107 1235 223 1341 'ipsam
241 1238 385 1299 duntaxat
401 1251 528 1298 sortem
533 1238 682 1320 integram
700 1238 776 1298 mihi
794 1260 870 1299 esse
877 1240 1054 1301 restitutam.
1063 1239 1129 1299 Sin
1142 1240 1180 1309 de
1200 1237 1300 1296 talen-

46 1369 48 1371 >
125 1326 181 1386 ais
176 1306 414 1423 quatuordecim
434 1322 509 1382 mihi
526 1342 583 1391 nec
609 1325 799 1407 septuaginta
817 1324 913 1384 minas
939 1325 1155 1397 reddiderunt,
1184 1322 1301 1401 etipse

56 1438 57 1443 ¹
128 1430 177 1470 me
196 1409 322 1488 insuper
339 1407 397 1468 sibi
416 1406 574 1467 deberem
587 1408 703 1475 tabulas
722 1409 840 1485 retulit.
860 1423 945 1472 estne
960 1409 1134 1490 acciprenda
1144 1406 1232 1467 ulla
1223 1418 1302 1465 isto
1340 1408 1345 1417 '

105 1516 197 1559 ,rum
216 1493 389 1554 excusatio?
424 1491 549 1554 Minime
567 1494 712 1579 gentium.
745 1480 850 1574 ltaque
869 1517 937 1564 cum
962 1493 1036 1552 mihi
1061 1492 1181 1553 tantum
1206 1489 1303 1590 patri-

100 1596 102 1600 ’
129 1577 267 1653 monium
281 1566 426 1637 relictum
443 1574 557 1676 fuerit,
570 1591 716 1658 quantum
733 1578 883 1660 principio
898 1577 1072 1651 audivistis,
1101 1590 1217 1637 etcum
1233 1575 1302 1636 eius
1328 1574 1334 1587 '

130 1663 219 1726 tertia
218 1684 305 1751 pars
325 1662 543 1744 quinquaginta
561 1663 666 1723 minas
674 1664 806 1723 reditum
823 1664 916 1737 ferat,
944 1662 1079 1743 quamvis
1097 1659 1233 1721 liceret'
1223 1657 1301 1733 retis,

96 1782 98 1786 =
131 1769 263 1830 quorum
283 1747 429 1847 cupiditas
455 1747 575 1825 infinita
593 1761 639 1808 est
656 1760 746 1828 atque
771 1747 990 1821 insatiabilis,
988 1770 1018 1807 ιι
1009 1746 1154 1806 'elocare
1175 1747 1301 1805 domum

41 1869 44 1889 ι
66 1838 75 1852 “
96 1835 115 1906 J
130 1823 341 1907 uoluissent,
342 1832 461 1897 existis
487 1831 635 1897 reditibus
653 1829 760 1915 (nulla
774 1853 808 1892 re
834 1847 915 1894 mota
935 1846 987 1893 aut
1012 1829 1140 1914 mutata)
1158 1843 1225 1899 tum
1243 1849 1302 1889 nos
1341 1831 1345 1836 ’

131 1920 222 1991 alere,
241 1910 306 1987 ιιῖιιι
323 1916 446 1999 publica
464 1915 550 1977 obire
568 1934 703 1991 munera,
722 1930 761 1992 et,
780 1912 856 1996 quae
873 1939 908 1978 ex
923 1918 965 1978 eis
984 1918 1173 1997 accederent,
1192 1936 1226 1974 ea
1243 1912 1303 1973 sal·
1311 1939 1334 1969 ‚¹

106 2008 113 2029 ‘
132 2016 195 2071 tem
214 2003 251 2060 ad
269 2002 424 2062 cumulum
442 2001 581 2076 adiicere,
600 2023 673 2082 opes
693 2015 794 2062 autem
808 2003 950 2091 reliquas,
969 2023 1045 2083 quae
1060 2001 1107 2060 his
1122 2000 1214 2081 duplo
1229 2011 1305 2058 sunt

47 2092 53 2101 “
133 2087 280 2188 maiores,
299 2085 339 2155 ita
356 2085 555 2159 distribuere,
574 2107 612 2145 ne
632 2100 733 2146 essent
750 2088 890 2169 ignavae,
909 2089 964 2147 sed
982 2099 1200 2186 quaestuosae,
1214 2096 1255 2145 ιιι
1271 2095 1304 2143 ιι

131 2173 192 2252 ipsi
184 2170 375 2252 '(siquidem
394 2170 558 2251 cupiditate
582 2171 742 2251 pecuniae
733 2169 954 2254 urgebantur)
971 2169 1136 2231 mediocria
1162 2169 1234 2228 inde
1254 2189 1305 2227 ac-

102 2284 110 2293 ¹
135 2254 296 2336 cepissent,
313 2255 450 2335 mihique
469 2277 537 2316 cum
551 2269 632 2316 sorte
648 2276 683 2315 en
694 2256 843 2316 reditibus
856 2277 920 2315 rem
938 2256 1117 2315 familiarem
1134 2253 1306 2314 auxissent.

135 2341 246 2402 horum
264 2339 340 2398 nibil
356 2340 507 2412 fecerunt,
525 2340 578 2399 sed
598 2340 719 2420 optimis
738 2341 894 2429 mancipiis
912 2341 1043 2400 intense
1062 2338 1237 2411 divenditis,
1256 2358 1305 2397 re-

135 2424 227 2505 liquis
248 2443 263 2480 e
282 2423 384 2491 me'dio
407 2422 552 2497 sublatis,
577 2445 660 2484 meos
680 2424 769 2484 etiam
794 2438 911 2485 veteres
937 2426 1052 2485 reditus
1080 2426 1308 2495 destruxerunt,

111 2508 337 2608 ssibimetipsis
350 2529 413 2567 non
431 2508 599 2573 mediocres
617 2511 655 2568 de
669 2530 737 2569 meo
756 2523 974 2609 compararunt
1010 2512 1081 2583 lam,
1099 2529 1168 2569 cum
1187 2519 1311 2568 caetera
1333 2573 1337 2579 ,

138 2593 239 2657 omnia
256 2592 387 2683 turpiter
404 2593 479 2653 adeo
499 2590 649 2673 ceperint,
676 2595 878 2654 communiter
895 2594 1068 2677 ambigunt,
1092 2595 1160 2675 plus
1181 2583 1311 2652 dimidia

71 2696 72 2700 ’
137 2677 284 2760 pecuniae
309 2691 394 2782 parte
412 2676 487 2737 mihi
504 2699 543 2737 nc
567 2678 706 2738 relictum
734 2678 856 2778 quidem
875 2701 956 2740 esse:
981 2680 1036 2739 sed
1052 2692 1197 2758 tanquam
1215 2677 1311 2756 quin

63 2776 71 2787 ’
131 2778 215 2847 'que
216 2759 363 2822 talentdm
382 2763 525 2823 duntaxat
543 2762 604 2823 sint
623 2784 704 2843 opes,
723 2763 766 2823 sic
784 2764 917 2825 rationes
936 2765 1012 2824 de”
992 2786 1028 2824 ns
1046 2765 1227 2824 retulerunt.
1266 2764 1312 2819 lta

137 2838 254 2909 redii'us
274 2868 309 2907 ex
328 2847 370 2907 eis
389 2847 491 2925 nullos
518 2848 715 2921 ostendunt,
727 2867 833 2927 neque
852 2863 973 2910 sortem.
992 2849 1150 2933 manifeste
1178 2849 1310 2907 demon-

31 2989 34 2992 .
102 2938 105 2943 ⁴
137 2944 249 2999 strant.
268 2931 349 2991 sed
340 2955 404 3012 apsa
421 2930 546 3012 praedia
555 2945 615 2991 tam
630 2933 833 3012 impudenter
841 2935 981 3000 absumta
947 2928 1061 3000 tesse
1080 2934 1227 2993 dictitant
1245 2930 1310 2990 Ne-

119 3012 200 3097 ⁵que
218 3015 308 3076 huius
328 3037 380 3077 eos
398 3015 539 3079 audaciae
558 3019 660 3097 pudet
694 3017 875 3094 Enimvero,
903 3019 976 3099 quid
994 3019 1069 3077 milri
1088 3013 1308 3087 accidisset,
1281 3036 1310 3073 sa

138 3100 204 3173 sub
215 3121 322 3181 eorum
337 3101 434 3178 tutela
461 3101 585 3172 fuissem
611 3101 742 3201 diritius,
770 3102 802 3161 id
820 3123 858 3162 ne
878 3103 977 3162 dicere
1005 3104 1128 3181 quidem
1152 3111 1312 3182 poterunt„

139 3187 216 3247 Nam
236 3207 303 3245 cum
329 3174 434 3246 decem
458 3185 545 3271 annis
571 3186 740 3266 praeteritis
768 3186 805 3246 ab
831 3187 906 3247 aliis
921 3200 982 3246 tam
1009 3209 1103 3268 pauca
1128 3184 1315 3265 receperim,

58 3280 62 3291 ¹
89 3304 116 3321 »ι
139 3270 192 3330 isti
210 3270 300 3330 etiam
319 3270 473 3332 debere'
449 3293 505 3330 sun
523 3270 705 3352 inscriptus·
724 3274 826 3331 annon
844 3271 996 3371 indignari
1015 3272 1135 3332 debeo?
1172 3269 1312 3329 Omnino

132 3355 255 3424 clarum
274 3368 337 3428 est,
355 3376 413 3430 me,
432 3378 457 3415 st
449 3355 634 3415 anniculus
652 3356 775 3427 relictus
794 3357 879 3415 sub
870 3352 997 3416 1storuin
1014 3359 1110 3416 tutela
1125 3354 1314 3419 sexennium

26 3450 32 3459 ’
56 3437 72 3489 ζ’
133 3439 240 3502 ‚adhuc
258 3437 404 3513 fuissem,
410 3460 468 3502 nec
485 3441 541 3500 ista
560 3441 667 3523 exigua
684 3440 764 3500 ab
738 3441 779 3499 ers
787 3441 892 3516 fuisse
910 3455 1110 3541 recepturum.
1128 3439 1243 3499 Nam
1218 3455 1251 3496 ιι
1259 3450 1315 3495 su-

115 3525 271 3606 perfora
274 3537 361 3590 ιιιιι
380 3522 537 3586 consumta
555 3539 641 3585 sunt:
669 3524 744 3584 nihil
763 3544 799 3582 ex
817 3524 881 3600 his,
900 3548 976 3606 quae
994 3527 1114 3606 recepi,
1140 3535 1261 3584 sextum
1279 3519 1315 3579 in

75 3615 116 3670 15
143 3628 256 3671 annum
281 3587 469 3685 suffecisset,
492 3611 546 3673 sed
564 3631 613 3671 me
638 3611 686 3670 vel
712 3609 856 3670 aluissent
874 3611 912 3670 dc
931 3632 1005 3684 suo,
1031 3612 1080 3670 vel
1106 3611 1185 3669 fame
1209 3605 1315 3688 perire

94 3714 99 3722 ·
142 3695 222 3777 passi
241 3708 349 3755 essent
385 3694 435 3763 nn
453 3715 539 3756 vero
544 3695 675 3799 graviter
692 3696 850 3773 ferendum
869 3716 932 3754 non
952 3709 1006 3769 est,
1024 3695 1153 3754 aliorum
1172 3690 1334 3763 familias,'

106 3779 191 3861 „vel
208 3782 299 3850 unius
316 3781 366 3840 vel
384 3777 488 3841 binium
507 3776 653 3841 talentitm
671 3780 809 3854 relictas,
828 3780 996 3841 elocatione
1017 3780 1183 3859 duplicatas
1200 3797 1267 3838 esse
1284 3786 1318 3834 et

41 3932 47 3939 ‚
110 3860 119 3869 ”
141 3865 318 3945 triplicatas',
336 3877 371 3924 ut
388 3865 447 3925 iam
465 3886 589 3925 munera
606 3863 727 3944 publica
745 3858 807 3923 sirit
824 3863 981 3925 obeunda:
1003 3885 1098 3923 meam
1118 3883 1204 3937 vero,
1223 3861 1316 3922 trire-
1337 3888 1340 3892 ·

144 3969 207 4011 mes
226 3949 388 4031 instituere
404 3963 448 4009 et
446 3971 559 4031 magna
583 3949 696 4010 tributa
714 3949 847 4029 pendere
866 3949 1023 4022 solitam,'
1014 3971 1072 4011 ram
1089 3945 1219 4029 propter
1236 3946 1317 4005 isto-

144 4055 212 4104 rum
224 4024 447 4114 impudentiam
465 4056 529 4097 nec
539 4035 662 4120 minima
679 4054 769 4114 posse
788 4034 957 4102 sustinere?
992 4034 1085 4109 Quod
1103 4033 1228 4092 tandem
1247 4050 1317 4090 sce-

41 4162 47 4171 ,
145 4119 192 4177 lus
212 4118 271 4176 dici
287 4130 408 4198 potest,
426 4119 551 4205 quod
526 4112 708 4179 intentatum
725 4117 998 4198 istimeliquemnt,
1024 4117 1090 4196 qui
1087 4139 1128 4178 se
1146 4121 1316 4177 testamen·
1339 4180 1342 4186 ,

146 4202 211 4263 tum
231 4203 304 4262 clam
322 4204 491 4263 abolituros
510 4196 683 4284 sperarint,
710 4216 740 4262 et
757 4223 842 4265 suam
859 4224 924 4266 rem
947 4203 1125 4263 familiarem
1151 4203 1318 4262 usufructu

75 4305 79 4312 ’
104 4325 110 4337 1
147 4298 268 4346 nostrae
283 4287 473 4360 stabilierint,
489 4301 519 4349 et
532 4309 584 4349 sua
599 4289 636 4348 de
651 4307 719 4374 meo
735 4287 915 4367 patrimonia
931 4286 1212 4368 collocupletarint:
1230 4305 1317 4360 meae
