2722 4754
405 214 413 236 ’·
505 231 568 290 ιιι
602 227 877 351 ΗΑιοΝΕιο
1182 242 1223 322 ιι
1314 199 1318 204 ’

88 391 207 448 munta
222 398 378 462 perquam
394 332 489 445 vilis
479 395 559 443 mest
584 382 749 457 elocutio,
760 397 791 456 et
807 384 945 464 ineptum
971 396 1019 446 est
1043 387 1222 462 existimare,

89 469 191 533 honines
206 463 239 524 in
256 469 454 567 temporibus
473 467 584 528 babere
602 469 767 528 ιιιιιιιιιιιι
793 468 895 568 Atque
914 470 991 531 adeo
1007 482 1125 532 veteres
1143 493 1223 551 quo-

90 551 217 638 qeebanc
230 552 414 623 orationem-
424 563 486 613 bon
503 554 569 612 esse
585 553 685 613 nostri
702 553 840 629 oratoris,
858 554 1017 655 suspicati·
1018 569 1103 616 sunt:
1122 569 1154 616 et
1167 558 1221 617 de·
1308 562 1312 569 “

90 635 239 738 prehendere
259 636 401 715 quidam,
417 658 481 697 esse
496 658 560 697 eam
576 637 751 720 Hegesippi,
769 638 865 699 forma
883 640 1034 709 sermonis
1049 640 1221 701 considera-

73 770 76 775 .
92 739 151 787 ιιιι
132 718 235 781 neuim
248 721 305 780 tali
315 738 394 782 usus
411 720 470 805 ιιι)
485 735 516 781 et
529 722 644 782 rebus
634 723 714 802 ipsis.
732 723 808 781 Nam
824 722 914 781 huius
933 725 1078 783 orationis
1092 725 1223 806 scriptor

94 803 268 884 ,cippum
281 805 499 866 Paeaniensem
511 807 689 867 violatarum
703 807 805 888 legum
818 825 903 865 reum
906 807 1025 867 ιιιίιιι
1040 808 1119 869 dicit
1138 807 1221 870 Con·
1229 805 1251 844 ’·
1277 831 1279 836 ·

93 901 244 964 tutantem,
264 885 436 972 Callippum
449 912 522 951 non
535 912 551 951 a
567 891 792 963 Demosthene,
809 892 863 951 sed
881 891 918 950 ab
936 891 1111 974 Hegesippo
1127 894 1222 955 luisse
1316 890 1319 899 ¹

89 985 231 1038 uersatum.
266 973 379 1055 Atqui,
399 977 476 1034 dicat
494 975 620 1055 aliquis,
639 975 713 1035 baec
732 978 829 1036 oratio
848 978 955 1036 suadet
971 976 1222 1077 Atheniensibus,

85 1074 110 1122 ιι
121 1058 295 1119 Halouesum'
311 1081 376 1119 non
394 1059 549 1140 accipiant,
571 1062 624 1120 sed
642 1061 798 1140 recipiant,
817 1074 848 1120 et
866 1061 1069 1121 controversia
1087 1062 1221 1121 nominis

84 1155 232 1223 torquetur:
259 1143 427 1204 Aeschines
453 1157 552 1204 autem
576 1145 650 1205 haec
668 1145 906 1206 Demosthenem
932 1145 1137 1206 cousuluisse
1147 1144 1222 1207 dicit

23 1244 28 1297 ι,
81 1226 301 1289 Atheniensibus.
328 1229 412 1302 Quid
428 1242 493 1288 tum
512 1231 637 1310 postea?
663 1230 748 1290 Nihil
766 1231 846 1289 enim
864 1230 1021 1310 prohibet,
1040 1250 1101 1309 quo
1116 1229 1220 1293 minus

69 1313 146 1373 'idem
161 1312 320 1371 consilium·
332 1325 364 1371 et
376 1314 598 1374 Demosthenes
617 1328 648 1375 et
661 1317 852 1396 Hegesippus
868 1314 1107 1376 Atheniensibus
1125 1315 1218 1379 dede-

79 1398 137 1463 rint
163 1397 232 1457 Na‘nr
250 1409 282 1455 et
296 1389 414 1477 alioqui
431 1398 539 1458 idem
529 1422 562 1458 ιιι
587 1400 741 1480 republica
759 1398 891 1481 gerenda
917 1398 1089 1459 institutum
1107 1418 1217 1499 seque-
1235 1395 1276 1453 50

79 1482 176 1555 bantur,
189 1494 223 1540 et
239 1482 410 1542 oratoribus
426 1482 559 1564 Philippi
577 1485 721 1545 studiosis
739 1484 976 1567 adversabantur.
995 1483 1162 1543 Meminit
1152 1503 1218 1563 tpse

78 1567 150 1625 etiam
163 1566 381 1626 Demosthenes
397 1567 571 1667 Hegesoippi,
589 1581 625 1629 ut
638 1568 771 1669 collegae
787 1569 834 1628 sui
849 1569 880 1627 in
897 1567 1037 1627 obeunda
1055 1567 1251 1649 legatione,

76 1649 277 1730 qnildacedoni
291 1671 324 1723 se
339 1653 523 1731 opposuerit.
540 1654 762 1734 Perspicuum
746 1653 917 1739 igiturest,
936 1656 1030 1730 quum
1044 1652 1142 1711 oratio
1154 1653 1218 1712 De:

74 1735 220 1811 n'ostbenis
238 1735 276 1793 de
295 1709 466 1794 ιιιιοιιιιο
475 1737 576 1796 habita
601 1758 665 1801 uon
692 1750 821 1808 extaret,
846 1736 912 1795 sed
917 1735 1073 1815 periisset·
1098 1735 1217 1815 aliquos

75 1838 135 1895 eam,
151 1839 224 1900 quae
241 1819 363 1887 iuventa
381 1832 436 1894 est,
454 1820 500 1880 illi
516 1821 669 1895 tribuisse,
686 1820 742 1881 hac
760 1824 846 1881 dere
865 1821 983 1891 ductos,
1002 1819 1090 1898 quod
1101 1820 1217 1880 Demo-

74 1903 177 1964 sthenes
196 1904 362 1964 oratiouem
381 1904 418 1963 de
436 1906 591 1965 Haloneso
609 1904 776 1980 habuisset:
801 1918 905 1982 neque
919 1915 1066 1962 scrutatos
1085 1923 1151 1963 csse
1168 1903 1221 1963 di-'

74 1989 208 2071 ligentius,
224 2010 263 2049 an
279 1988 353 2048 baec
371 2009 437 2048 esse
454 1991 609 2050 rideretur
626 1990 676 2049 illa
693 1992 803 2071 scripta
820 2008 963 2070 pereum
982 1987 1088 2048 oratio.
1135 2016 1138 2022 ·

418 2132 574 2144 „...-.---
609 2144 614 2153 Ι

71 2204 206 2294 ιιιίιιίιιιι
208 2237 457 2310 committendum
485 2251 548 2311 est,
573 2236 795 2310 Athenienses,
819 2250 854 2296 ut
878 2250 1004 2317 propter
1021 2256 1071 2296 ea·
1080 2232 1216 2309 crimina,

72 2341 138 2400 quae
152 2306 344 2401 Philippus‘'
322 2345 370 2396 us,
390 2323 441 2402 qui
459 2322 506 2382 ius
526 2334 557 2382 et
573 2344 691 2382 causam
708 2335 837 2381 vestram
855 2321 1044 2394 defendunt,
1054 2319 1214 2419 obiicit,a

23 2442 40 2479 ,-
71 2406 157 2466 dando
173 2405 256 2465 vobis
274 2407 344 2466 utili
363 2407 490 2467 consilio
509 2406 730 2490 prohibeamur.
747 2407 818 2466 Non
836 2406 995 2465 ferendum
1014 2404 1095 2465 enim
1111 2405 1215 2483 fuerit,
1245 2460 1250 2466 .

70 2489 155 2550 missis
171 2490 206 2549 ab
223 2510 261 2549 eo
280 2490 376 2551 literis
410 2492 504 2551 libere
527 2513 586 2572 pro
613 2491 762 2551 concione
788 2490 909 2550 dicendi
933 2490 1107 2550 facultatem
1124 2488 1213 2548 nobis

71 2574 144 2656 eripi
159 2575 221 2655 Ego
237 2595 321 2649 vero,
338 2575 552 2649 Athenienses,
570 2577 699 2656 primum
719 2596 763 2647 ea,
781 2575 942 2654 dequibus
960 2573 1081 2654 scripsit
1096 2572 1213 2654 Philip·
1264 2620 1268 2628 .

69 2680 128 2739 pus,
145 2659 243 2718 ordine
260 2681 448 2740 percurram:
466 2674 545 2741 post,
564 2661 673 2740 quibus
692 2659 730 2719 de
743 2659 834 2719 rebus
852 2660 943 2720 verba
960 2659 1052 2741 legati
1065 2657 1215 2732 lecerunt,

70 2756 101 2802 et
115 2743 168 2822 ipsi
183 2743 318 2806 dicemus.
353 2745 511 2825 Philippus
529 2745 701 2825 auspicatur
718 2743 754 2802 ab
772 2745 944 2819 Haloneso,
964 2762 1101 2821 eamque,
1119 2763 1213 2821 quum

68 2828 183 2900 suasit,
209 2849 240 2889 se
256 2830 340 2888 vobis
359 2831 472 2889 donare
492 2830 579 2889 dicit:
608 2850 663 2889 ros
681 2848 754 2888 vero
772 2827 838 2886 iure
857 2849 921 2891 eam
946 2838 1085 2906 repetere
1109 2837 1214 2906 negat,

68 2933 156 3010 quam,
172 2912 240 2971 dum
256 2927 354 2974 vestra
373 2927 461 2991 esset,
478 2934 578 2994 neque
597 2914 720 2995 ceperit,
737 2933 837 2992 neque
856 2933 938 2971 nunc
955 2923 1070 2972 ιιιιιιι.
1087 2909 1139 2970 Ad
1155 2930 1213 2970 nos
1245 2918 1257 2933 ⁸

69 2996 155 3070 etiam,
168 3019 258 3076 quum
271 2999 374 3081 apud
365 3022 464 3082 rpsum
478 2999 629 3082 legatione
644 2999 858 3085 fungeremur,
861 2998 899 3056 ad
912 2996 995 3055 hunc
1005 2996 1131 3063 modum
1144 3002 1212 3056 ver-

41 3151 46 3157 ,
69 3080 101 3139 ba
115 3081 195 3140 ιιιὶιι
218 3082 258 3143 Se
275 3084 404 3144 insulam
427 3084 504 3167 banc
531 3083 699 3144 latronibus
727 3095 858 3162 ereptam
873 3100 1054 3160 o-ctcupasse
1081 3097 1212 3158 aequum

70 3185 125 3223 esse
139 3165 244 3248 igitur,
260 3182 298 3229 ut
315 3189 349 3228 ea
368 3190 421 3229 sua
439 3170 485 3229 sit
519 3169 627 3248 Neque
644 3173 717 3228 re'ro
737 3167 859 3226 difficile
878 3177 941 3239 est,
958 3165 1036 3224 banc
1052 3164 1212 3235 rationem,

69 3270 149 3328 quum
163 3271 256 3330 aequa
272 3273 338 3313 non
357 3255 405 3328 sit,
424 3254 453 3314 ei
469 3267 656 3333 extorquere.
676 3251 789 3312 Omnes
803 3251 884 3311 enim
902 3250 1034 3311 latrones
1050 3248 1148 3309 aliena
1163 3247 1210 3308 lo-

69 3354 98 3392 ca
112 3349 267 3417 occupant,
285 3358 381 3418 eaque
398 3340 550 3411 muniunt,
566 3351 604 3398 ut
619 3338 691 3397 iude
708 3337 784 3397 alios
802 3332 954 3396 infestent
987 3333 1123 3409 Quod
1097 3354 1127 3393 ιι
1139 3332 1211 3432 quis

69 3419 182 3480 latrones
197 3421 281 3482 ultus
297 3423 391 3483 fuerit
408 3437 439 3483 et
455 3424 624 3523 superarit:
653 3420 718 3481 non
735 3439 806 3482 sane
822 3419 977 3504 probanda
995 3419 1092 3493 dicat,
1120 3417 1149 3477 si
1165 3416 1209 3476 vi-
1253 3489 1265 3503 „
1291 3466 1298 3476 .

70 3502 127 3562 deri
139 3505 221 3580 velit,
241 3527 286 3582 ea,
304 3529 380 3587 quae
399 3509 444 3568 illi
461 3530 516 3591 per
533 3508 673 3567 iniuriam
691 3506 757 3569 aliis
776 3518 879 3586 erepta
902 3517 1046 3578 tenuere,
1064 3524 1118 3563 sua
1135 3500 1209 3562 lieri.
1228 3500 1231 3509 ’

66 3588 169 3646 Nam
148 3613 169 3649 ιι
185 3591 259 3651 baec
276 3593 459 3666 concedetis,
478 3593 552 3673 quid
568 3591 770 3673 probibet,
745 3613 771 3653 ιι
789 3611 879 3691 quem
897 3588 945 3648 vel
962 3587 1081 3648 Atticae
1097 3589 1210 3658 locum,

66 3673 104 3731 vel
119 3675 229 3750 Lemni,
245 3678 294 3737 vel
310 3677 412 3750 lmbri,
428 3679 476 3738 vel
491 3679 588 3760 scyri,
605 3678 773 3758 praedones
791 3674 965 3746 invaserint,
984 3686 1014 3733 et
1030 3671 1128 3757 aliqui
1140 3691 1209 3732 eos-

65 3757 123 3816 dem
138 3761 223 3821 armis
243 3758 422 3842 expulerint,
442 3763 515 3842 quin
534 3762 634 3823 statim
651 3762 676 3821 is
696 3781 818 3841 quoque
836 3757 961 3831 locus,
951 3781 984 3818 ιιι
1001 3777 1063 3853 quo
1081 3758 1210 3838 praedo

64 3861 108 3901 nes
123 3842 249 3920 fueraut,
267 3869 361 3925 quum
378 3860 479 3907 vester
496 3847 550 3921 sit,
568 3847 691 3908 illorum
708 3847 776 3917 liat,
795 3867 848 3925 qur
839 3844 998 3905 latrones
1016 3834 1226 3928 depulerint?

62 3926 204 4070 ιιιιιιιιιι
222 3943 324 3991 autem
342 3953 405 3992 nou
422 3933 552 4015 ignorat,
569 3932 679 4004 iniusta
697 3952 762 3992 esse
781 3951 826 4004 ea,
842 3949 919 4010 quae
938 3928 1023 3989 dicit:
1042 3928 1101 3987 sed
1109 3947 1207 4006 quum
1226 3929 1279 3992 51Δ

61 4009 86 4070 id
94 4015 209 4114 optime
226 4016 321 4088 norit,
337 4016 439 4077 fucum
457 4017 544 4077 vobis
557 4036 651 4117 posse
667 4018 734 4076 {ieri
752 4028 852 4096 sperat
867 4034 923 4095 per
940 4033 1002 4085 eos,
1021 4011 1073 4090 qni
1092 4032 1211 4100 causam

60 4096 141 4176 ipsius
157 4099 200 4160 ita
218 4100 270 4160 bic
288 4102 383 4165 acturi
401 4115 486 4175 sunt,
502 4114 539 4161 ut
555 4101 620 4181 ipse
637 4101 718 4174 vult,
744 4101 857 4181 quique
875 4099 906 4159 id
924 4111 956 4157 et
973 4109 1042 4156 ante
1060 4095 1208 4177 promise-

58 4194 128 4256 runt,
144 4195 176 4244 et
189 4203 279 4244 nunc
295 4185 383 4245 etiam
401 4200 501 4268 agunt
518 4187 676 4246 Praeterea
690 4204 747 4245 nec
759 4185 819 4244 boc
836 4205 904 4244 eum
923 4180 1066 4262 praeterit
1082 4180 1209 4251 scilicet,
1277 4204 1279 4208 ’

58 4286 103 4347 per
117 4265 287 4371 utrumque
310 4291 439 4373 nomen,
464 4284 535 4331 utro
553 4272 599 4332 uti
617 4271 797 4342 malueritis,
822 4289 877 4329 vos
894 4265 1022 4337 insulam
1040 4266 1209 4365 babituros,

56 4351 108 4413 tite
122 4353 299 4437 accipiatis,
315 4354 382 4429 site
393 4354 550 4437 recipiatis.
585 4355 696 4432 Quid
686 4357 781 4438 egitur
798 4374 866 4414 ιιιιιι
884 4365 1002 4426 movet,
1028 4373 1091 4432 quo
1108 4351 1208 4411 minus
