2722 4754
383 126 889 276 ,inversusnnimn‘
957 241 968 263 ,¹
1124 145 1219 245 'ass
1285 263 1287 266 y

67 331 131 416 reri,
144 350 173 411 et
188 338 282 398 istum
300 339 382 398 adeo'
395 356 458 396 non
476 332 610 410 nossem,
627 330 744 410 ut'nec,
761 356 799 395 an
817 349 913 397 natur
926 336 1142 411 esset,'scirem
1159 333 1249 419 (at-ax
1269 413 1273 417 ι

69 451 119 514 que
133 423 243 486 utinam
260 443 302 482 ne
317 423 398 483 nunc
416 420 539 501 quidem
558 418 713 504 nossem),
730 433 815 494 tum,
841 421 1101 483 cum‘mibiactio
1121 422 1219 483 danda
1284 496 1290 507 Ι

71 519 136 579 ciaet
148 510 179 570 iu
195 506 277 568 diem
302 507 428 569 circiter
438 518 579 586 quartum
604 518 658 566 aut
674 504 835 586 quintum,
859 507 1006 588 impetum
1029 506 1169 569 lecerunt
1185 506 1219 568 in

73 602 143 666 aedes
165 587 244 652 meas
272 592 358 653 istius
382 591 476 651 frater
494 605 526 651 et
542 591 618 669 iste,
640 589 834 652 trierarchiae
854 593 981 663 'nomine
1001 615 1074 674 opes
1099 589 1219 655 mecum

59 677 253 774 peruenturi
288 676 335 738 Ae
353 697 467 737 nomen
486 676 609 758 quidem
627 676 679 736 ille
698 672 953 750 accommodabat,
977 691 1010 738 et
1027 693 1092 739 erat
1108 679 1144 753 is,
1158 677 1220 760 qui
1261 754 1264 764 Ι

75 769 137 857 ,per
144 765 341 847 permutaret,
357 765 385 846 ,T
386 762 600 846 hrasyloch‘us:
624 782 673 822 res
691 782 764 822 vero
782 762 848 842 ipsa
866 775 897 821 et
914 761 1007 822 totius
1027 764 1073 822 rei
1090 760 1221 825 adminiss
1250 830 1253 834 ,

76 854 156 923 ,meio
172 849 257 909 istius
277 861 349 908 erat
393 850 439 907 Ac
456 847 592 928 primum·
604 847 686 908 fores
705 847 836 921 aedium,
851 859 887 907 ut
905 867 982 928 quae
1000 847 1059 908 iam
1078 850 1126 909 sui
1140 850 1217 911 iuris

75 941 166 1008 ratione
182 930 415 1016 permutationis
433 933 529 992 factae
548 946 677 1007 essent,
690 933 883 994 diffiderunt:
912 926 1023 992 delinde
1042 955 1111 993 cum
1130 956 1220 996 soror

76 1033 142 1093 ,fian
157 1031 304 1080 meatum
322 1018 405 1079 intus
424 1032 513 1093 esset,
531 1018 631 1101 puella
648 1017 758 1094 adbuc,
776 1039 877 1078 coram
894 1018 1072 1102 virguncula
1089 1019 1222 1080 obscoe-‹
1271 1040 1274 1045 ·

76 1139 104 1186 ua
115 1105 197 1171 locuti
213 1116 287 1164 sunt
306 1117 337 1164 et
354 1103 443 1178 talia,
472 1105 572 1184 qualia
597 1103 629 1164 id
648 1125 745 1187 genus
761 1102 928 1164 ‘bominum
947 1103 1027 1165 solet
1044 1102 1217 1186 (necssenim
1279 1177 1283 1185 ἱ

75 1219 118 1287 ego
132 1186 172 1254 me
188 1211 323 1270 unquam
339 1190 457 1250 xadduci
474 1190 588 1263 sinam,
614 1203 649 1250 ut
667 1190 829 1270 quicquam
847 1198 912 1249 tum
931 1190 1046 1250 dictum
1063 1192 1144 1270 apud
1162 1211 1218 1252 vos

74 1274 196 1360 referam),
216 1296 251 1335 ac
270 1287 397 1355 matrem
416 1289 447 1335 et
466 1296 571 1335 omnes
590 1296 647 1334 nos
665 1275 762 1354 fandis
782 1289 814 1336 et
830 1274 963 1334 infandis
981 1275 1125 1336 conviciis
1144 1298 1232 1358 pro-⁴

75 1354 205 1433 ,ciderunt
241 1360 336 1435 Quod
354 1381 428 1421 vero
446 1360 655 1443 gravissimum
674 1373 730 1433 est,
749 1372 779 1438 et
797 1359 856 1421 iam
874 1360 1082 1434 nondictum,
1100 1363 1155 1423 sed
1172 1364 1217 1423 fa-

77 1471 151 1519 ctam:
171 1445 255 1527 quasi
273 1468 364 1506 suum
388 1443 549 1528 negotium
575 1457 732 1528 ageretur,
759 1459 877 1506 tutores
903 1445 1018 1507 iudicio
1041 1445 1217 1522 liberarunt

73 1544 150 1608 llaec,
171 1545 498 1612 quamquam-vetera,
525 1533 672 1613 quosdam
697 1543 799 1591 tamen
825 1552 842 1591 e
868 1531 955 1592 vobis
975 1533 1216 1616 recordarifpu-
1259 1569 1262 1573 ·

72 1642 110 1688 ro:
133 1631 188 1682 tota
202 1616 286 1677 enim
302 1617 415 1677 civitas
440 1617 522 1676 illam
547 1617 822 1698 permutationem,
850 1629 881 1677 et
898 1617 1150 1700 illius-temporis
1168 1618 1216 1680 iri-
1244 1690 1249 1694 ⁴

72 1708 155 1779 ridin,
178 1703 423 1785 et--petulantiam
439 1703 568 1763 istorum
588 1702 740 1785 cognovit·
782 1701 885 1782 Atque
905 1724 985 1787 ego,
1004 1716 1070 1764 tum
1089 1706 1215 1767 omnino

71 1793 207 1867 destitutus
230 1808 290 1868 ope
316 1789 484 1862 amicorum
509 1802 540 1849 et
565 1788 1022 1866 admodumadulescentulus,
1042 1802 1135 1851 utne
1158 1790 1216 1869 his,

37 1902 41 1908 ·
71 1899 134 1963 quae
148 1874 220 1957 apud
241 1887 397 1934 curatores
421 1874 586 1948 habebam,
609 1874 744 1955 privarer
769 1870 852 1957 (cum
870 1870 920 1935 nre
944 1887 1140 1955 recepturum
1158 1885 1215 1944 ‚ei-

71 1975 211 2048 spectaren
222 1979 285 2018 non
300 1959 464 2034 tantillum,
483 1973 629 2040 quantum
646 1979 826 2040 recuperare
844 1959 942 2040 potui,
957 1960 1014 2020 sed
1031 1972 1093 2020 tam
1109 1957 1216 2037 multa,

71 2069 141 2133 quam
164 2042 262 2105 multis
280 2065 331 2104 me
355 2045 526 2106 fraudatum
552 2066 619 2105 esse
646 2043 785 2128 noram),
806 2045 861 2104 do
885 2044 950 2107 istis
974 2044 1248 2130 viginti*minas,'.

71 2130 152 2218 quanti
167 2129 386 2207 Trierarchiam
404 2131 547 2200 locarant
581 2130 628 2190 Ac
645 2131 768 2191 illorum
786 2129 868 2191 illius
886 2130 1033 2211 temporis
1045 2131 1084 2192 'in
1102 2154 1150 2192 me
1166 2134 1215 2194 iu-
1266 2167 1269 2170 ·

70 2220 141 2282 iuriae
156 2215 210 2276 bae
228 2227 308 2283 aunt
343 2216 562 2290 Postea‘vero,
581 2216 659 2276 dicta
677 2215 721 2275 illi
740 2215 788 2275 die
807 2215 847 2275 ob
865 2216 1040 2290 maledicta,
1058 2217 1215 2280 absentem
1284 2262 1290 2270 »

70 2303 180 2382 damnavi
197 2300 270 2384 (nec
288 2301 369 2361 enim
385 2303 423 2362 ad
438 2302 586 2362 iudicium
603 2300 716 2383 venit):
736 2322 866 2380 cumque
885 2302 1050 2362 iudicatum
1068 2325 1136 2363 uon
1151 2305 1215 2365 sol·
1235 2305 1290 2380 344

69 2392 154 2461 risset,
168 2386 244 2446 nibil
262 2407 364 2446 rerum
384 2387 464 2461 eius,
483 2388 567 2467 quod
585 2386 660 2446 mihi
678 2386 798 2469 licebat,
816 2408 951 2466 unquam
970 2385 1065 2470 attigi
1096 2390 1214 2450 Rursus

69 2477 129 2538 dicta
143 2471 183 2532 illi
201 2471 250 2532 die
269 2473 351 2532 unde
370 2472 416 2546 vi,
441 2495 597 2553 nunquam
622 2472 767 2532 hactenus
786 2471 817 2530 iu
837 2470 919 2532 bunc
943 2492 1041 2552 usque
1059 2474 1139 2534 diem
1156 2475 1214 2535 im·
1279 2487 1284 2495 ‘

68 2576 162 2643 petrare
177 2557 329 2619 actionem
347 2558 449 2638 potui:
474 2571 522 2618 tot
538 2558 665 2618 technis
678 2569 709 2617 et
725 2557 830 2616 causis
855 2557 986 2618 subinde
1004 2557 1136 2621 inventis
1156 2553 1216 2622 iste
1284 2557 1287 2560 ⁴

67 2638 263 2730 tergiversetur.
296 2643 343 2702 Ac
362 2663 420 2726 ego
439 2643 563 2724 quidem
580 2643 623 2703 ita
640 2641 812 2703 verecunde
830 2641 956 2716 iudicio,
973 2643 1093 2726 legibus
1113 2647 1214 2707 omnia

68 2732 253 2791 mihi·censeo
274 2728 433 2789 iacienda:
460 2729 517 2788 iste
536 2742 653 2801 autem,
678 2740 714 2786 ut
730 2747 784 2787 vos
803 2727 933 2800 auditis,
957 2729 1131 2808 petulanter
1148 2753 1212 2791 non

68 2816 129 2899 mihi
147 2825 308 2877 tautumet
324 2814 418 2887 meis,
444 2815 549 2875 sedet
572 2812 737 2874 tribulibus
760 2811 835 2871 meis
860 2810 1069 2874 insultandum
1094 2816 1213 2896 putavit
1236 2840 1245 2862 ν

66 2913 169 2981 propter
182 2919 253 2959 mes
272 2900 356 2960 Haec
373 2912 409 2959 ut
426 2921 442 2959 a
461 2920 509 2960 me
526 2920 598 2960 vere
617 2899 677 2963 dici
696 2911 832 2972 constet,
858 2898 1026 2959 vocamihi
1043 2913 1154 2974 testes,
1177 2905 1219 2963 nt*

67 2985 155 3059 sciatis,
170 2984 344 3066 priusquam
357 2986 537 3046 auctoritate
553 2986 786 3067 legum'veteres
803 2982 867 3042 eius
881 2974 1017 3044 iniurias‘
1020 2985 1127 3047 ulcisci
1139 2994 1217 3068 pos'-
1282 3034 1286 3039 .

66 3091 125 3145 sen,
137 3091 179 3132 ne
196 3069 261 3132 aliis
280 3069 317 3131 ab
337 3091 385 3146 eo,
404 3066 507 3152 quales
525 3071 662 3146 audistis,
681 3090 747 3131 esse
766 3069 960 3130 contumeliis
978 3074 1146 3134 oneratum.

517 3223 729 3267 rrsrns.

59 3404 62 3409 1
132 3319 325 3394 Callisthenes
343 3326 511 3408 Sphettius,
527 3322 910 3408 DiognetuslTbeoriscus,
928 3326 1118 3388 Mnesitheus
1131 3316 1225 3388 Alo-'¹
1266 3327 1269 3329 Α

64 3410 190 3486 peremis,
208 3412 338 3486 scimus,
355 3412 614 3484 Demosthenem,
632 3411 681 3471 cui
700 3410 909 3475 testimonium
928 3410 1072 3486 dicimus,
1095 3413 1208 3476 Midiae
1252 3479 1255 3484 ,

65 3491 130 3554 dien
143 3495 246 3558 dixisse
264 3498 347 3558 unde
360 3497 400 3571 vi,
419 3498 457 3569 ei,
476 3497 528 3577 qui
546 3516 629 3556 nunc
643 3497 681 3557 ab
695 3517 733 3558 eo
748 3494 872 3576 publico
891 3494 1017 3556 crimine
1035 3510 1207 3573 accusatum

63 3587 88 3635 et
101 3576 149 3639 ian
160 3595 233 3643 octo
258 3604 354 3661 annos
379 3583 456 3644 illud
474 3582 620 3645 iudicium
641 3582 766 3642 elusisse
783 3581 925 3655 Midiam,
950 3603 985 3642 ac
1001 3582 1097 3644 totius
1116 3583 1206 3644 huius

62 3680 143 3728 leorae
159 3687 276 3741 causam
291 3669 454 3742 exstitisse,
476 3689 596 3749 semper
612 3668 862 3751 tergiversantem
880 3679 912 3726 et
928 3668 1207 3750 procrastinantem.
1224 3692 1233 3706 -·

92 3751 168 3811 »De
185 3752 301 3814 iudicio
319 3753 431 3836 igitur,
455 3755 537 3835 quod
557 3753 671 3827 scelus,
687 3746 909 3825 Athenienses,
927 3754 1129 3827 commiserit,
1152 3755 1206 3815 au-

62 3829 124 3907 dite,
140 3849 167 3896 et
183 3851 319 3918 spectate
336 3839 367 3898 in
386 3839 513 3922 singulis
533 3839 599 3899 eius
617 3839 814 3900 insolentiam
832 3850 863 3898 et
881 3837 1104 3900 confidentiam.
1121 3839 1206 3899 lllius

25 3968 27 3981 ,
61 3917 126 3978 euim
141 3920 243 3993 iudicii
261 3925 334 4008 (hoc
352 3925 440 3998 dico,
465 3929 616 4005 quoscum
636 3921 769 4007 convici)
792 3920 854 3984 suit
869 3922 944 3984 milti
963 3923 1077 3985 arbiter
1093 3925 1206 4000 Strato,

16 4063 17 4066 ,
48 3999 230 4098 -l’bdereus,.
252 4009 346 4069 homo
364 4031 480 4092 pauper
503 4009 554 4069 ille
574 4010 703 4090 quidem
716 4022 747 4070 et
765 4007 902 4092 quietus,
936 4011 991 4069 sed
1008 4008 1124 4090 alioqui
1140 4031 1205 4099 npn

59 4092 210 4180 mprobus,
235 4115 270 4155 ac
309 4095 389 4155 otius
409 4096 535 4157 omnino
554 4095 670 4156 bonus:
695 4095 727 4156 id
745 4093 1008 4176 quodmiserum,
1029 4116 1094 4155 non
1110 4109 1211 4170 reete,

58 4169 108 4233 imo
124 4193 264 4262 perquam
282 4117 443 4263 lagitiose,
461 4183 514 4242 sed
533 4178 634 4268 neque
652 4182 718 4242 iure
737 4179 878 4263 perdidit
894 4176 941 4238 Eo
955 4178 1098 4240 Stratone
1113 4181 1203 4242 nobis

57 4256 219 4337 arbitrante,
238 4286 305 4326 cum
323 4267 445 4326 tandem
463 4267 635 4328 advenisset
643 4280 747 4329 ”status
766 4268 849 4337 dies,
866 4285 900 4325 ac
919 4265 1020 4326 omnia
1039 4267 1204 4331 constituta

56 4339 158 4424 legibus
175 4363 293 4430 peracta
310 4365 428 4428 essent,
453 4365 488 4415 ut
506 4348 684 4428 dilationes,
710 4349 974 4430 interceptiones,
997 4365 1099 4432 neque
1117 4352 1203 4434 quic-
1219 4395 1234 4435 5
1258 4410 1266 4418 ,
