2722 4754
202 152 233 181 ”
273 195 338 289 ιιι
372 182 687 289 anemonen
720 181 1021 297 ιιιιιιίιίι.
1189 203 1228 259 ιι
1294 153 1301 162 ’

67 375 122 416 no:
147 353 249 433 quod,
265 353 327 453 qui
345 368 410 414 non
428 353 470 415 ita
488 353 580 428 olhn,
604 365 709 434 suapte
727 342 895 433 petulantia
912 352 1034 434 impule‘
1025 376 1051 429 1,
1074 375 1128 415 vos
1147 353 1228 414 bello

55 438 230 538 petierunt,
263 438 286 499 ii
311 439 449 499 nuncin
473 438 559 500 vobis
585 439 658 499 solis
673 459 776 519 spemx
793 461 864 500 suae
889 439 993 500 salutis
1018 439 1140 499 habent
1182 437 1240 498 Ac’
1274 443 1278 448 “

72 522 262 623 gratulatione
281 523 389 606 digna'
392 537 439 585 est
455 523 530 584 haec
548 523 674 585 occasio.
703 524 822 600 Qua
797 546 823 583 ιι
840 538 924 585 ιιοιι
941 523 1087 599 utemini,
1105 525 1175 597 fiet,
1193 535 1230 582 nt

76 632 175 685 eorum,
195 609 248 689 qui
265 621 402 669 nostram
419 609 528 669 urbem
547 598 783 709 calumniantur,
801 608 960 668 maledieta
977 631 1010 669 re
1029 609 1092 690 ipsa
1111 622 1142 669 et
1160 631 1229 669 cum

77 694 240 762 bonafama
263 693 412 775 refutetis.
455 693 565 769 Questi
589 695 670 765 enim
693 707 780 794 sunt,
807 693 866 753 sibi
890 708 954 753 nos
970 693 1123 768 insidiari,
1148 690 1229 767 Chii,

83 778 196 871 ltpaantii
215 791 246 838 et
262 766 387 852 Rhodii,
404 783 626 860 proptereaque
646 778 816 857 coniunctis
834 777 949 839 viribus
965 790 1152 859 postremum
1168 778 1229 838 hoc

89 868 174 935 &hum
191 863 281 923 nobis
299 862 475 924 intulerunt
518 864 687 945 Apparebit
704 877 830 924 autem
816 863 1031 938 ,Mausolum,
1051 865 1102 943 qni
1121 866 1230 924 dhxet

87 966 168 1018 auctor
184 949 247 1009 eius
265 947 397 1022 recinit,
415 951 487 1015 dum
504 971 537 1010 se
552 950 683 1008 amicum
703 970 767 1009 esse
778 948 970 1008 Rhodiorum
988 948 1118 1022 simulat,
1136 949 1228 1008 liber-

87 1052 158 1137 tatem
174 1034 214 1094 eis
233 1033 395 1115 eripuisse:
417 1024 510 1093 Chios
529 1046 564 1096 ιι
576 1035 749 1119 Byzantios,
767 1057 784 1095 a
803 1034 941 1132 quibus
931 1057 964 1093 m
982 1033 1157 1094 societatem
1176 1035 1228 1093 ad-

86 1115 169 1204 scripti
183 1120 319 1193 fuerant,
338 1118 472 1179 cladibus
492 1141 597 1180 eorum
616 1141 680 1179 non
698 1119 898 1182 succurrisse.
924 1140 996 1194 vos,
1015 1139 1091 1199 quos
1109 1129 1228 1179 metue-

86 1211 157 1281 bant,
176 1203 254 1266 solos
273 1204 410 1264 omnium
420 1206 554 1280 salutem
574 1227 680 1265 eorum
699 1194 877 1267 defendisse.
913 1206 1000 1305 Quae
1019 1227 1088 1264 cum
1106 1202 1228 1287 conspi-

87 1295 186 1357 cientur
200 1289 233 1349 ab
252 1289 412 1350 omnibus:
432 1291 586 1364 efficietis,
604 1304 640 1351 ιιι
655 1311 764 1371 omnes
782 1290 923 1373 plebeii
913 1313 945 1350 ιιι
964 1290 1135 1350 civitatibus
1154 1288 1227 1349 ami-

89 1380 172 1442 ιιιιιιιι
185 1386 307 1436 vestram
326 1375 542 1436 incolumitatis
568 1397 639 1436 suae
657 1390 800 1457 tanquam
827 1389 970 1438 tesseram
994 1397 1059 1435 esse
1085 1374 1229 1434 iudicent.

89 1467 175 1544 Neque
188 1481 255 1520 vero
274 1460 362 1520 vobis
379 1461 476 1521 ullum
494 1462 589 1522 maius
603 1462 719 1522 bonum
737 1445 842 1522 offerri
860 1474 960 1542 queat,
979 1484 1068 1541 quam
1083 1461 1108 1521 si
1123 1481 1228 1520 omnes
1295 1449 1305 1467 “

88 1551 152 1622 ultro
168 1545 386 1606 benevolentia
391 1568 445 1606 vos
464 1547 577 1627 absque
595 1546 656 1606 ulla
675 1546 848 1648 suspicione
866 1559 1096 1628 prosequantur.
1132 1545 1229 1604 Miror

88 1647 257 1720 aucmento
276 1632 401 1692 eosdem
418 1633 507 1694 video
525 1633 651 1694 suadere
671 1632 794 1707 civitati,
811 1646 847 1694 ut
859 1653 915 1712 pro
935 1632 1112 1692 defensione
1123 1629 1227 1715 Aegy·
1252 1632 1312 1693 123

89 1721 196 1802 ptiorom
216 1716 374 1792 Persarum
391 1740 458 1800 regi
448 1718 693 1792 “adversetur,
685 1742 717 1778 ιιι
736 1734 823 1779 causa
840 1716 955 1779 Rhodii
971 1718 1079 1817 populi
1098 1717 1228 1777 eundem

88 1802 318 1865 illumhominem
337 1801 514 1863 formidare:
539 1826 607 1864 cum
625 1804 681 1863 bos
701 1824 766 1864 esse
785 1805 918 1879 Graecos
937 1803 1032 1863 sciant
1051 1825 1172 1875 omnes,
1191 1801 1228 1860 il-

43 1907 48 1916 ·
89 1891 124 1951 los
138 1889 169 1948 ad
185 1887 287 1947 illius'
278 1887 440 1988 imperium
456 1889 618 1969 pertinere
637 1888 756 1970 Opinor
774 1903 885 1963 autem,
902 1888 1076 1948 meminisse
1093 1900 1228 1947 vestrum

90 1973 221 2057 quosdam,-
236 1994 304 2056 cum
320 1974 358 2032 de
342 1974 458 2056 regio
473 1974 599 2057 negotio
618 1974 845 2048 deliberaretur,
864 1995 911 2033 me
926 1995 982 2054 pro
998 1974 1146 2035 concione
1160 1985 1228 2031 ιιιοὲ
1268 1978 1271 1983 “

66 2060 169 2131 xunisse
185 2058 327 2138 primum,
354 2081 388 2118 ac
406 2059 480 2142 (nisi
497 2057 600 2141 fallor)
625 2060 724 2119 solum
752 2059 840 2144 etiam
860 2072 911 2118 aut
935 2073 1015 2120 certe
1033 2083 1103 2128 cnm
1120 2059 1229 2131 altero,

89 2145 163 2206 videri
172 2143 258 2244 mihi,
275 2143 430 2226 sapienter
440 2165 495 2207 vos
511 2166 575 2205 esse
588 2145 772 2218 facturos,
749 2168 774 2206 ιι
789 2165 908 2206 causam
926 2144 1137 2205 instructionis
1159 2163 1227 2201 non

90 2229 251 2315 inimicitias,
269 2250 354 2308 aquae
381 2252 450 2290 cum
469 2251 505 2290 ιο
533 2231 774 2330 intercederent,
799 2230 1053 2330 ιιιιιιιιιάιιιιίιε
1080 2229 1176 2289 sed'
1152 2250 1177 2287 ιι
1196 2239 1228 2287 et
1291 2274 1296 2288 .

54 2304 72 2338 '⁸
90 2317 204 2375 adversus
221 2325 319 2373 certos
337 2313 440 2376 hostes
458 2337 512 2376 vos
530 2315 689 2396 pararetis,
709 2328 739 2374 ιι
755 2316 841 2374 illum
860 2315 966 2390 etiam,
985 2315 1010 2375 si
1028 2336 1081 2374 vos
1100 2315 1227 2374 lacesse-

45 2448 51 2456 .
89 2400 302 2473 reiostitueret,
319 2400 550 2482 ulcisceremini.
581 2401 689 2481 Neque
713 2422 786 2468 ,vero
815 2421 872 2483 ego
891 2423 958 2463 etun
977 2400 1051 2477 haec
1078 2400 1228 2472 (linissem,

89 2485 159 2545 vobis
173 2506 230 2545 non
246 2475 329 2545 recte
354 2486 454 2547 dicere
473 2509 539 2547 sum
557 2487 651 2546 visus:
677 2487 731 2545 sed
749 2485 835 2546 vobis
861 2486 950 2547 etiam
977 2487 1082 2546 eadem
1106 2484 1228 2565 placue-

89 2581 155 2630 runt
183 2570 296 2645 Quod
286 2572 381 2671 rgitqr
397 2593 479 2631 nunc
498 2572 610 2645 dicam,
633 2570 665 2630 id
684 2572 816 2631 orationi
839 2584 904 2632 tum
923 2572 1042 2632 habitae
1069 2580 1229 2630 consenta-

88 2675 165 2714 neum
175 2656 231 2716 erit
247 2655 324 2738 Ego,
336 2679 361 2716 st
352 2657 435 2716 Rex
444 2678 492 2717 me
504 2657 569 2718 illic
579 2657 759 2762 degentem
751 2680 783 2715 m
794 2657 956 2727 consilium
968 2656 1144 2755 adhiberet,-
1147 2655 1229 2715 idem
1250 2729 1254 2735 ι

76 2761 117 2826 ,ιι
108 2741 275 2815 suaderem,
293 2743 377 2822 quod
390 2742 492 2802 vobis:
511 2755 546 2802 ut
562 2751 618 2822 pro
637 2763 690 2801 sua
709 2743 825 2801 ditione
840 2742 953 2801 bellum
972 2753 1101 2840 gereret,
1120 2740 1146 2798 si
1162 2738 1229 2818 quis

88 2826 271 2886 adversaretur
287 2828 489 2888 Graecorum:
509 2847 585 2906 qnae
603 2847 675 2886 vero
695 2826 771 2887 nihil
789 2827 826 2902 ad
845 2847 914 2886 eum
932 2827 1105 2898 attinerent,
1124 2843 1231 2884 eorum
1293 2840 1302 2877 >

89 2909 251 2970 dominatum
268 2912 315 2972 uti
332 2934 455 2993 prorsus
473 2933 537 2971 non
554 2912 727 2975 vindicaret
746 2911 881 2986 Quod
857 2934 882 2971 ιι
902 2911 1027 2975 omnino
1047 2908 1231 2981 decrevistis,

88 2993 283 3087 Athenienses,
310 2999 455 3078 quicquid
473 2999 537 3071 Rex
562 2997 717 3084 occuparit
739 2996 961 3057 antevertendis
989 3010 1031 3056 ιι
1044 2992 1231 3081 decipiendis
1309 3010 1312 3014 ·

88 3066 255 3161 oppidonim·
264 3083 520 3184 magistratibus,
522 3074 710 3158 concedere,
730 3102 793 3142 non
810 3093 893 3141 recte
912 3081 1102 3180 decrevistis,
1120 3093 1155 3140 ut
1174 3098 1232 3160 ego
1260 3122 1262 3125 ψ

87 3164 179 3226 iudico.
204 3167 256 3227 Sin
273 3169 433 3229 tuendae
423 3169 556 3230 rustitiae
575 3191 663 3229 causa
682 3182 712 3229 et
729 3166 807 3227 bella
825 3155 1015 3251 gerenda,'
991 3188 1016 3226 s1
1035 3166 1074 3225 sit
1093 3186 1184 3246 opus,
1203 3175 1246 3223 et.

86 3250 188 3328 quidvis
202 3254 432 3334 perpetiendum
451 3276 516 3318 esse
534 3254 692 3336 putabitis:
708 3252 887 3353 primum,
880 3265 965 3312 tanto
983 3251 1083 3311 minus
1101 3251 1161 3310 hoc
1179 3268 1233 3307 ue-

86 3355 156 3395 cesse
170 3337 251 3396 vobis
271 3340 344 3413 erit,
369 3354 482 3419 quanto
500 3339 687 3401 constantius
706 3338 748 3399 ita
763 3338 877 3399 sentiet
878 3336 918 3397 is:
944 3332 1055 3398 deinde
1072 3334 1234 3396 consilium

79 3420 116 3478 et
134 3418 268 3482 indicium
292 3437 428 3484 vestrum
449 3419 635 3525 probabitur.
677 3426 738 3486 lam
756 3437 792 3485 ut
808 3422 924 3498 sciatis,
950 3443 1050 3503 neque
1076 3443 1123 3481 me
1148 3419 1233 3513 quic-

88 3526 162 3583 qnam
176 3507 245 3567 novi
270 3509 386 3584 dicere,
408 3510 468 3590 qui
491 3511 660 3571 libertatem
679 3509 807 3570 Rhodiis
825 3505 946 3570 restitui
969 3509 1106 3591 iubeam,
1132 3525 1234 3586 neque

82 3610 144 3663 vos,
160 3592 182 3651 si
198 3593 483 3670 mihiauscnltetis
501 3595 651 3657 facturos:
682 3617 747 3655 rem
766 3596 933 3675 quandam,
951 3615 1027 3674 quae
1047 3593 1079 3653 et
1094 3592 1171 3653 facta
1190 3603 1235 3664 eat
1296 3613 1305 3624 ⁸

82 3686 111 3734 ct
124 3674 247 3756 profuit,
264 3680 379 3740 vobis'
371 3703 402 3739 ιιι
420 3681 597 3742 memoriam
613 3681 773 3759 revocabo.
804 3684 868 3740 Vos
885 3679 1080 3740 Timotheum
1092 3677 1235 3758 aliquan-

80 3759 116 3818 do
133 3783 194 3822 cnm
211 3762 340 3844 imperio
358 3766 498 3840 misistis,
520 3752 740 3841 Athenienses,
767 3786 855 3847 opem
878 3764 1009 3826 laturum
1027 3760 1236 3834 Ariobarzani,

77 3845 113 3905 ad
127 3847 277 3909 decretum
289 3849 345 3910 hac
363 3852 479 3911 adiecta
497 3853 644 3912 clausula:
662 3853 708 3912 Ne
727 3852 835 3912 foedus
854 3849 966 3911 factum
985 3872 1053 3911 cum
1066 3850 1150 3946 Rege
1168 3846 1234 3907 vio-

76 3931 152 3993 laret
194 3930 271 3994 Cum
296 3947 397 3996 autem
420 3936 471 4003 ille
496 3937 629 4010 videret,
654 3934 888 3997 Ariobarzanem
913 3937 1010 4018 palam
1034 3932 1195 3994 descivisse
1218 3953 1234 3991 a

74 4012 161 4100 Rege,
179 4018 301 4080 Samum
309 4034 419 4087 autem
438 4018 588 4102 praesidio
605 4021 705 4082 teneri
723 4044 739 4081 a
756 4019 1014 4121 Cyprothemide,
1023 4041 1113 4100 quem
1130 4018 1236 4100 Tigra-

72 4122 140 4175 nes,
164 4103 256 4187 Regis
280 4107 466 4205 praefectus,
492 4128 529 4168 eo
542 4107 725 4168 collocarat:
749 4119 785 4168 ut
807 4106 852 4166 illi
877 4128 965 4188 opem
988 4105 1143 4165 serendam
1170 4124 1236 4163 esse

71 4209 131 4248 non
150 4191 271 4263 statuit,
289 4190 330 4250 ita
348 4191 425 4252 hanc
444 4192 622 4253 obsidione
619 4189 717 4254 cinxit
734 4191 907 4272 auxilioque
925 4213 982 4252 suo
1000 4189 1145 4251 liberavit
1170 4182 1236 4248 Nec

49 4270 99 4332 'in
126 4273 211 4334 hunc
232 4297 328 4376 usque
354 4278 434 4338 diem
458 4277 571 4339 bellum
597 4286 767 4378 propterea
781 4276 867 4337 vobis
893 4276 1008 4338 illatum
1035 4287 1088 4336 est
1136 4272 1235 4333 Nemo

67 4358 151 4420 enim
169 4372 234 4434 est,
250 4358 302 4445 qui
320 4361 393 4453 pari
402 4364 598 4426 contentione
617 4378 649 4425 et
665 4363 782 4445 rapinas
802 4375 833 4422 et
851 4381 923 4445 opes
941 4385 1009 4425 snas
1028 4357 1164 4443 proprias
1183 4359 1279 4429 de-
