2722 4754
581 55 593 91 l

462 200 886 291 ooxn'rnmcoo‘
995 288 999 295 ,
1221 177 1288 280 rs

101 380 270 461 numqaum
288 376 414 449 Pheras,
431 377 568 461 Pagasas,
585 370 784 459 Magnesiam,
804 377 978 457 omniasuo
994 365 1141 437 arbitratu
1155 397 1239 457 com-

101 469 231 560 posuisset:
256 463 288 521 in
307 461 465 522 Thraciam
484 462 565 522 abite
609 462 729 522 Deinde
740 461 791 527 xibi
808 462 933 544 regibus
952 462 1018 522 aliis
1038 457 1153 537 eiectis,
1171 462 1239 523 aliis

103 553 254 631 constitutis,
280 547 473 608 inmorbum
491 547 606 608 incidit.
618 604 621 609 .
635 569 671 608 ex
690 568 727 608 eo
746 547 903 632 paululum
921 561 1091 623 recreatus,
1119 563 1183 608 non
1201 548 1239 609 ad

104 637 234 707 socordiam
251 652 283 691 se
301 631 437 705 deflexit,
455 633 508 692 sed
527 634 628 715 statim
647 631 813 716 Olynthios
834 638 880 695 est
896 655 1064 717 aggressus.
1086 633 1165 693 'Eius
1184 655 1238 694 au-

107 747 151 793 ten
167 724 188 781 in
211 718 331 801 lllyrios
358 731 389 776 et
411 719 558 792 Paeones,
592 732 623 780 et
647 721 789 780 adversus
815 719 994 802 Arymbam,
1025 733 1057 780 et
1073 712 1238 800 quo‘non?

108 823 220 898 praetereo
238 803 456 883 expeditiones.
487 804 572 878 Quid
589 822 672 886 ergo,
692 804 811 883 inquiet
830 805 957 885 aliquis,
968 804 1135 867 ista'nobis
1154 825 1237 866 com-

104 913 213 959 memoras
230 887 332 947 nune?
377 890 548 968 Utrumque
567 903 602 949 ut
620 890 822 972 cognoscatis,
840 889 1058 965 Athenienses,
1072 888 1108 972 ⁸et
1120 891 1237 952 sentia·
1260 891 1272 915 ”

101 986 135 1055 tis,
154 981 205 1037 tuni
221 973 705 1057 proiieeresingulatimsemper
722 975 836 1054 aliquid
854 996 967 1048 rerunt,
995 998 1084 1056 quant
1103 997 1167 1036 non
1187 978 1244 1036 ex?
1263 1026 1265 1030 ,

99 1065 185 1151 pediat:
212 1073 274 1120 tuno
299 1073 479 1141 'perpetuam
506 1060 539 1119 in
563 1060 655 1120 rebus
681 1060 822 1144 gerendis
847 1056 1050 1135 alacritatem,
1083 1057 1142 1142 qua
1166 1083 1238 1145 erga

98 1170 176 1214 omnes
192 1145 348 1227 Philippus
366 1145 479 1211 utitur:
502 1167 573 1226 prae
593 1168 652 1226 qua
670 1144 738 1205 fieri
756 1167 819 1205 non
837 1147 962 1227 poterit,
979 1160 1015 1205 ut
1032 1148 1124 1207 rebus
1144 1149 1237 1230 gestis

97 1245 225 1298 contentus
249 1231 281 1290 in
310 1231 374 1291 otio
401 1252 434 1290 se
459 1231 621 1292 contineat.
678 1233 741 1307 Qui
769 1232 795 1291 si
819 1233 850 1291 in
866 1252 910 1299 ,ea
929 1233 1080 1293 sententia
1100 1235 1176 1308 erit,
1202 1246 1238 1293 ut

96 1320 187 1404 agendo
203 1338 322 1399 semper
341 1338 414 1396 opes
434 1338 501 1376 suas
521 1317 696 1400 etgloriam
715 1319 884 1401 aagendam
904 1331 1034 1392 censeat,
1059 1338 1116 1378 nos
1135 1332 1237 1377 autem

94 1405 180 1466 nullius
201 1403 245 1461 rei
273 1424 385 1474 curam,
404 1416 581 1466 constanter
608 1417 638 1463 ct
664 1396 744 1464 serio
774 1402 989 1484 suscipiemus:
1020 1404 1238 1478 considerate,

93 1512 162 1572 quem
180 1489 298 1547 tandem
322 1489 550 1569 harumurerum
571 1489 683 1548 exitum
708 1489 774 1549 sore
794 1491 833 1549 sit
851 1486 1041 1569 sperandum.
1086 1489 1234 1566 Quisve-
1288 1510 1290 1515 ·

90 1591 172 1646 strum,
198 1592 251 1654 per
267 1576 362 1646 Deos,
395 1575 471 1635 adeo
491 1596 595 1634 socors
616 1588 671 1653 est,
690 1575 743 1654 qni
762 1575 879 1635 neseiat
896 1574 1011 1634 bellum
1030 1574 1107 1634 inde
1121 1574 1158 1633 ad
1176 1596 1234 1636 nos

89 1650 232 1732 uenturum,
251 1661 277 1718 si
295 1659 538 1743 neglexerimus?
559 1650 688 1720 'lerum
707 1654 744 1719 id¹
757 1662 783 1720 si
801 1663 863 1732 fiat,
882 1681 1000 1737 uereor,
1015 1652 1234 1729 Athenienses,

87 1769 127 1820 oe,
142 1746 386 1823 quemadmodum
406 1745 437 1819 ii,
465 1747 518 1825 qui
536 1760 651 1810 temere
669 1747 829 1826 pecuniam
847 1766 958 1829 magno
977 1745 1106 1805 foenore
1124 1758 1233 1805 mutuo

86 1843 202 1902 sonunt,
241 1843 331 1910 atque
359 1829 409 1891 illa
436 1832 591 1913 paulisper
618 1832 796 1912 locupletati
823 1845 893 1913 post
925 1831 1014 1891 etiam
1041 1830 1233 1912 patrimoniis

87 1927 249 1988 evertuntur,
265 1916 372 1994 ‚sicet
383 1916 472 1975 nobis
492 1916 653 1998 segnitiem
672 1931 807 1976 nostram
824 1938 936 2000 magno
951 1917 1124 1976 constitisse
1143 1922 1255 1998 appa?

84 2015 146 2062 reat:
177 2013 205 2059 et
223 2003 294 2060 dum
313 2002 349 2059 ad
367 2002 554 2082 uoluptatem
575 2003 674 2062 omnia
693 2003 871 2076 referimus,
901 2003 933 2061 in
953 2023 1018 2061 eam
1036 2002 1159 2074 tandem
1178 2021 1233 2062 nc-

84 2087 229 2148 cessitatem
248 2079 413 2160 veniamus,
440 2100 476 2147 ut
504 2084 598 2146 multa
627 2109 722 2168 eaque
741 2088 842 2173 grauia
860 2089 985 2147 ferenda
1004 2087 1075 2158 sint,
1095 2109 1171 2166 quae
1189 2088 1233 2148 fa-

85 2195 139 2232 eere
158 2171 306 2230 noluimus
328 2171 493 2253 haetenus,
526 2174 629 2253 deque.
643 2195 716 2256 agro
735 2187 841 2234 nostro
861 2174 901 2233 sit
919 2173 1132 2232 dimicandum.
1182 2169 1230 2234 bc
1247 2179 1290 2234 to

42 2326 45 2337 Ι
84 2257 281 2339 reprehendere
298 2257 431 2337 quidem,
451 2252 560 2318 dixerit
575 2259 677 2318 l'orsan
694 2260 814 2340 aliquis,
843 2278 908 2318 esse
924 2259 1011 2320 saeile
1032 2271 1063 2318 et
1074 2257 1230 2335 cuiusvis:

40 2374 42 2381 1
84 2343 143 2423 quid
159 2355 251 2403 autern
271 2343 308 2402 de
327 2338 374 2401 his
392 2342 484 2403 rebus
503 2345 696 2404 statuendum
716 2345 764 2419 sit,
783 2346 997 2434 pronuneiare,
1020 2345 1050 2403 id
1072 2364 1137 2404 esse
1157 2365 1232 2412 cen-

83 2427 174 2487 siliarii.
218 2429 286 2512 Ego
312 2438 404 2502 uero,
435 2436 606 2512 quanquam
632 2429 709 2490 illud
733 2452 794 2490 non
820 2431 950 2514 ignoro,
978 2430 1067 2510 saepe
1094 2449 1149 2515 vos
1167 2439 1232 2488 non

82 2514 129 2586 iis,
149 2515 278 2592 quisunt
296 2513 328 2572 in
349 2514 454 2596 culpa,
478 2516 532 2574 sed
551 2515 615 2589 his,
643 2515 696 2595 qui
721 2517 869 2595 postremi
887 2515 1070 2576 sententiam
1089 2513 1233 2587 dixerint,

83 2599 170 2672 irasci,
192 2599 243 2658 ubi
269 2599 344 2679 quid
369 2616 406 2659 ex
431 2600 581 2660 sententia
606 2622 670 2660 non
698 2602 863 2679 eveneritzl
880 2598 944 2661 noui
967 2606 1074 2674 ,tamen
1100 2597 1232 2658 arbitror

82 2706 153 2743 meae
166 2684 290 2766 'privatae
311 2685 416 2744 salutis
435 2686 475 2745 ito
494 2670 664 2745 habendam
679 2707 743 2745 esse
757 2687 832 2746 mihi
843 2687 1004 2758 rationem,
1022 2698 1058 2745 ut
1069 2684 1230 2764 quicquam

41 2810 44 2815 ·
85 2769 255 2844 dissimulem,
281 2772 364 2850 quod
385 2779 400 2829 ε’
419 2790 452 2829 re
471 2785 570 2831 restra
587 2771 724 2845 sutorum
743 2791 808 2830 esse
828 2773 943 2831 ducam.
982 2767 1107 2828 'Censeo
1127 2768 1231 2850 igitur,

82 2854 183 2913 duobus
200 2876 249 2916 tos
268 2869 412 2936 oportere
431 2857 529 2915 modis
549 2856 640 2916 rebus
660 2877 850 2916 succurrere:
868 2870 933 2917 tum
951 2855 1043 2914 urbes
1063 2851 1229 2937 Olynthio-

82 2962 139 2998 rum
154 2941 268 3015 tuendo,
296 2954 328 3001 et
345 2942 467 3016 milites,
487 2942 539 3021 qui
557 2940 589 3000 id
607 2955 707 3024 agant,
725 2943 897 3002 mittendos
925 2955 991 3002 tum
1014 2939 1228 3025 regnumeius

82 3028 212 3099 vastando,
243 3040 274 3086 et
292 3027 467 3088 triremibus
488 3041 518 3087 et
535 3027 681 3087 militibus
702 3027 774 3087 aliis.
820 3028 914 3102 Quod
932 3026 957 3085 si
976 3025 1155 3087 alterutrum
1174 3045 1228 3084 ne-

50 3184 59 3192 *
83 3111 219 3191 glexeritis,
245 3133 364 3188 vereor,
390 3134 428 3171 ne
448 3112 531 3172 irrita
550 3113 590 3173 sit
607 3113 708 3173 futura
728 3109 880 3194 expeditio
899 3125 1005 3172 vestra.
1056 3109 1126 3169 Sive
1147 3109 1228 3174 enim

82 3216 167 3276 agrum
188 3219 273 3256 suum
300 3220 317 3257 a
342 3199 428 3259 vobis
454 3199 545 3279 diripi
568 3199 729 3278 vexarique
756 3221 871 3280 passus,
897 3197 961 3277 ipse
987 3195 1110 3254 interim
1129 3192 1227 3279 Olyn-

82 3280 152 3343 thum
167 3282 332 3366 subegerit:
362 3282 460 3356 facile,
480 3285 604 3343 domum
623 3298 772 3356 reversus,
792 3306 844 3343 sua
864 3279 1014 3343 desendet.
1033 3280 1096 3359 sive
1113 3285 1227 3362 proesi-

83 3365 122 3424 dia
136 3388 179 3426 vos
197 3367 340 3427 duntaxat
359 3367 529 3452 Olynthum
547 3369 706 3444 miseritis,
732 3369 838 3429 videns
856 3389 920 3428 rem
940 3366 1023 3428 domi
1041 3366 1073 3425 in
1091 3379 1159 3427 tuto
1179 3386 1226 3424 es-

84 3470 117 3522 se,
131 3451 261 3513 assidebit
280 3466 311 3513 et
331 3454 421 3515 ducet
440 3454 569 3513 bellum:
594 3475 678 3514 mora
695 3455 864 3514 obsidionis
884 3465 937 3514 e'os
956 3450 1118 3534 superabit.
1160 3449 1226 3509 Au-

83 3534 138 3601 xilia
151 3537 237 3619 igitur
256 3552 287 3597 et
304 3560 411 3621 magna
432 3552 462 3598 et
479 3539 620 3620 bipartita
634 3556 705 3617 jesse
725 3553 860 3620 oportet.¹
894 3538 941 3599 Ae
960 3540 997 3598 de
1016 3537 1134 3620 auxiliis
1151 3535 1227 3596 hacc

79 3633 166 3681 statuo,
196 3624 289 3697 Quod
307 3636 408 3683 autem
426 3626 463 3683 ad
481 3625 641 3704 pecuniam
660 3616 890 3707 eontparandam
908 3624 1029 3696 attinet,
1045 3636 1102 3696 est,
1129 3620 1226 3683 Athee

78 3705 188 3781 nienses,
205 3708 334 3788 pecunia
351 3708 455 3768 uobis:
474 3723 530 3783 est,
548 3724 658 3790 quanta
677 3712 814 3770 omnium
832 3711 1006 3770 mortalium
1024 3707 1150 3780 nemini,
1162 3705 1226 3765 ‘mi-

77 3790 165 3850 litaris:
195 3814 259 3852 eam
285 3813 359 3865 vero
384 3814 437 3853 uos
462 3794 505 3854 sic
529 3807 565 3855 ut
589 3795 679 3857 vultis
706 3796 819 3878 capitis.
849 3797 962 3871 Quam
982 3790 1225 3854 si‘militantian

73 3876 265 3951 restitueritis,
284 3877 370 3941 nullo
391 3878 448 3938 erit
466 3901 542 3964 opus
561 3894 739 3941 commeatu.
783 3881 837 3940 Sin
856 3882 971 3946 minus:
996 3899 1072 3959 opus
1092 3875 1160 3951 erit,
1172 3875 1225 3935 “vel
1258 3947 1266 3967 0

71 3961 158 4021 nullus
176 3964 277 4044 potius
297 3963 367 4022 satis
386 3963 445 4023 erit
464 3980 656 4026 commeatus.
701 3966 784 4042 Quid
803 3967 906 4049 igitur,
925 3966 1005 4030 dicat
1022 3961 1144 4042 aliquis:
1171 3974 1223 4047 '‘¹¹ss

69 4067 104 4106 ne
119 4060 218 4107 auctor
236 4069 278 4123 es,
297 4061 333 4107 ut
352 4068 384 4106 ea
404 4048 443 4109 sit
460 4049 618 4116 militaris?
643 4052 717 4134 Ego,
729 4072 801 4112 vero
821 4064 1034 4131 nequaquamn
1055 4047 1122 4129 Ego
1142 4046 1224 4106 enim
1279 4125 1281 4129 7

67 4132 311 4205 conscribendum
337 4132 506 4196 exereitum
526 4128 656 4212 censeo,
692 4149 722 4196 et
745 4135 822 4197 hanc
846 4135 1005 4217 pecuniam
1025 4152 1092 4191 esse
1110 4130 1223 4190 debere

63 4215 279 4299 militarem‚xet
294 4239 386 4278 unam
405 4238 471 4279 esse
488 4221 649 4295 rationem,
668 4222 793 4281 eandem
812 4234 843 4280 et
858 4218 988 4278 faciendi
1008 4230 1038 4276 et
1052 4214 1221 4296 aecipiendi

62 4321 134 4382 quae
154 4312 305 4384 oporteat(
339 4303 412 4364 Eam
430 4325 503 4366 vero
522 4327 576 4374 vos
595 4306 636 4366 ita
654 4306 770 4387 capitis,
792 4317 831 4374 ut
848 4304 924 4364 festa
944 4301 1103 4364 celebretis
1124 4313 1221 4358 eures

58 4387 120 4448 sere
139 4385 233 4450 nullas
253 4388 386 4472 geratis
413 4382 691 4474 Reliquum'igilur
706 4391 738 4451 id
758 4402 803 4451 est
820 4387 953 4461 scilicet,
988 4399 1024 4448 ut
1042 4400 1148 4486 omnes
1166 4382 1222 4442 tri-

1206 4510 1219 4539 Χ
