2722 4754
71 143 189 256 Ῐιιι
217 209 250 268 g
331 199 336 208 ’
377 184 775 272 ..ouuosufluuls
810 191 1013 278 ιιιιιιιο
1047 159 1086 245 ·.”
1127 196 1137 204 ’
1182 228 1190 236 -

55 414 59 420 x
123 325 175 410 Au
188 349 272 428 quod
290 347 393 444 digitis
410 364 479 404 eum
487 325 675 419 monstratis,
692 328 761 406 cum
776 358 944 411 monstrare
956 344 1046 406 tultis
1063 343 1210 405 omnium
1210 364 1301 414 ιιιιι-ι-

42 442 105 500 502
125 435 231 496 talium
249 429 528 533 improbissimum?
553 430 616 490 An
618 431 721 511 ’,ιιιιοιι
739 431 826 491 salvis
847 431 972 514 legibus
986 444 1025 492 et
1029 430 1221 511 republica
1210 449 1302 495 inco·
1338 464 1342 477 .

94 544 97 559 ·
125 518 211 592 lumi,
229 517 312 578 bac'
301 515 469 598 ignominia
488 516 610 576 liberari
628 516 714 575 nullo
732 517 825 576 modo
843 517 966 596 potest?
986 512 1049 576 Cur
1066 517 1203 581 tandem
1208 514 1301 575 vobis

126 605 183 665 iste
201 602 281 661 bene
299 600 405 682 cupit?
434 602 525 677 Quod
545 623 578 660 se
604 601 813 701 impudentem
831 623 896 662 esse
914 601 1047 662 fatetur?
1074 600 1118 660 At
1134 601 1304 682 impudens

127 711 163 750 ex
181 708 240 766 qua
258 705 291 746 re
310 687 368 746 alia
384 699 563 746 nomen-est
579 686 794 760 sortitus,'n1sr
784 687 906 766 ⁰,quod
925 694 1001 767 quae
1020 707 1121 765 neque
1135 699 1226 760 sunt,
1244 705 1305 745 ne-

50 794 60 814 *
113 770 187 855 'qne
204 771 281 831 facta
300 786 388 846 sunt,
407 793 441 832 ea
459 772 560 831 dicere
578 772 671 832 audet
687 784 813 852 propter
830 771 1067 872 impudentiam:
1086 772 1116 831 id
1137 770 1252 852 quod'
1244 784 1322 830 rste·

66 931 68 937 y
125 857 205 919 facit
223 859 294 931 lam,
313 877 390 936 quae
398 859 440 916 in
458 857 654 916 accusatione
664 857 744 915 mibi
761 858 1002 936 praetermittere
1020 857 1107 916 visus
1121 870 1168 917 est
1179 859 1306 941 Lycur·
1351 885 1354 889 ·

98 953 105 961 ”
125 961 194 1027 gos,
213 962 250 1003 ea
264 942 351 1002 vobis
369 954 501 1041 praestat
519 960 678 1022 exponere.
713 940 856 1001 Arbitror
874 942 965 1016 enim,
985 952 1126 1042 oportere
1145 962 1213 1015 vos,
1233 949 1305 1001 tan-

80 1045 85 1049 ·
104 1058 106 1062 ’
127 1049 218 1109 quam
236 1050 270 1088 sr
252 1027 319 1086 de
318 1027 454 1125 privato
472 1025 575 1105 aliquo
601 1026 707 1086 debito
724 1038 826 1086 vestro
845 1039 1000 1128 ageretur,
1026 1026 1118 1086 sicin
1137 1027 1234 1086 istum
1253 1026 1305 1084 in-

98 1105 112 1152 )
127 1113 248 1194 quirere
268 1111 348 1172 etin
366 1128 472 1171 causae
491 1111 581 1170 buius
581 1111 790 1191 aequitatem.
814 1110 847 1170 Si
866 1113 932 1191 quis
951 1113 1046 1194 igitur
1063 1112 1228 1191 pecuniam
1248 1112 1306 1170 de-

41 1194 44 1199 ’
104 1199 199 1265 ,ιιοιι
217 1197 349 1276 aliquem
363 1195 593 1270 criminaretur,
606 1197 637 1261 is
649 1210 875 1279 veronegaret,
892 1219 918 1256 si
910 1192 1147 1277 proferrentur
1163 1196 1306 1295 tabulae,

71 1300 80 1307 '¹
127 1283 297 1348 secundum·
313 1301 386 1361 quas
404 1284 558 1342 mutuatus
575 1296 666 1355 esset,
684 1296 715 1342 et
732 1281 812 1341 aflixi
831 1295 932 1367 essept
949 1282 1055 1354 libelli,
1074 1297 1153 1355 eum,
1173 1281 1269 1363 qui
1246 1301 1306 1340 ne-

28 1369 31 1377 ’
85 1380 87 1383 ’
126 1367 735 1450 garet,utiqneimpudentenrputaretis:
748 1390 795 1427 srn
809 1367 882 1427 haec
895 1366 1011 1427 sublata
1022 1381 1133 1440 essent,
1147 1387 1232 1439 eum,
1242 1365 1318 1445 qurx

21 1519 23 1522 y
125 1451 302 1550 postularet.
319 1450 370 1511 Sic
388 1463 493 1511 natura
511 1456 716 1535 comparatum
729 1465 782 1512 est
800 1452 900 1511 Sunt
888 1453 987 1535 igitur
999 1473 1114 1524 eorum,
1134 1471 1215 1530 quae
1229 1450 1305 1509 Ari'-
1327 1521 1341 1527 ,-

76 1536 79 1541 ’
100 1538 265 1618 „stogiton
277 1535 461 1616 reipublicae
472 1537 581 1610 debet,
585 1538 715 1611 tabulae,
728 1537 821 1619 leges,
837 1537 947 1636 quibus
958 1536 1167 1596 inscribuntur
1179 1556 1304 1609 omnes,

128 1642 183 1702 qur
173 1620 333 1694 dehent,
353 1621 468 1695 libelli,
491 1621 631 1681 tabella
622 1628 703 1682 iuxta
728 1623 815 1693 deam
833 1622 896 1681 sita.
940 1621 1061 1696 Quodsi
1074 1621 1154 1680 haec
1181 1620 1305 1699 sublata

39 1715 76 1767 .”
127 1718 200 1766 sunt
217 1719 248 1776 et
265 1714 448 1806 expunctum
468 1719 515 1766 est
532 1707 687 1780 debitum,
705 1727 764 1766 nos
779 1729 875 1802 nugas
893 1707 1009 1788 agimus
1036 1729 1070 1766 ac
1088 1706 1195 1786 potius
1212 1727 1300 1766 naen-

128 1791 240 1852 timur:
256 1791 303 1851 sin
321 1792 437 1853 restant
455 1804 485 1851 et
502 1792 677 1864 restabunt,
696 1792 794 1851 donec
813 1781 963 1891 scilverit,
973 1801 1016 1852 et
1021 1798 1157 1881 manent,
1173 1791 1234 1851 iste
1251 1791 1301 1849 ni-

130 1874 173 1935 hil
191 1899 255 1938 verr
246 1876 361 1954 dicit,
380 1878 432 1937 sed
453 1877 604 1957 delinquit
623 1890 654 1937 et
670 1874 799 1936 iniurius
820 1890 883 1950 est,
895 1876 953 1976 qui
972 1877 1040 1936 iura
1054 1875 1230 1936 communia
1250 1897 1303 1935 ex-

23 1993 30 1998 ‘
130 1959 286 2043 stinguere
312 1975 448 2023 conetur
490 1961 598 2041 Neque
624 1962 704 2022 enim
723 1963 753 2021 id
779 1983 872 2022 nunc
879 1962 980 2047 agitur
1004 1961 1035 2020 in
1054 1961 1113 2021 hoc
1132 1961 1266 2022 iudicio
1270 1972 1304 2020 et

9 2056 19 2095 ἴ
82 2119 90 2131 N
129 2045 367 2127 disceptatione,
394 2059 562 2135 tantumne
579 2044 710 2120 debeat,
727 2047 839 2146 quanti·
850 2043 1011 2108 mulctatus
1031 2059 1088 2106 est·
1114 2047 1169 2106 s'ed
1187 2067 1225 2106 au
1244 2047 1301 2106 de-

129 2129 207 2190 beat
248 2131 377 2211 Alioqui
390 2126 560 2232 ιιειιιιίιιιισ
573 2145 714 2215 ageretur
732 2153 799 2190 cum
818 2132 866 2204 iis,
875 2154 944 2211 qur
929 2130 996 2190 ob
1016 2132 1111 2192 solam
1130 2131 1300 2191 accusatio-

26 2283 29 2287 ,
92 2288 97 2293 Ι
129 2235 198 2276 nem
218 2216 290 2276 siant
307 2215 480 2297 inscripti,
477 2217 511 2276 si
524 2216 602 2297 ipsi,
627 2230 785 2298 propterea
799 2218 896 2298 quod
913 2236 1018 2296 parurn
1043 2229 1135 2297 atque
1154 2214 1285 2276 adeo
1251 2238 1305 2274 ιιι-

129 2299 181 2359 bil
193 2299 405 2379 deliquerunt,
425 2322 495 2364 aere
513 2302 613 2362 alieno
634 2316 723 2362 erunt
741 2301 893 2378 obstrictI:
919 2302 1012 2374 alius,
1041 2301 1159 2384 magnis
1180 2293 1303 2361 delictis

9 2439 17 2458 ‚
51 2389 63 2423 Γ
130 2384 320 2458 admissis,
296 2407 321 2443 sr
334 2404 425 2446 unam
439 2379 530 2465 atque
548 2388 671 2447 alteram
682 2404 863 2467 pensionem
874 2387 1009 2458 solverit,
1026 2387 1184 2466 pristinam
1199 2386 1305 2468 digni,
1327 2423 1335 2437 ι

129 2478 222 2530 tatem
240 2469 438 2557 recuperabit.
480 2471 550 2531 Tria
568 2485 640 2543 sunt
657 2485 757 2550 autem
777 2472 887 2544 debita,
906 2492 983 2551 quae
1002 2471 1146 2553 inscripta
1164 2484 1250 2543 suut,
1271 2483 1305 2531 et

36 2596 43 2610 .
129 2560 277 2636 propter
274 2575 351 2634 quae
369 2569 416 2616 est
432 2570 595 2619 accusatus
603 2558 666 2618 Ac
681 2542 741 2617 duo
761 2557 911 2656 quidem
902 2578 934 2616 ιιι
952 2557 1193 2617 commentarios
1207 2555 1304 2616 relata

47 2713 50 2721 Ι
130 2651 216 2714 sunt,
233 2662 330 2699 unum
347 2660 415 2708 non
430 2653 477 2701 est
492 2643 635 2704 relatum:
667 2642 776 2741 quod'
767 2654 824 2702 rste
836 2641 960 2701 falsae
951 2642 1159 2723 inscriptionis
1178 2640 1304 2701 Aristo-

49 2733 52 2784 Ῑ
129 2745 201 2784 nem
218 2723 441 2806 Alopecensern
464 2739 609 2787 accusat.
627 2727 710 2800 Nae,
736 2726 853 2807 inquit:
876 2726 988 2787 iniuste
1016 2727 1096 2786 enim
1123 2747 1172 2786 me
1191 2725 1303 2786 inseri

49 2812 61 2836 ”
130 2810 205 2891 psit:
222 2829 321 2890 poena
339 2834 349 2869 1
372 2811 436 2870 itur
450 2802 518 2885 tibi,
529 2824 570 2906 ιιι
587 2833 650 2892 par,
668 2813 814 2872 sumenda
833 2823 886 2871 est.
908 2812 969 2871 sed
988 2823 1019 2871 et
1036 2799 1149 2872 luenda
1167 2811 1320 2912 primunt.
1345 2865 1355 2873 ,

130 2905 162 2955 et
179 2914 213 2955 ea
231 2909 294 2954 rata
312 2833 455 2956 habenda
468 2897 649 2970 necessario,
668 2918 744 2976 quae
762 2917 923 2977 perpessus
943 2918 983 2961 es
1001 2896 1143 2994 Alioqui
1149 2897 1237 2956 cuius
1256 2895 1303 2956 rei

129 2983 261 3060 poenam
280 2980 410 3041 sumesi·
429 2980 462 3042 si
474 2981 566 3042 tibi
555 2981 635 3054 enim
654 3003 757 3064 agere
754 2982 833 3042 licet
851 2982 962 3055 omnia,
981 3004 1057 3062 quae
1062 2981 1204 3042 ceteris.
1222 3001 1302 3061 qnae

128 3065 207 3125 iacta
219 3065 282 3125 tibi
300 3079 346 3126 est
362 3065 502 3127 iniuria?
517 3066 637 3167 Agite,
655 3090 710 3148 per
727 3069 811 3140 deos,
829 3067 904 3127 illud
924 3066 1014 3127 etiam
1033 3063 1239 3128 considerate.
1266 3065 1302 3125 si

72 3176 91 3222 ᾔ
119 3148 308 3210 ‘Aristonem'
324 3151 443 3211 falsae
433 3151 639 3232 inscriptionis
654 3174 743 3215 reum
761 3153 922 3235 peregerit,
942 3153 1014 3231 quid
1033 3152 1106 3213 fiet?
1136 3153 1303 3234 Expunge-

51 3264 54 3279 ‹
129 3216 282 3316 turrpse
300 3230 561 3311 mediusfidius,
580 3237 763 3297 etrlleerus
782 3239 850 3297 loco
868 3238 1067 3298 inscribetur:
1094 3237 1138 3296 sic
1156 3237 1237 3336 enim
1255 3237 1308 3296 le-

130 3318 183 3402 ges
202 3320 310 3381 iubent
327 3330 418 3383 recte.
444 3322 582 3384 Utrum
570 3323 667 3404 igitur
684 3323 720 3382 ab
740 3343 777 3383 eo
797 3323 874 3382 die
865 3335 921 3383 rste
941 3323 999 3382 erit
1016 3321 1159 3396 aerarius,
1178 3311 1228 3402 qui
1246 3341 1300 3381 ex-

130 3419 279 3508 punctus
275 3407 392 3482 luerit,
406 3407 458 3466 ille
477 3407 656 3493 dignitatem
673 3407 827 3481 retinebit,
842 3431 900 3487 qur
890 3408 1003 3468 buius
1014 3409 1084 3467 loco
1097 3405 1300 3490 inscribetur?

120 3490 202 3550 >Ex
192 3493 280 3552 istius
299 3505 380 3552 ‘certe
398 3493 558 3574 postulatis
576 3514 657 3553 nunc
677 3493 733 3553 ista
752 3493 904 3557 eveniunt
932 3493 964 3551 Sl
982 3493 1064 3553 enim
1083 3513 1133 3565 eo,
1146 3491 1262 3572 quod
1253 3513 1302 3549 rn-

127 3576 260 3658 scriptus
280 3591 335 3651 cst,
354 3599 417 3644 non
436 3577 543 3661 debet:
555 3578 615 3638 ubi
629 3590 795 3657 expunctus
809 3578 912 3651 luerit,
930 3578 1056 3638 debebit
1073 3576 1223 3658 prolecto.
1241 3575 1303 3635 Sed

49 3667 108 3723 503
131 3661 206 3724 baec
223 3683 288 3723 non
305 3663 346 3723 ita
364 3655 445 3737 sunt,
463 3686 527 3724 ιιοιι
546 3663 587 3722 ιιι
604 3676 683 3723 sunt.
702 3667 816 3722 Verum
834 3663 888 3722 ubi
902 3663 1021 3722 deletus
1039 3663 1142 3736 suerit,
1157 3674 1224 3722 tum
1238 3681 1302 3721 non

39 3772 46 3819 ς
132 3747 269 3809 debebit.
280 3771 371 3810 nunc
389 3750 484 3831 agitur
500 3747 598 3809 debet
625 3748 745 3822 Quodsi
762 3747 814 3807 ille
832 3747 927 3808 suerit
943 3749 1118 3809 absolutus
1134 3744 1236 3846 aquo
1254 3765 1305 3805 re·
1347 3801 1355 3808 ,

31 3842 46 3911 ’ᾖ
130 3832 227 3914 cipiet
244 3854 278 3893 ea
300 3835 489 3914 respublica,
516 3853 609 3914 quae
618 3855 700 3892 nunc
725 3834 782 3893 iste
800 3833 888 3934 facit,
915 3855 1035 3894 cumea
1063 3818 1164 3893 facere
1191 3832 1306 3911 cinon
1344 3858 1352 3863 ’

95 3916 96 3921 ’
130 3917 240 3980 liceat?
283 3917 391 3991 Unde,
415 3939 492 3998 quos
511 3919 571 3978 iste
588 3917 692 3998 capitis
710 3918 851 3995 arcessit,
875 3939 952 4018 quos
970 3920 1002 3979 in
1027 3918 1155 3989 vincula
1163 3908 1307 4006 coniicit,

110 4071 112 4074 v
130 4003 247 4082 passim
260 4002 293 4076 in
304 4003 470 4064 1‘iudicio
444 4003 633 4077 circumiens,
651 4003 696 4064 illi
714 4004 806 4065 vitam
823 4003 989 4084 recipient,
1008 4003 1040 4062 hi
1057 4002 1089 4063 id
1109 3998 1306 4102 consequen-

18 4091 22 4104 ‘
71 4158 80 4166 „
109 4086 198 4160 ‘.tur·,
225 4108 265 4146 ne
282 4071 448 4150 crudeliter
462 4088 582 4150 tractati
599 4088 681 4150 sinit
716 4090 827 4163 Quem
836 4089 916 4148 enim
942 4110 998 4149 nec
1016 4089 1049 4147 in
1072 4086 1237 4168 aequalis
1220 4084 1303 4146 roris

64 4170 66 4174 ⁸
131 4183 164 4243 et
181 4165 351 4250 quotidiani
369 4160 546 4235 societatem
571 4174 654 4257 leges
680 4163 895 4247 admittunt,
885 4195 910 4233 rs
929 4173 961 4235 in
979 4173 1056 4237 mala
1074 4186 1209 4243 extrema
1226 4191 1303 4232 con-

34 4307 37 4310 .
131 4254 196 4328 iicit
213 4255 304 4318 alios.
305 4259 413 4360 quod
426 4260 467 4320 fit
483 4280 547 4319 uon
565 4272 685 4331 recte,
685 4279 742 4318 nec
760 4258 910 4360 civiliter,
924 4279 1026 4341 neque
1043 4259 1195 4320 utiliter.
1199 4258 1304 4333 Quae

68 4339 189 4402 f‘nbi
204 4341 315 4404 video:¹
327 4344 423 4407 miror
438 4320 559 4407 sursum
574 4345 720 4461 deorsum
738 4344 816 4406 verti
827 4365 935 4406 omnia
944 4344 1037 4466 Quid
1055 4345 1140 4409 enirn
1157 4343 1227 4407 lore
1244 4363 1302 4424 pn·
