2722 4754
233 111 343 163 ,χι

133 187 218 255 sss
392 109 779 280 ΕΕΕοΕΕΕΕΕΕΕ
816 139 1048 299 οΕΕΕἘο

82 338 88 342 ’
132 308 197 410 tuin
215 367 251 407 er
268 343 420 439 his„quae
438 361 454 399 a
471 318 599 398 testibus
618 337 770 412 dicuntur,
788 358 828 398 eo
834 338 966 399 statuitis
984 348 1014 396 et
1026 334 1201 408 decernitis,
1219 357 1296 415 quae

131 431 245 494 vobis
235 440 313 488 iusta
331 445 398 486 esse
414 424 580 483 videantur.
614 423 812 524 Argumentis
836 422 936 483 autem
956 423 1128 499 ostendam,
1158 433 1189 479 et
1207 422 1295 505 testi·
1303 439 1311 449 ⁸

47 500 52 517 ’
132 515 269 576 monium
287 525 370 584 esse,
395 529 458 568 non
475 508 742 588 provocationem,
769 519 816 606 ΕΕ,
835 507 1089 587 quemadmodum
1109 495 1295 585 oportuisset

122 593 295 682 testificari,
314 617 339 654 sa
329 593 446 654 'sacta‘'
450 591 558 654 suisset
573 591 760 674 provocatio,
777 590 856 651 sicut
872 592 948 651 sacta
967 612 1030 651 non
1049 604 1101 655 est.
1119 592 1145 651 Γ
1148 601 1296 663 ertantur,

131 702 164 742 se
182 679 313 741 adfuisse
331 679 411 759 apud
429 678 575 746 arbitrum
593 677 720 749 Tisiam,
749 683 817 736 curn
834 687 1014 756 provocaret
1031 673 1178 734 Phormio
1197 673 1295 754 Apoi-
1332 708 1357 729 ι.

80 803 82 805 ·
128 766 280 838 indorum,
291 775 326 824 ut
339 763 473 843 aperiret
481 762 607 834 tabulas,
620 783 696 841 quas
707 760 868 820 exhibebat
880 760 1046 840 Amphion,
1058 756 1294 839 Cephisophon-

29 871 31 886 ·
129 850 169 910 tis
187 849 301 914 affinis:
317 846 548 932 Apoilodorum
574 859 672 906 autem
693 866 742 905 eas
759 844 875 925 aperire
895 842 1036 904 noluisse.
1072 844 1148 902 Si
1123 864 1170 903 sac·
1185 844 1295 919 testifi-
1347 896 1355 911 ,

16 937 21 951 ’
70 957 74 968 ”
104 934 189 995 'eati
206 944 322 1033 esseut,
347 951 416 991 vera
434 952 500 990 esse
516 929 669 990 testificati
691 929 875 991 viderentur
909 928 1087 1010 Exemplum
1106 941 1208 988 autem
1228 925 1313 987 esse'

42 1062 47 1071 Ε
128 1017 302 1080 testamenti
318 1014 455 1076 Pasionis
474 1036 524 1115 ea,
542 1034 628 1094 quae
636 1014 764 1088 tabuiis,
782 1014 856 1094 quas
874 999 1020 1074 Phormio
1039 1012 1295 1085 exhibuerit,iu-

75 1142 81 1167 Ε
126 1103 239 1196 scripta
257 1101 388 1175 fuerint,
405 1099 525 1173 testari,
550 1121 619 1160 cum
635 1121 693 1159 uec
711 1099 908 1159 adfuerint
881 1121 908 1159 er
926 1110 1140 1160 testamentum
1159 1095 1300 1194 facienti,

59 1204 62 1208 ‘
128 1208 230 1268 neque
248 1186 358 1269 sciant,
384 1205 422 1244 an
439 1196 652 1247 testamentum
670 1184 791 1243 fecerit:
815 1197 919 1243 noune
945 1183 1030 1243 vobis
1056 1181 1179 1244 videtur
1196 1180 1295 1240 mani-

77 1290 80 1295 ’
100 1286 102 1291 ’
128 1272 223 1340 festae
242 1286 307 1332 esse
325 1269 551 1352 impudentiae?
569 1268 652 1329 At
626 1290 653 1328 si
671 1268 754 1344 dicit,
771 1284 816 1341 se,
832 1268 1017 1328 Phormione
1030 1268 1209 1339 affirmante,
1229 1287 1294 1326 cre-

106 1368 109 1372 ’
129 1358 212 1430 dere,
233 1374 353 1415 cavera
367 1360 451 1414 esse.
470 1353 651 1413 eiusdem
623 1353 679 1412 vrri
698 1366 790 1413 estet
808 1354 932 1412 credere
946 1352 995 1411 illi
1013 1373 1047 1413 ea
1064 1350 1243 1424 affirmantI,
1262 1363 1294 1411 et

127 1460 233 1522 parere
251 1439 351 1499 dicere
368 1438 488 1498 iubenti
505 1438 721 1500 testimonium
737 1435 833 1520 Leges
850 1450 950 1498 autem
969 1436 1088 1531 nonita
1106 1437 1294 1537 loquuntur:

128 1526 208 1597 sed,
203 1529 286 1604 qu'ae
303 1524 387 1583 norit
403 1523 511 1602 aliquis
530 1537 560 1582 et
578 1522 688 1602 quihus
705 1521 858 1605 gerendis·
866 1521 1048 1595 interfuerit,
1067 1541 1102 1581 ea
1120 1521 1225 1580 testari
1243 1520 1291 1578 iu-

22 1607 23 1613 *
104 1609 203 1683 ¹>hent
218 1621 309 1707 atqpe
319 1606 436 1667 tabulis
454 1606 636 1680 inscribere,
654 1619 689 1666 ut
706 1626 763 1665 nec
780 1606 912 1668 adimere
929 1606 1018 1667 liceat
1036 1607 1213 1686 quicquam,
1230 1625 1288 1664 nec

52 1756 53 1760 ,
89 1720 94 1729 ·
126 1692 276 1754 addere'
254 1713 302 1767 us,
318 1711 397 1771 quae
410 1691 523 1772 scripta
541 1691 662 1752 fuerint
678 1691 755 1750 Rem
766 1711 844 1750 vero
864 1692 1017 1752 evitente
1035 1691 1169 1750 auditam
1185 1689 1286 1750 testari

113 1794 190 1848 'non
207 1776 329 1848 sinunt,
347 1777 407 1836 sed
419 1797 436 1834 Ε
447 1773 606 1836 defuncto
635 1776 687 1836 De
704 1775 821 1836 rebus
812 1789 904 1850 rtem,
929 1767 1068 1856 quihus
1058 1788 1206 1842 ruterosse
1222 1793 1287 1832 uon

125 1850 278 1963 potueris,
305 1873 336 1920 et
354 1880 430 1940 quae
447 1862 577 1942 peregre
591 1872 693 1941 gestae
711 1873 800 1933 sunt,
824 1856 938 1920 dictum
957 1861 1052 1920 aliena
1071 1861 1133 1920 fide
1149 1859 1291 1919 testimo-

108 1946 210 2035 νΕἰΕΕΕ
235 1943 461 2007 inscribendum
480 1958 527 2006 est
549 1944 675 2005 tabulis.
696 1944 863 2045 eademque
889 1944 1010 2005 actione
1028 1958 1059 2005 et
1084 1945 1184 2026 ipsum
1202 1943 1290 2005 testi-

15 2078 36 2100 ,,
96 2039 97 2042 ’
124 2031 262 2110 monium
281 2043 312 2091 et
328 2031 425 2091 aliena
447 2031 508 2089 fide
534 2029 647 2089 dictum
672 2029 880 2097 testimonium
905 2029 936 2088 in
961 2028 1107 2090 iudicium
1134 2029 1291 2090 adducen-

37 2142 61 2163 ¹
125 2103 197 2178 dnm
216 2129 270 2188 est,
287 2115 388 2188 simol,
405 2129 450 2187 ut,
467 2115 493 2174 si
505 2114 538 2172 in
556 2133 588 2173 se
604 2113 802 2214 receperitis,
820 2137 873 2196 qur
864 2114 992 2173 '‘ttixit
982 2135 1049 2194 rpse
1066 2113 1291 2214 testimouium,

42 2195 106 2270 214
123 2198 176 2261 iile
195 2200 345 2260 obnoxius
369 2199 409 2258 sit
424 2198 492 2258 falsi
515 2198 699 2259 testimonii:
725 2197 821 2259 sinin
840 2218 873 2258 se
896 2219 960 2258 non
976 2199 1144 2290 receperit,
1167 2197 1208 2273 ii,
1234 2197 1292 2278 qui

64 2343 66 2347 .
119 2284 221 2346 aliena
238 2284 298 2343 fide
315 2282 524 2344 testimonium
542 2283 689 2343 dixerunt.
719 2283 779 2342 Sed
792 2283 979 2364 Stephanus,
997 2304 1066 2343 conr
1084 2283 1183 2364 neque
1202 2283 1294 2355 sciat,

70 2404 72 2413 Ε
123 2389 162 2430 ΕΕ
178 2379 264 2450 pater
281 2381 387 2428 noster
409 2378 633 2428 testamentum
647 2367 821 2447 reliquerit,
847 2389 947 2448 neque
969 2380 1111 2447 uuquam
1130 2367 1290 2428 adhibitus

51 2453 225 2526 suerit,
242 2473 310 2512 cum
327 2464 549 2532 paternoster
550 2464 764 2514 testamentum
781 2451 909 2526 faceret,
917 2453 974 2530 sed
993 2472 1009 2512 e
1020 2435 1213 2511 Phormione
1230 2475 1290 2511 au-

30 2587 32 2592 .
104 2537 222 2610 dierit,
238 2557 302 2596 rem
320 2536 452 2596 auditam
461 2547 517 2598 est
530 2548 656 2600 testatus
675 2555 800 2616 eamque
818 2536 934 2612 falsam,
950 2549 1055 2598 contra
1072 2537 1180 2619 legem.
1198 2538 1292 2612 Quae

118 2632 157 2714 nt
174 2640 243 2685 vora
262 2640 327 2684 esse
343 2631 478 2695 constet,
491 2619 554 2704 ipso
573 2621 658 2682 vobis
677 2621 724 2684 lex
742 2621 926 2738 recitabitur

647 2769 753 2820 LEX.

196 2879 279 2937 Rem
297 2872 428 2946 auditam
441 2897 463 2936 e
480 2887 603 2937 mortuo
620 2877 724 2938 testari
742 2875 846 2937 liceat:
867 2875 1075 2956 testimonium
1094 2875 1169 2938 itero
1181 2874 1288 2936 alicua

18 2984 19 2991 ¹
120 2960 179 3074 fide
198 2961 298 3021 dicere
316 2962 354 3020 de
371 2980 410 3019 re
423 2973 504 3021 extra
516 2961 648 3022 Atticam
664 2975 760 3060 gesta,
774 2967 809 3022 ΕΕ
824 2961 872 3020 cui
889 2962 1037 3022 interesse
1054 2979 1118 3021 uon
1123 2960 1285 3042 potueris

78 3095 82 3098 s
150 3045 370 3105 Ostendam
388 3057 488 3106 autem
506 3047 603 3120 vobis,
622 3067 690 3106 eum
709 3046 798 3106 etiam
816 3057 920 3106 contra
938 3045 1024 3105 aliam
1042 3037 1147 3146 legem
1158 3066 1226 3106 esse
1237 3059 1282 3104 te-

50 3147 52 3150 ⁴
120 3084 296 3201 stihcatum,
325 3142 360 3189 ut
377 3129 495 3202 sciatis,
520 3130 752 3204 Phormionem,
778 3130 885 3211 utqui
903 3131 1077 3215 magnarum
1103 3130 1282 3191 iniuriarum
1316 3122 1320 3127 ¹

15 3221 21 3245 ¹
48 3264 60 3299 5
92 3291 95 3295 ,
119 3213 327 3276 defensionem
350 3233 419 3273 non
442 3212 598 3288 haberet,
610 3215 834 3296 provocationis
859 3228 1014 3298 praetextu
1041 3228 1072 3275 et
1088 3215 1190 3296 specie
1216 3233 1283 3274 esse

117 3319 218 3372 usum,
232 3315 267 3357 re
284 3297 348 3378 ipsa
364 3318 436 3357 vero
448 3298 553 3378 ipsum
571 3298 632 3360 sihi
648 3299 757 3359 dixisse
774 3299 993 3399 testimonium,
1011 3299 1184 3360 subornat's
1203 3298 1279 3371 istis,

116 3403 174 3462 per
187 3403 276 3462 quos
274 3395 314 3442 et
323 3381 447 3442 iudices
465 3383 584 3484 decepti
601 3371 688 3456 sunt,
704 3405 796 3467 quasa
788 3383 858 3443 'itti
875 3404 945 3444 vera
954 3376 1219 3472 testificarentur,
1245 3396 1277 3442 et

96 3538 102 3544 ἢ
117 3487 176 3548 ego
193 3466 297 3527 relicta
310 3490 327 3527 a
333 3479 424 3546 petre
435 3467 569 3548 pecunia
586 3490 653 3527 sum
666 3468 827 3548 spoliatus,
844 3488 900 3527 nec
913 3488 1027 3548 poenas
1045 3469 1083 3528 de
1101 3468 1186 3530 factis
1204 3466 1279 3531 mihi
1353 3471 1357 3481 '

85 3590 89 3634 i
116 3549 235 3610 iniuriis
254 3570 377 3632 possum
402 3571 529 3611 sumere.
564 3555 679 3654 Ipsum„
683 3553 762 3615 enim
782 3552 840 3612 sihi
863 3573 928 3612 esse
946 3566 1054 3614 testem
1060 3553 1157 3655 'leges
1176 3551 1279 3612 sinunt

41 3638 68 3703 J
117 3637 288 3709 neminem,
306 3657 363 3696 nec
376 3636 413 3708 in
430 3634 577 3716 publicis,
595 3658 652 3697 nec
662 3637 701 3696 in
717 3636 840 3720 privatis
860 3636 966 3710 causis,
984 3658 1041 3697 nec
1059 3637 1090 3703 in
1109 3637 1277 3699 rationibus

37 3761 45 3791 e
66 3746 70 3751 ·
115 3678 303 3780 referendis.
322 3720 469 3781 ‘Phormio
487 3740 558 3779 vero
576 3719 641 3802 ipse
656 3706 717 3781 sibi
734 3721 821 3782 testis
839 3720 916 3795 fuit,
942 3743 1010 3782 cum
1029 3721 1079 3784 isti
1099 3724 1221 3795 dicant,
1246 3742 1277 3782 se

15 3859 18 3866 .
116 3803 223 3864 exilio
241 3802 350 3864 audita
358 3803 551 3864 testificatos
554 3825 619 3865 esse
637 3807 717 3867 haec
735 3809 777 3867 iit
793 3818 895 3869 autem
908 3827 961 3868 vos
978 3820 1142 3876 remcorto
1162 3827 1277 3892 cogno·

15 3957 18 3965 ,
58 3882 213 3972 seratis,
230 3889 326 3972 ipsam
344 3889 419 3971 mihi
436 3889 535 3972 legem
552 3890 651 3990 recita
701 3929 705 3936 ·
846 3906 847 3911 ¹
919 3917 920 3921 =

564 4023 589 4092 J
639 4046 786 4104 nex„

41 4196 67 4215 s,
143 4143 371 4215 Adversarii
396 4145 564 4205 necessario
590 4146 667 4207 elter
691 4147 851 4217 alterius
841 4117 1033 4234 interrogatis
1059 4149 1272 4274 respondeant,

114 4243 176 4284 non
195 4229 402 4302 testificentur.

167 4309 327 4372 Proinde
345 4313 534 4375 considerate
551 4315 650 4403 legem
668 4315 774 4390 hanc,
787 4330 864 4398 quat
882 4285 958 4379 faiso
976 4318 1155 4381 testimonio
1176 4319 1279 4381 obuo-
