2722 4754
64 139 82 198 7
127 173 193 232 sss
419 115 786 269 ιιιιιιοιιιιιιιιιε
823 114 1077 223 ouArto‘-

132 322 244 384 elassis.
270 319 335 403 Cog
337 319 469 381 noscetis
478 297 586 393 enim,
600 337 653 377 me
670 316 821 403 stipendia
838 290 1005 402 remigibus
1024 326 1055 375 et
1072 312 1266 375 militibus
1241 334 1305 373 ιιιι-

39 400 44 405 ’
121 408 232 501 «gulis
233 406 394 466 mensibus
406 405 543 479 dedisse,
561 426 577 463 a
595 402 724 463 ducibus
743 414 914 463 commeatu
932 388 1076 461 dunlaxat
1092 412 1220 481 accepto
1238 397 1303 481 (ex-

135 505 225 573 ceptu
223 478 375 550 duorum
393 490 544 550 mensium
556 487 721 570 stipendio,
739 500 806 547 toto
824 507 904 557 anno
921 498 956 545 et
964 506 1100 565 quinque
1118 481 1306 565 mensibus):

71 595 152 663 ’,ε
135 564 289 646 ein-tutas
307 597 323 635 ι
337 597 390 634 me
410 576 591 648 conductos,
607 587 640 632 et
657 584 804 652 quantum
821 562 968 652 pecuniae
985 570 1099 660 singuli
1115 567 1307 667 acceperint:

87 710 90 714 Α
135 662 223 726 unde
245 673 279 720 et
300 670 402 721 meum
426 660 578 733 studium,
607 671 638 718 et
661 658 858 758 quamobrem
881 658 940 717 iste
957 679 974 716 ι
993 677 1041 716 me
1069 677 1194 729 navem,
1217 653 1307 714 finito

64 816 73 827 ‚
135 745 332 809 trierarcbiae
347 767 431 808 meae
448 760 598 828 tempore,
615 744 752 824 accipere
770 743 914 817 noluerit,
931 741 1130 823 perspicietis
1184 803 1187 808 ,
1276 788 1279 795 .

540 888 907 971 ιἰειιιιοιιιι.
977 864 1003 925 s

222 999 300 1059 Me
290 1000 385 1084 igitur
402 1000 477 1060 nihil
495 998 564 1060 salsi
590 984 700 1058 dixisse
718 998 798 1078 apud
815 1018 887 1070 vos,
911 995 1049 1070 ludices,
1074 1017 1091 1055 e
1109 993 1244 1055 recitatis
1263 1005 1309 1052 te-

139 1083 289 1145 elimoniis
308 1086 441 1167 audistis.
469 1086 511 1145 Ea
529 1105 632 1166 porro,
651 1103 728 1163 quae
746 1084 843 1143 dicam
861 1104 930 1142 uera
949 1103 1025 1156 esse,
1044 1102 1151 1141 onmes
1168 1079 1246 1138 milri
1263 1100 1310 1138 as-

139 1169 321 1230 sentiemini
357 1170 501 1231 Triremis
526 1170 764 1232 destructionem
788 1190 853 1229 esse
878 1180 997 1237 constat
1022 1167 1170 1248 primum,
1196 1163 1223 1224 si
1242 1163 1309 1242 quis

108 1255 326 1357 Ι’.ιιίιιιιιιιιίιιιιι
344 1274 408 1315 non
426 1256 540 1317 ιοΙιιιι
569 1254 735 1328 deinde,
709 1276 735 1314 ss
754 1253 821 1334 quis
845 1253 961 1314 interea
979 1252 1012 1312 in
1029 1253 1190 1313 Piraeeum
1202 1248 1310 1308 redie-

45 1338 50 1347 '
139 1341 199 1400 rit
223 1340 300 1400 Nam
317 1353 350 1403 et
365 1343 493 1403 maxima
511 1342 546 1402 fit
564 1341 712 1414 desertio,
738 1351 769 1400 et
785 1346 914 1413 nautae,
933 1338 986 1419 qni
998 1349 1186 1414 remanent,
1198 1334 1311 1394 nolunt

139 1447 261 1486 rursum
280 1423 508 1502 co'nscendere,
525 1426 584 1487 nisi
603 1425 721 1489 casalia
739 1425 867 1506 pecunia
885 1426 975 1484 detur
991 1424 1028 1483 ad
1047 1440 1110 1489 rem
1129 1418 1310 1481 familiarem

141 1510 393 1578 constituendam.
403 1513 498 1587 Quae
517 1534 586 1573 cum
603 1524 731 1590 utraque
750 1509 825 1570 milri
842 1531 899 1569 usu
918 1508 1080 1582 venerint,
1072 1500 1229 1567 ludicesz'
1240 1504 1309 1585 plu-

86 1639 91 1652 ,
120 1594 195 1658 ιιι
200 1593 274 1654 milti
291 1593 467 1656 trierarclria
485 1595 629 1657 constitit
647 1596 783 1669 EtenIm,
797 1595 880 1657 nulla
899 1595 1037 1678 mercede
1056 1616 1079 1653 a
1083 1591 1170 1657 duce
1187 1602 1313 1670 acceptu

135 1692 213 1739 octo
231 1679 396 1780 mensibus,
407 1681 474 1743 ltuc
491 1681 604 1762 appuli,
621 1682 738 1764 legatos
755 1679 880 1753 vehens,
897 1660 1068 1761 prepterea
1065 1678 1165 1759 -3quud
1169 1697 1248 1741 mea
1254 1697 1308 1734 na-

38 1788 46 1821 ι
141 1764 193 1825 vis·
206 1765 320 1846 optime
339 1765 484 1828 instructa
504 1779 579 1827 erat
599 1766 639 1828 Et
658 1766 824 1840 hinqcum
842 1787 946 1825 rursus
964 1787 981 1825 a
998 1763 1114 1847 populo
1130 1758 1241 1839 mibi
1227 1782 1311 1820 man-

125 1850 245 1911 ·datum
273 1863 370 1923 esset,
395 1865 431 1912 ut
448 1854 612 1913 Menoncm
639 1851 783 1913 ducem
773 1873 805 1910 ιιι
823 1851 1058 1930 Hellespontum
1075 1831 1237 1925 Autoplis,
1262 1845 1312 1906 cui

44 1937 47 1944 '
104 2006 109 2016 ἴ
135 1934 320 2016 ¹abrogatum
339 1950 403 1998 erat
420 1937 599 2038 imperium,
615 1938 685 1997 luco
703 1936 866 2010 v-eheresn,
881 1934 1040 1999 celeriter
1044 1934 1138 2008 solvi,
1158 1946 1189 1992 et
1207 1933 1238 1991 in
1256 1951 1312 1989 eo

141 2041 210 2080 rum
228 2033 403 2096 nautarum,
427 2023 480 2103 qui
499 2044 547 2084 me
564 2022 773 2103 reliquerant,
790 2023 892 2085 locum
910 2021 1049 2083 conduxi
1060 2021 1165 2096 alios,
1172 2017 1262 2078 donis
1281 2029 1312 2078 et

63 2171 80 2187 ,
142 2106 376 2177 auctoramentis
393 2107 511 2190 magnis
529 2107 614 2169 detis.
648 2107 812 2173 Veteribus
829 2120 930 2171 autem
948 2107 1067 2180 nautis,
1080 2106 1139 2186 qui
1151 2122 1311 2164 remanse-

70 2226 72 2230 ·
140 2202 224 2264 runt,
242 2191 358 2271 aliquid
374 2192 499 2275 largitus
516 2214 602 2290 sum,
613 2193 695 2273 qu'ud
714 2193 797 2253 domi
815 2192 996 2273 reliquerint
1011 2192 1048 2252 ad
1066 2189 1313 2261 constituendam

142 2294 208 2334 rem
226 2275 421 2375 familiarem,
444 2291 590 2359 praeter
580 2278 630 2352 id,
656 2279 739 2358 quod
757 2279 840 2374 prius
864 2290 1057 2358 acceperant,
1075 2296 1139 2357 non
1157 2274 1314 2359 ignoraris,

41 2356 123 2424 '267
143 2360 227 2439 quid
238 2357 348 2440 cuique
367 2363 584 2443 inpraesentia
603 2374 683 2423 esset
702 2385 787 2443 opus.
822 2359 900 2423 Cum
917 2375 1018 2422 autem
1037 2362 1102 2442 ipse
1120 2360 1159 2420 ita
1178 2381 1310 2460 egerem,

144 2448 197 2518 ut,
221 2442 264 2517 ita
281 2467 329 2505 me
347 2459 439 2507 amet
440 2449 560 2528 Iupiter
578 2460 609 2508 ct
625 2447 756 2529 Apollo,
779 2460 870 2509 nemo
888 2461 1021 2508 vestrum
1041 2446 1159 2519 credat,
1177 2444 1313 2524 quinon

144 2549 215 2592 vere
234 2531 390 2613 cognitum
413 2545 524 2607 statum
548 2553 650 2593 rerum
674 2555 809 2594 mearum
828 2533 935 2606 babet,
961 2546 992 2593 et
1009 2533 1138 2592 fundum
1146 2529 1313 2596 Thrasilo-
1349 2594 1352 2602 ,

102 2703 105 2706 ᾗ
145 2615 203 2678 cbo
228 2627 320 2696 atque
336 2597 500 2679 Archeneo
530 2619 795 2702 oppignerassem,
822 2619 946 2700 triginta
971 2617 1060 2677 minis
1086 2616 1170 2698 ab'
1143 2638 1185 2676 ers
1206 2627 1313 2674 mutuo

145 2700 252 2769 sumtis
270 2715 366 2782 atque
377 2701 460 2764 inter
474 2717 579 2765 nautas
596 2703 781 2763 distributis:
790 2704 877 2764 solvi
893 2704 1110 2784 profectusque
1128 2724 1209 2775 sum,
1225 2713 1314 2761 utne

146 2784 223 2866 quid
238 2806 355 2862 eorum,
376 2811 454 2869 quac
470 2789 673 2868 mandaverat,
691 2788 822 2869 populus
839 2784 966 2872 (quod'
957 2811 989 2847 ιιι
1008 2808 1056 2848 me
1075 2788 1201 2866 quidem
1222 2782 1314 2867 esset)

70 2892 73 2899 ¹
102 2930 109 2940 ,
145 2870 337 2945 desideraret
370 2872 493 2948 Quibus
510 2863 616 2935 rebus
624 2874 756 2956 populus
775 2874 885 2935 auditis
911 2896 959 2935 me
979 2887 1010 2934 et
1027 2871 1221 2935 collaudavit
1231 2883 1261 2930 et
1279 2871 1314 2931 ad

38 3013 43 3020 .
147 2976 273 3037 coenam
291 2957 324 3016 in
343 2957 456 3018 curiam
473 2959 618 3021 invitavit
652 2960 736 3020 Haec
752 2980 823 3020 vere
841 2981 858 3019 a
876 2959 1031 3034 medici,
1037 2958 1120 3019 lecto
1136 2955 1312 3051 testimonio

147 3032 180 3101 et
172 3040 357 3159 plebiscito
376 3045 614 3126 cognoscetis·

381 3150 715 3261 ιιιιιιιιιιιιιιιι.
758 3195 1058 3251 ιιιιιιιιιιιιιι
1155 3176 1158 3181 ’

162 3254 397 3376 'Postquam
416 3311 516 3359 autern
534 3299 565 3361 in
584 3272 832 3379 Hellespontum
844 3299 998 3373 venimus,
1025 3319 1094 3358 cum
1115 3296 1314 3362 trierarcbiae

148 3399 233 3440 meae
250 3392 371 3463 tempus
389 3382 517 3459 exisset,
542 3398 572 3444 et
589 3385 739 3466 stipendia
757 3405 820 3443 non
838 3385 898 3445 nist
888 3385 1049 3445 duorum
1064 3384 1215 3444 mensium
1233 3382 1313 3443 rnili-

103 3484 126 3538 χ
148 3464 230 3525 tibus
248 3467 347 3531 soluta
364 3481 483 3542 essent,
500 3481 592 3550 atquc
605 3469 713 3530 alius
704 3491 744 3528 rm
769 3483 869 3531 erutor
885 3468 1100 3531 Timomachus
1118 3467 1283 3540 adesset,
1269 3484 1314 3527 ··1s

80 3608 86 3618 ,
149 3572 235 3632 que
234 3551 335 3613 nullos
361 3553 483 3615 navium
510 3566 699 3615 successores
716 3488 907 3617 adduceret:
929 3554 1018 3615 multi
1036 3574 1052 3614 e
1065 3552 1166 3624 meis,
1191 3551 1314 3613 abiectis

84 3662 123 3713 .·'
147 3634 273 3710 animis,
285 3658 364 3698 nave
382 3639 486 3700 relicte
505 3639 660 3712 abierunt,
677 3638 755 3699 alii
744 3662 779 3699 ιιι
795 3639 898 3701 Asiam
917 3640 1096 3710 militatum,
1114 3638 1194 3697 alii
1183 3660 1217 3699 ιιι
1235 3639 1315 3699 Τ-Ιιι

39 3794 47 3801 .
149 3720 265 3782 siorum
284 3735 314 3782 et
331 3725 550 3785 Maronitarum
568 3744 676 3823 napus,
694 3726 809 3806 magnis
822 3726 950 3785 adducti
968 3724 1126 3806 stipendiis
1147 3744 1314 3806 magnaque

149 3805 279 3953 pecunia
292 3808 379 3888 prius
398 3823 537 3891 accepta,
561 3809 633 3889 quia
650 3822 683 3869 et
700 3822 784 3869 meos
802 3810 920 3871 loculos
939 3811 1132 3880 exhaustus,
1142 3822 1175 3868 et
1192 3830 1315 3890 rempu-

72 3918 75 3925 ι
171 3892 260 3951 licam
278 3913 344 3954 esse
363 3894 587 3994 negligentem,
606 3907 636 3954 et
653 3894 754 3954 socios
773 3894 897 3976 inopes,
915 3907 947 3954 et
958 3897 1065 3955 duces
1075 3895 1206 3967 infidos,
1224 3907 1314 3994 atquc

76 4062 78 4069 Ι
149 3977 315 4038 multorum
333 3978 472 4040 oratione
491 3976 612 4080 decepti
630 4001 661 4039 es
663 3971 743 4067 lent,
760 3992 791 4043 et
801 3979 995 4042 trierarebrae
1011 3979 1206 4081 tempusiam
1225 3980 1316 4053 exire,

150 4076 258 4141 neque
268 4064 392 4125 domum
410 4087 507 4146 param
498 4064 667 4138 reditum,
674 4085 792 4165 'neque
802 4086 1008 4129 successorem
1026 4066 1130 4127 venire
1146 4066 1183 4138 ad
1198 4087 1314 4138 navem,

128 4215 132 4223 .
150 4168 240 4226 aquo
255 4147 369 4230 aliquid
387 4150 453 4231 opis
472 4149 585 4232 sperari
603 4161 666 4210 aut
672 4149 827 4231 impetrari
844 4164 958 4242 posset,
975 4150 1135 4231 videbsnt.
1143 4151 1217 4224 Quo
1235 4150 1314 4219 enim

149 4231 317 4294 studiosius
330 4248 361 4296 et
376 4235 483 4296 melius
496 4256 617 4297 nauem
614 4234 712 4296 bonis
719 4236 906 4319 ,remigibus
913 4237 1111 4318 compleram,
1124 4257 1163 4298 eu
1180 4258 1229 4311 me
1246 4235 1313 4318 plu

147 4336 203 4377 res
208 4337 303 4405 quam
314 4320 413 4383 ullum
429 4321 532 4385 alium·
529 4320 723 4424 preelectum
736 4322 949 4391 deseruerunt
965 4323 1043 4403 Nam
1058 4320 1209 4402 caeteris,
1214 4334 1249 4385 ut
1266 4319 1313 4381 ni-
