2722 4754
56 179 60 198 ·
142 130 235 254 ,sets
315 171 449 306 {ss'
445 128 1003 290 jnunosrnsurss.

81 308 82 313 ἵ
144 327 225 388 dum.
256 321 311 383 Sin
329 323 491 386 verborum
509 291 671 386 blanditiae
690 341 758 387 curn
770 277 867 386 ¹rebus
884 325 965 384 haud
983 326 1191 408 congruentes
1209 306 1304 403 perhi-

145 410 223 472 ciem
242 407 384 469 afferunt:
413 423 511 510 turpe
522 422 567 471 est
585 410 669 470 sibi'
659 432 759 511 ipsum
776 411 880 471 fucum
897 410 1013 484 facere,
1039 423 1089 482 et,
1108 415 1241 469 extrema
1257 412 1303 470 de-

146 512 235 555 ιιιιιιιι
248 507 376 575 urgente
395 494 590 570 necessitate,
618 511 653 556 ea
670 495 853 576 suscipere,
871 513 957 621 quae
966 495 1024 556 iam
1044 493 1118 554 olim
1137 493 1221 552 ultro
1237 516 1303 578 con-

146 579 224 660 fecta
244 598 309 656 csse
313 578 547 658 oportebat
1348 654 1352 663 ἱ

139 667 142 673 ,
1230 677 1248 706 Ι
1285 700 1291 710 a

550 736 909 755 buno-am-

146 829 226 918 Nol
246 821 326 919 idem
345 869 491 919 statuere
495 879 643 946 possum,
661 859 883 934 Athenienses,
911 879 981 920 cum
980 857 1207 962 Ἡιείριιιιιὶοιι.
1204 878 1304 920 nomen

149 965 166 1006 e
185 943 271 1005 vobis
289 943 409 1016 audio,
433 957 464 1003 et
482 966 549 1007 cum
566 939 675 1018 video,
681 945 865 1025 κιιιιοιιιοᾶο
883 936 1016 1004 vestrum
1035 943 1189 1023 quidam
1179 943 1243 1003 eius
1260 944 1303 1005 de·
1323 1010 1327 1020 ,

119 1067 120 1073 1
147 1030 286 1090 fensores
301 1041 428 1101 tractare
441 1028 566 1089 soleant
589 1021 817 1113 Rempnblicam
834 1029 923 1102 enim,
941 1027 972 1087 id
987 1029 1071 1107 quod
1086 1027 1184 1088 nostis
1201 1042 1304 1104 omnes,

149 1114 363 1186 democratiam
387 1107 566 1173 nominatis:
592 1116 645 1173 sed
664 1116 828 1193 quosdam,
856 1113 908 1193 qui
923 1112 1002 1173 huic
1025 1112 1182 1173 contraria
1202 1112 1304 1188 dicunt,

21 1251 24 1256 .
63 1234 68 1240 -
149 1198 295 1259 libentius
321 1219 337 1258 a
363 1199 519 1257 nonnullis
546 1199 644 1258 audiri
670 1199 883 1259 animadverto.
916 1195 1010 1256 Cuius
1035 1197 1081 1257 rei
1107 1193 1217 1276 miror
1229 1219 1336 1259 causas

19 1307 24 1313 ’
59 1302 61 1304 ·
112 1346 125 1354 ,,
151 1281 298 1366 quaesit
341 1281 497 1363 Numquid
517 1304 569 1343 eos
588 1278 704 1342 haec
679 1305 744 1343 srne
762 1284 902 1352 mercede
921 1279 1021 1342 dicere
1038 1281 1174 1362 putatisp
1201 1280 1242 1342 At
1257 1284 1305 1342 oh

152 1367 356 1453 garchiarum,
386 1388 475 1449 quos
487 1367 539 1427 isti
563 1367 747 1441 defendunt,
774 1368 927 1440 domini,
939 1366 1110 1426 tacentibus
1136 1365 1226 1425 etiam
1249 1366 1304 1452 plus

150 1455 264 1515 darent
299 1447 454 1531 Numquid
472 1451 546 1512 haec
563 1452 683 1533 potiora
701 1452 844 1525 creditis?
867 1451 1050 1511 Praestare
1041 1450 1153 1533 igitur
1155 1450 1240 1510 vobis
1257 1453 1305 1511 oli
1330 1464 1334 1468 ’

129 1538 133 1558 l
151 1537 271 1620 garchia
289 1535 490 1608 democratiac
508 1527 634 1596 videtur.
658 1536 813 1616 Numquid
828 1557 885 1596 eos
901 1536 981 1596 viros
998 1535 1143 1594 meliores
1161 1533 1307 1597 iudicatis?

150 1621 230 1698 Quis
247 1639 342 1693 vero,
377 1619 430 1699 qui
449 1632 552 1681 contra
570 1634 734 1721 receptum
748 1611 932 1705 reipublicae
951 1632 1061 1680 statum
1082 1618 1242 1697 conciones
1258 1622 1302 1681 ha-

152 1707 239 1778 beat,
273 1705 387 1785 probus
406 1727 422 1763 a
440 1704 526 1764 vohis
546 1705 707 1766 existimari
725 1706 790 1764 iure
805 1700 953 1806 potest?
965 1703 1162 1783 Reliquum
1151 1703 1306 1785 igiturest,

89 1836 93 1840 Α
153 1811 252 1851 errare
270 1809 340 1863 vos,
367 1788 471 1848 dum
461 1811 493 1848 ru
518 1789 575 1851 ista
595 1782 717 1851 sentent
718 1791 745 1850 ia
763 1790 845 1850 sitis
871 1789 1010 1864 Quael
975 1811 1062 1871 paga
1080 1786 1171 1846 vobis
1189 1790 1309 1848 cavenda

154 1886 214 1947 es't,
241 1872 460 1948 Athenienses,
484 1887 520 1933 ut
542 1897 581 1935 ne
594 1869 767 1956 aliquando
792 1896 904 1936 ansam·
912 1873 988 1946 detis
1012 1871 1255 1944 insidiatoribus,
1281 1895 1311 1933 ae

100 1966 108 1970 “
153 1968 219 2021 lum
235 1959 356 2049 demum
373 1979 486 2019 errasse
501 1980 555 2020 vos
558 1959 759 2043 intelligatis,
777 1980 845 2020 cum
864 1959 895 2018 id
910 1958 997 2032 vohis
1012 1957 1113 2016 nihil
1103 1978 1161 2016 ram
1175 1954 1312 2038 proderit

153 2029 271 2104 Non
243 2066 275 2103 ιιι
294 2065 346 2118 eo,
372 2065 433 2144 quo
452 2064 508 2103 nos
526 2045 689 2119 vellemus,
706 2045 927 2117 Athenienses
949 2035 1019 2103 loc‘o
1039 2061 1105 2102 csse
1124 2042 1239 2114 omnia,
1263 2063 1313 2101 ne·
1343 2056 1353 2096 '.

74 2126 77 2138 '
155 2150 214 2211 que
233 2130 311 2208 apud
330 2150 383 2188 vos
402 2129 502 2227 ipsos,
535 2151 635 2210 neque
654 2130 734 2211 apud
752 2130 869 2203 socios,
902 2127 1036 2194 minime,
1043 2127 1178 2186 fortassis
1197 2139 1245 2185 est
1263 2128 1330 2186 mi·¹

153 2214 296 2273 randum.
307 2213 429 2300 multa
438 2212 518 2273 enim
543 2215 683 2275 fortunae
705 2213 911 2274 fluctuantis
902 2218 1098 2313 incertaeque
1121 2211 1248 2271 arbitrio
1271 2233 1313 2271 re-

154 2308 286 2396 guntur,
314 2307 481 2377 causaeque
498 2279 600 2379 plures
618 2287 804 2371 exsistunt,
812 2310 868 2359 cur
884 2318 947 2357 uon
966 2297 1068 2357 omnia
1087 2316 1122 2354 ex
1136 2295 1235 2354 animi
1254 2317 1312 2355 sen-

154 2381 250 2443 tentia
267 2382 444 2442 mortalibus
464 2383 610 2443 eveniant
644 2385 687 2444 At
706 2385 819 2443 nullam
839 2404 903 2443 esse
921 2403 1045 2464 prorsus
1063 2380 1170 2460 populi
1188 2382 1311 2440 auctori-

119 2482 127 2496 ‘
153 2479 265 2540 tatem,
283 2468 335 2527 sed
353 2466 434 2527 illius
452 2467 637 2528 adversarios
656 2468 815 2542 dominari,
833 2464 892 2526 hoc
911 2479 942 2526 et
958 2465 1128 2526 mirandum
1149 2476 1210 2536 est,
1227 2464 1312 2527 Athe-

95 2550 116 2591 ?
156 2551 294 2630 aienses,
313 2564 356 2625 et,
376 2573 444 2615 mco
463 2552 585 2630 quidem
600 2552 776 2634 iudicio,
752 2575 778 2612 ιι
797 2553 849 2633 qni
867 2548 958 2628 recte
968 2551 1123 2633 cogitent,
1142 2548 1312 2610 formidolo-
1346 2626 1349 2635 ‚

67 2658 95 2670 ··
155 2657 230 2696 sum.
265 2635 311 2696 Ac
329 2637 424 2697 totius
437 2636 566 2716 quidem
584 2638 730 2699 orationis
748 2639 807 2704 hoc
825 2636 898 2714 mihi
916 2635 1101 2717 principium
1123 2645 1177 2693 est.
1268 2656 1270 2660 ·

1064 2846 1068 2850 ’
1143 2869 1155 2902 ι

155 2885 287 2996 Magnis
307 2917 432 2997 opibus,
450 2902 674 2990 Athenienses,
691 2917 857 2991 rationem,
875 2938 939 2996 qua
950 2912 1146 2999 perspicuum
1164 2922 1229 2996 fiat,
1247 2908 1353 3002 qnid

39 3065 46 3071 ,
115 3045 121 3055 .
157 3000 190 3059 in
207 2999 267 3058 illis
285 3002 385 3062 rebus
395 3003 544 3083 optimum
560 3003 640 3064 factu
658 3003 707 3076 sit,
728 3005 776 3062 de
784 3003 910 3102 quwibus
912 3021 994 3061 nunc
1012 2997 1198 3106 deliberatis,
1215 3028 1309 3068 omnes
1350 2972 1353 3050 l

69 3165 72 3169 ἢ
157 3105 211 3144 vos
234 3086 420 3184 praelaturos
444 3088 581 3147 arbitror
617 3089 710 3162 Quod
728 3104 795 3148 cum
820 3088 859 3147 ita
879 3087 935 3159 sit,
964 3087 1058 3148 oflicii
1082 3090 1175 3156 vestri
1197 3105 1255 3165 est,
1280 3104 1313 3152 ut
1351 3094 1353 3132 :

157 3190 212 3230 uos
237 3168 309 3268 ipsi·
319 3165 450 3232 libenter
473 3172 599 3233 audiatis
625 3192 693 3257 eos,
721 3173 775 3250 qui
799 3173 885 3231 vobis
911 3172 1083 3233 consultum
1109 3175 1224 3246 v'olunt
1255 3176 1321 3249 Nec¹
1350 3171 1353 3189 ¹

74 3255 137 3315 409
162 3255 260 3336 enim,
285 3254 310 3315 si
328 3256 395 3333 quis
413 3255 488 3316 utile
507 3249 622 3336 aliquid
639 3248 800 3316 meditatus
818 3253 968 3338 attulerit,
986 3256 1016 3314 id
1035 3251 1138 3318 solum
1156 3260 1258 3320 audire
1268 3273 1313 3319 at-

100 3357 217 3418 que
236 3334 370 3418 accipere
395 3340 513 3403 licebits
539 3342 593 3401 scd
618 3341 693 3401 illud
720 3341 809 3400 etiam
834 3355 949 3401 vestrae
972 3340 1127 3403 felicitatis
1154 3366 1221 3404 esse
1238 3358 1314 3425 puto,

156 3435 193 3483 ιιι
217 3423 310 3482 multa
336 3425 421 3485 utilia
448 3425 530 3485 dictu
555 3426 656 3497 subito
673 3424 897 3503 quibusdam'
887 3449 920 3485 ιιι
939 3438 1079 3524 mentem
1106 3430 1261 3489 veniant
1278 3430 1315 3489 Er

159 3507 325 3568 omnibus
316 3509 410 3590 agitur
422 3495 555 3594 deligere
568 3511 599 3570 id
613 3509 705 3573 facile
713 3510 817 3586 fuerit,
830 3512 914 3590 quod
928 3507 1056 3570 maxime
1071 3512 1159 3574 vobis
1178 3514 1315 3594 expediet

562 3653 904 3677 mum-a-
909 3671 915 3676 .

157 3768 307 3874 Aequum
326 3809 387 3872 est,
404 3797 625 3868 Athenienses,
643 3805 824 3876 cumpenes
841 3816 893 3856 vos
912 3796 966 3870 sit,
985 3817 1021 3856 ex
1038 3797 1102 3869 his,
1121 3817 1201 3877 quae
1220 3799 1318 3859 dicun·

84 3902 87 3904 ’
156 3895 222 3952 tur,
251 3882 380 3981 eligere,
405 3884 491 3962 quod
510 3882 635 3942 maxime
653 3880 804 3961 probatis,
831 3901 938 3940 omnes
954 3882 1059 3941 audiri.
1094 3883 1220 3942 Etenim
1240 3902 1320 3965 saepe
1351 3912 1353 3956 j

30 3966 34 3983 ’
155 3967 330 4040 usuvenit,
352 3979 393 4027 ut
415 3968 500 4028 idem
517 3965 639 4026 homo
629 3986 661 4024 m
680 3965 738 4024 alio
758 3978 854 4039 erret,
882 3966 913 4023 iu
931 3966 1091 4027 aliorecte
1111 3967 1234 4027 sentiat„
1268 3971 1322 4029 Tu>

69 4115 75 4124 N
154 4052 333 4112 multuando
351 4065 453 4112 autem
472 4065 503 4111 et
521 4050 662 4111 celeriter
678 4049 872 4109 fastidiendo
878 4049 962 4108 fieri
960 4063 1073 4131 potest,
1090 4063 1127 4110 ut
1142 4052 1261 4112 multis
1269 4052 1321 4114 uti

155 4134 234 4194 libus
254 4136 387 4197 consiliis
404 4135 594 4197 fraudemini.
629 4134 720 4194 At
696 4156 721 4194 sr
740 4135 882 4193 modeste
905 4135 1058 4213 taciteque
1084 4135 1241 4197 audietis:
1257 4150 1322 4197 tum

156 4219 258 4278 officio
276 4221 363 4300 plane
382 4219 570 4303 fungamini,
596 4232 694 4292 tum,
706 4218 731 4278 si
751 4218 835 4305 quis
831 4219 961 4278 delirare
979 4218 1161 4294 videbitur,
1188 4241 1261 4281 eum
1276 4242 1324 4282 ue·

79 4361 86 4368 ,
155 4299 283 4413 gligetis.
300 4306 366 4386 Ego
385 4326 458 4392 vero
477 4304 571 4364 multa
588 4303 684 4364 verba
696 4303 794 4364 facere
813 4323 912 4385 neque
930 4303 1026 4378 soleo,
1045 4324 1167 4421 neque,
1185 4307 1219 4367 si
1231 4307 1326 4368 hacte-
