2722 4754
79 169 80 173 ‘
132 138 217 230 Ῑιιι
517 180 520 184 ’
555 157 938 229 ιιιιοιιιιιιιιι
949 205 982 213 ..

151 322 256 381 lucum
273 316 397 392 lecerit,
424 339 475 390 ea,
500 338 686 418 quocunque
702 333 840 406 tempore
859 332 891 381 et
904 321 1001 382 vestri
1018 332 1087 381 e'sse
1106 319 1198 394 iuris,
1222 333 1252 381 et
1267 345 1315 385 au-

110 421 113 431 ·
152 407 217 466 dire
235 403 408 476 volueritis,
425 423 530 463 rursus
549 404 716 478 examinet,
731 419 788 478 ut,
806 427 832 464 ιι
823 405 920 467 talia
931 405 1116 487 uideantur,
1136 404 1249 503 qualia,
1267 410 1315 488 qui

151 505 217 551 tum
235 497 463 572 persuaserant,
491 507 564 548 esse
588 502 813 562 asseruerunt,
838 511 872 550 ea
896 490 1047 570 promtius
1073 490 1171 571 agatis
1187 505 1223 550 ut
1239 512 1314 552 cona-

74 624 80 630 .
120 626 123 633 .
149 574 293 656 probata:
324 573 371 632 sin
398 572 477 652 ¹sorte
505 593 568 631 non
591 573 746 635 eiusmodi
772 575 981 655 reperiuntur,
1007 587 1174 654 antequam
1200 576 1315 657 longius

89 661 95 665 ’
150 659 342 740 procedatur,
361 656 514 717 desinatis
543 657 649 719 Grave
669 659 750 719 enim
769 659 916 733 ιιιιιίι,’
891 682 926 733 ιι,
945 660 1069 740 optimis
1088 660 1236 732 frustrati,
1253 681 1314 739 pes-

151 744 225 805 sima
249 763 339 824 agere
352 763 485 802 necesse
510 741 666 802 habeatis:
693 758 744 804 aut
768 744 796 802 si
814 744 930 805 deinde
954 766 1012 805 nec
1037 767 1054 805 e
1071 760 1113 807 ιι
1138 756 1209 803 nata
1233 745 1315 808 liceat

149 841 266 889 mutare
285 827 454 888 consilium.
473 827 565 887 Alios
585 827 728 906 equidem
748 850 868 902 omnes,
882 853 908 889 ιι
899 830 1001 909 quid
1019 853 1036 890 a
1053 818 1260 909 se-praeclare
1276 830 1314 890 ιι-

148 927 235 973 ctum
251 913 416 983 confidant,
434 912 465 970 id
482 934 589 986 uuum,
608 912 757 974 rationem
776 935 809 973 se
826 916 954 975 reddere
972 928 1105 994 paratos,
1123 914 1235 973 iactare
1252 934 1316 995 per,

147 1011 241 1078 petuo
260 998 358 1056 video.
377 999 420 1055 At
436 996 487 1055 isti
505 1009 612 1057 contra
629 996 661 1056 id
678 999 918 1078 reprehendunt,
937 1001 1020 1077 quod
1039 999 1105 1059 illas
1124 1019 1186 1071 res,
1205 998 1314 1080 in-qni-

59 1132 62 1137 .
147 1083 204 1143 hus
223 1081 362 1164 errastis,
381 1103 463 1143 nunc
480 1088 656 1164 prorogare
664 1083 773 1142 tultis.
770 1096 883 1166 atque
900 1084 1107 1163 imposturam
1120 1082 1314 1147 valentiorem

147 1180 291 1251 oportere
309 1187 376 1226 esse
394 1167 567 1226 existimant
585 1189 631 1238 ea,-
647 1189 725 1245 quae
741 1188 826 1227 mora
841 1167 1051 1229 intercedente
1065 1168 1113 1240 fit,
1130 1166 1314 1248 probatione.

146 1252 231 1327 Quid
249 1265 349 1312 autem
368 1251 413 1310 illi
429 1252 621 1332 propositum
647 1251 809 1325 habeant,
830 1265 963 1313 vestrum
988 1254 1079 1312 etiam
1098 1252 1254 1340 plerique
1257 1255 1313 1313 lor-

132 1350 225 1413 ,tasse
243 1359 310 1396 non
325 1335 476 1418 ignorant
500 1337 561 1396 Sed
580 1338 723 1416 quoniam
742 1338 888 1405 dicendae
900 1339 1080 1397 sententiaa
1096 1349 1236 1416 potestas
1250 1330 1331 1405 datax

147 1435 207 1481 est:
226 1442 260 1481 ea
276 1441 429 1501 quemque
443 1421 581 1500 prolerre
596 1415 693 1495 decet,
711 1443 766 1503 per
781 1443 859 1502 quae
875 1423 999 1545 negotia
1013 1423 1089 1482 haec
1106 1441 1200 1500 quarn
1216 1423 1312 1483 rectis-

105 1571 115 1582 .
143 1506 222 1565 sime
240 1505 533 1565 administrentur.

554 1693 908 1702 mv*-

145 1817 251 1925 Quod
269 1843 462 1924 profuturum
482 1855 528 1902 est
544 1841 703 1902 universae
722 1840 854 1914 civitati,
871 1840 902 1900 id
920 1854 956 1900 ut
975 1855 1007 1901 et
1024 1842 1145 1901 dicatur
1163 1841 1201 1900 ab
1220 1844 1310 1902 omni-

70 1923 73 1927 *
144 1932 202 1992 hus
225 1943 349 2009 precor,
371 1928 593 2001 Athenienses,
611 1939 651 1985 -et
673 1949 690 1985 a
710 1925 797 1988 vobis
817 1925 1006 1986 decernatur,
1039 1926 1110 2008 Ego
1127 1927 1259 2006 quidem
1279 1949 1309 1988 ea

144 2017 261 2090 dicam,
280 2035 356 2109 quae
374 2013 534 2072 utilissima
552 2031 620 2071 esse
635 2010 721 2073 vobis
740 2010 985 2090 mihi'persu'asi,
1003 2024 1126 2071 tantum
1143 2023 1279 2091 precatus
1294 2035 1307 2072 a

129 2096 296 2174 =uobis,
281 2120 320 2157 ne
338 2098 386 2159 vel
404 2097 477 2156 belli
494 2096 680 2176 suscipiendi
697 2109 836 2157 auctores
854 2103 1017 2196 propterea
1035 2095 1152 2168 fortes,
1180 2096 1229 2155 vel
1246 2097 1306 2156 illo-

81 2215 84 2222 =
142 2208 210 2244 rum
233 2182 455 2243 adversarios
439 2203 570 2262 ignavos
590 2180 694 2240 eadem
714 2181 752 2239 de
769 2200 871 2240 causa
868 2181 1062 2244 *existimetis
1088 2180 1208 2260 Neque
1234 2182 1305 2243 enin

142 2271 247 2341 eadem
272 2280 334 2340 est,
358 2266 579 2338 Athenienses,
604 2265 827 2344 probandarum
852 2278 883 2324 et
906 2266 1082 2325 orationum
1100 2278 1138 2323 et
1161 2266 1305 2327 actionum

125 2354 227 2413 'ratio
244 2353 334 2411 Nunc
351 2351 432 2411 enim
448 2352 616 2437 prudenter
630 2349 809 2409 deliberare
814 2370 868 2409 vos
883 2351 989 2412 decet:
1008 2364 1075 2409 tum
1090 2369 1176 2423 vero,
1193 2373 1220 2409 ιι
1211 2351 1304 2410 sorte

142 2438 250 2497 visum
254 2437 357 2510 suerit,
375 2436 466 2496 ιιιιι
480 2433 570 2495 ιοιιίι
586 2434 727 2493 facinora.
744 2434 801 2494 Ac
798 2445 906 2494 vestra
922 2435 1046 2514 quidem
1062 2435 1200 2495 alacritas
1215 2457 1302 2514 quan-

140 2523 210 2582 tivis
228 2521 337 2621 pretii
337 2520 456 2580 aetolis
474 2520 575 2591 adest,
594 2519 730 2598 qualem
732 2518 882 2604 exoptarit
899 2519 944 2592 is,
962 2543 1015 2599 qur
1006 2519 1220 2600 reipublicae
1238 2541 1301 2581 con-

39 2621 41 2625 ’
140 2607 252 2668 sultum
262 2601 360 2671 velit·
379 2626 458 2684 quae
472 2617 587 2684 quanto
605 2603 821 2667 vehementior
835 2616 881 2664 est
898 2610 999 2683 atque
1006 2605 1210 2704 praeclarior,
1226 2617 1300 2665 tanto

139 2691 233 2773 magis
256 2691 494 2790 providendum,
520 2702 557 2748 ut
581 2709 615 2747 ea
641 2702 813 2787 opportune
838 2689 1022 2752 utaminit
1008 2688 1135 2750 Nullius
1158 2690 1240 2752 enim
1262 2689 1301 2749 rei

80 2823 85 2828 .
138 2776 291 2856 susceptio
305 2775 477 2846 laudatur,
504 2773 562 2832 nisa
553 2772 672 2831 finem
691 2774 786 2832 etiam
798 2774 909 2833 utilem
922 2773 1081 2832 sortiatur
1089 2787 1121 2833 et
1140 2762 1300 2834 honestum

138 2861 204 2943 Ego
223 2881 316 2932 vero,
340 2858 565 2938 Athenienses,
591 2858 682 2936 apud
688 2879 742 2916 vos
762 2879 778 2916 e
796 2859 867 2918 viro
880 2876 929 2916 me
947 2858 1068 2917 andis'sc
1087 2859 1231 2932 memini,
1256 2859 1299 2938 qui

55 2951 119 3011 434
140 2966 197 3004 nec
214 2943 375 3024 prudentia
394 2964 513 3016 carere,
545 2962 603 3000 nec
619 2941 778 3021 imperitus
804 2963 850 3001 ιιι
841 2942 1004 3020 militaris
1022 2942 1198 3016 videretur,
1228 2943 1299 3022 lphi-

141 3042 252 3088 cratem
271 3029 351 3102 dico,
368 3028 422 3107 qui
440 3027 483 3086 sic
500 3039 657 3098 assereret,
678 3027 851 3087 adeundum
871 3047 936 3086 esse
955 3026 1025 3085 duci
1044 3027 1210 3087 discrimen
1227 3028 1299 3100 helli,

47 3154 49 3160 -
139 3134 203 3172 non
228 3126 263 3173 ut
282 3112 334 3172 vel
358 3113 433 3172 haec
456 3113 504 3170 vel
528 3111 578 3169 illa
602 3111 776 3185 evenirent,
801 3113 860 3170 sed
871 3123 908 3170 ut
925 3111 1014 3170 haec:
1041 3111 1088 3170 his
1109 3113 1193 3171 e‘nirn
1210 3112 1298 3171 rerhis
1333 3147 1337 3157 =

138 3198 288 3276 utebatur
313 3192 422 3257 Facile
440 3209 542 3255 autern
560 3195 803 3277 intelligebatur,
822 3196 882 3255 hoc
900 3215 970 3254 eum
988 3195 1082 3269 velle,
1101 3208 1139 3255 ιιι
1156 3197 1235 3257 hene
1251 3219 1299 3298 pq:

139 3297 252 3365 guaret,
286 3283 431 3361 Suscepto
449 3280 545 3362 igitur
562 3281 781 3359 expeditione'
772 3304 824 3353 ιι,
835 3281 865 3339 in
886 3301 976 3359 quem
995 3281 1106 3356 collata
1126 3293 1174 3340 est
1191 3281 1300 3361 imperii
1329 3316 1335 3327 ι

101 3389 104 3391 Α
137 3368 311 3438 auctoritas,
329 3387 385 3425 suo
402 3386 458 3426 vos
468 3364 620 3423 arbitratu
636 3365 733 3425 ducit·
751 3386 835 3425 nunc
848 3385 922 3424 vero
940 3364 1072 3443 quisque
1084 3374 1222 3427 vestrum
1237 3366 1301 3425 belli

138 3453 229 3511 duces
249 3453 328 3510 estis
357 3453 460 3529 ltaque
479 3449 654 3508 huiusmodi
673 3450 799 3510 consilia
815 3450 902 3509 vobis
921 3448 1055 3509 ineunda
1073 3461 1158 3523 sunt,
1179 3471 1253 3530 quae
1269 3442 1300 3511 ah

138 3538 223 3594 omni
240 3549 324 3615 parte
343 3536 514 3616 conducant
531 3533 731 3613 reipublicae,
763 3556 862 3618 neque
881 3533 1156 3609 committendum,
1186 3550 1222 3596 ut
1237 3548 1299 3616 pro-

137 3634 206 3701 pter
222 3620 351 3695 incertas
370 3638 438 3699 spes
457 3618 619 3697 quicquam
637 3618 688 3681 isti
705 3620 842 3680 felicitati
860 3619 1065 3699 periculosum
1085 3620 1258 3680 admittatis.

837 3806 898 3814 ...—

82 4016 85 4023 ,
136 3932 306 4017 Neminem
324 3956 391 4015 fore
409 3952 569 4053 putabam,
590 3949 811 4027 Athenienses,
836 3953 905 4032 qui,
929 3955 1002 4013 actis
1022 3956 1088 4016 suis
1107 3959 1227 4034 sactus,
1249 3962 1303 4021 cui

139 4064 228 4120 quam
246 4042 427 4100 irasceretur
444 4039 476 4096 in
495 4058 529 4097 ea
547 4037 730 4117 inquirenti.
757 4057 817 4116 quo
836 4040 916 4097 enim
936 4039 1002 4097 illa
997 4043 1132 4122 saepius
1154 4047 1305 4126 explorah

137 4139 204 4224 tur,
228 4146 265 4184 eo
283 4125 397 4183 maiore
414 4143 539 4182 necesse
558 4135 604 4182 est
621 4135 759 4182 auctores
777 4123 900 4199 illorum
911 4123 1030 4183 llorere
1049 4128 1165 4208 gloria.
1201 4136 1306 4192 Verum

43 4243 48 4247 ·
138 4211 197 4289 ipsr
188 4209 289 4268 mihi
305 4208 405 4289 'palan'r
420 4207 518 4271 facere
534 4206 725 4284 videntur,
723 4228 755 4267 se
772 4228 825 4265 ιιι
839 4194 1068 4270 administrasse
1087 4234 1158 4274 non
1178 4237 1217 4277 ex
1234 4217 1307 4279 utili-

134 4306 200 4354 :tate
218 4293 408 4373 reipublicae.
422 4292 514 4381 Qui
504 4292 609 4374 igitur,-
624 4313 694 4351 cum
712 4292 777 4351 de'
768 4295 888 4375 integro
903 4293 988 4372 ratio
1005 4298 1220 4364 consiliorum
1236 4316 1309 4365 acto-

1210 4429 1251 4459 ,Ox
