2722 4754
133 226 194 284 100
422 214 785 279 usnosruuurs
818 193 1010 295 οιιιιιο
1089 194 1124 290 ᾖ

132 377 254 438 monios
271 376 371 436 statim
389 375 455 435 iore
473 386 629 455 potentes:
656 373 703 433 sin
720 372 801 433 forte
819 372 984 433 manserint
999 368 1175 437 incolumes
1194 369 1305 455 (sicuti
1331 432 1351 443 Η

133 461 306 522 nonnulla'
297 482 357 519 ram
373 471 494 538 praeter
510 479 593 538 spem
615 456 815 541 evenerunt),
839 459 945 519 firmos
960 456 1177 518 l'hebanorum
1197 457 1305 516 socius

25 606 28 611 .
77 612 80 617 ,
123 548 242 627 'merito
261 546 396 604 futuros·
423 544 449 603 si
466 557 566 603 autem
594 565 646 604 eos
664 564 718 604 vos
742 543 935 624 receperitis,
963 530 1090 603 salutem
1107 565 1193 603 suam
1209 540 1306 602 vohis

130 643 284 710 acceptam
307 628 464 688 relaturos.
504 633 620 689 Verum
646 640 787 688 eventum
813 641 844 687 et
869 626 997 709 periculi
1022 626 1306 707 considerationem

130 715 344 777 transferamus
363 713 484 787 abillis,
502 713 644 815 idemque
662 713 820 794 negotium
837 712 869 771 in
882 712 1035 772 Thebanis
1049 725 1080 772 et
1095 694 1312 773 Lacedaemo--

41 796 44 801 ¹
130 801 189 861 niis
208 796 442 859 consideremus
475 798 534 857 Si
525 799 619 881 agitur
636 797 774 857 Thebani
792 796 884 870 bello,
902 810 938 857 ut
954 797 1076 871 dehent,
1093 799 1212 858 subacti
1230 797 1304 855 fue-

53 895 55 899 ’
128 886 206 944 ιίιιι.
232 885 313 942 iusto
332 884 459 944 maiores
475 902 538 941 non
558 895 649 942 erunt
664 882 911 955 Lacedaemonii,
938 884 1020 961 quod
1038 882 1170 943 Arcades
1189 883 1304 943 adver-

128 958 222 1031 sarius
241 969 272 1027 in
291 968 399 1028 vicinia
417 967 579 1027 habebunt
597 965 652 1033 Sin
667 966 806 1027 Thebani
820 967 900 1026 sorte
916 968 1094 1037 emerserint
1110 968 1302 1028 incolumes-

129 1076 189 1136 que
208 1053 373 1113 manserint
391 1066 422 1111 et
439 1073 502 1111 non
529 1050 733 1111 conciderint.
758 1052 864 1113 saltem
883 1042 1064 1115 infirmiores
1084 1065 1191 1127 erunt,
1208 1064 1301 1132 post-
1324 1062 1330 1069 '

128 1162 218 1221 quam
237 1136 268 1196 hi
286 1137 362 1198 socii
353 1136 469 1197 nobis
488 1136 592 1195 sactis
577 1149 607 1195 t
625 1157 681 1216 per
697 1157 754 1195 uus
771 1136 942 1197 conserrati
958 1137 1079 1197 suerint
1104 1140 1208 1214 Quare
1229 1157 1302 1199 mo-

46 1236 49 1243 ’
128 1225 173 1285 dis
193 1222 334 1283 omnihus
355 1223 491 1302 expedit,
509 1234 545 1280 ut
561 1220 697 1281 Arcades
716 1242 816 1300 neque
834 1223 1017 1295 deseramus,
1034 1244 1136 1303 neque
1153 1222 1300 1283 commit-

127 1324 234 1380 tamus,
253 1330 280 1366 ιι
270 1307 375 1366 forte
393 1306 558 1367 manserint
576 1306 754 1380 incolumnes,
772 1319 807 1366 ut
820 1318 871 1366 aut
886 1306 949 1365 suis
967 1307 1095 1375 evasisse
1108 1306 1226 1368 viribus
1245 1318 1301 1369 aut

127 1394 256 1454 aliorum
272 1413 383 1472 opera,
407 1412 441 1453 ae
459 1412 522 1450 non
540 1404 638 1451 vestra
655 1411 715 1470 ope
741 1391 911 1452 conservati
935 1411 1000 1452 esse
1024 1392 1190 1453 videantur.
1228 1392 1299 1475 Ego

127 1480 260 1578 quidem,
278 1477 492 1548 Athenienses,
510 1477 583 1536 deos
603 1487 714 1549 testor,
733 1497 781 1535 me
799 1489 925 1536 neutros
942 1476 989 1537 vel
1009 1498 1108 1539 amare
1125 1478 1174 1539 vel
1192 1476 1297 1551 odisse

125 1563 282 1645 privatim,
308 1563 362 1621 sed
382 1583 415 1621 ea
434 1561 563 1635 dixisse,
577 1582 654 1640 quae
672 1561 759 1621 vobis
777 1562 936 1641 profutura
953 1561 1074 1642 pute’m:
1098 1576 1129 1623 et
1145 1583 1201 1622 vos
1220 1546 1294 1621 hor-

124 1663 176 1707 tor
193 1660 284 1726 atquc
308 1667 437 1718 moneo,
463 1667 502 1704 nc
519 1646 749 1728 lllegalopolitas
775 1647 937 1720 deseratis,
964 1661 1016 1707 aut
1042 1647 1170 1709 omnino
1183 1638 1296 1743 ullurn

124 1730 355 1793 imbecilliorem
375 1730 536 1791 obiicitatis
555 1731 732 1792 violentiae
729 1731 950 1813 potentiorum
1001 1770 1003 1774 ⁴

424 1948 497 1959 οισι·-

40 2123 100 2181 135
147 2044 382 2211 ORATIO
417 2105 489 2183 DE
523 2106 804 2223 F‘OEDERE
839 2101 1285 2193 ALEXANDREO,

569 2305 834 2315 -n———--

266 2452 565 2514 LlBANll
612 2450 1143 2513 ARGUMENTUM
1230 2444 1276 2461 '¹

77 2566 238 2676 Quum
255 2580 428 2656 Alexander
444 2596 571 2657 Macedo
589 2599 758 2656 Messenam
774 2595 930 2661 Philiadae
954 2597 1076 2679 tyranni
1104 2596 1176 2657 filiis
1198 2598 1289 2659 resti-

121 2681 245 2741 tuisset·
271 2693 390 2740 accusat
413 2702 484 2742 cum
510 2684 546 2743 de
568 2682 713 2754 foedere,
742 2681 871 2781 quod
843 2703 872 2740 et
896 2704 964 2742 cum
989 2670 1229 2743 Atheniensibus
1255 2696 1288 2742 et
1343 2750 1351 2765 ¹

122 2765 247 2825 Graecis
265 2765 449 2839 intercedat,
472 2765 602 2827 violato:
626 2767 753 2825 affirmat
771 2766 878 2839 etiam,
897 2767 1079 2843 Macedones
1097 2767 1202 2828 multis
1218 2767 1288 2828 aliis

120 2851 153 2910 in
171 2850 262 2910 rebus
280 2851 373 2932 pactis
391 2870 455 2909 non
480 2853 616 2924 stetisse,
642 2850 734 2929 idque
753 2871 816 2910 non
840 2808 1057 2934 negligendum
1080 2872 1150 2912 esse
1173 2864 1286 2914 censet

39 2948 63 2986 ¹·
120 2935 252 2995 lidetur
265 2947 366 2994 antem
382 2934 456 2995 baec
473 2937 570 2997 oratio
586 2937 662 2996 lalso
678 2933 772 2994 tribui
787 2935 995 2997 Demostheni.
1013 2957 1070 2997 nec
1089 2937 1169 2997 enIm
1186 2938 1287 2999 torma
1340 2996 1349 3007 ,

122 3019 267 3080 orationis
283 3041 353 3079 cum
366 3019 431 3080 aliis
442 3021 686 3081 Demosthenicis
705 3020 860 3082 uorrvenit.
878 3023 932 3082 sed
946 3022 1161 3105 adHyperidis'
1169 3024 1287 3105 stylum

120 3104 261 3185 proprius
279 3104 411 3177 accedit,
438 3127 506 3165 cnm
523 3107 558 3168 in
574 3106 656 3179 aliis,
680 3118 746 3166 tum
764 3107 863 3167 verbis
882 3106 1081 3187 quibusdam,
1104 3106 1176 3167 huic
1193 3130 1287 3188 ιιιιιιιι

95 3202 99 3219 ’
119 3189 320 3250 Demostheni
337 3189 430 3272 magis
448 3192 583 3265 usitatis,
608 3190 702 3251 veluti
718 3186 892 3262 νεόπλουτοι,
912 3191 1024 3266 idest,
1048 3192 1120 3253 novi
1143 3192 1286 3277 homines

117 3274 166 3335 vel
180 3295 280 3356 nuper
293 3274 389 3363 ditati,
407 3287 437 3334 et
453 3266 592 3359 dlslvp‘
560 3298 684 3347 sooner,
699 3274 803 3347 idest,
818 3274 956 3356 improbe
972 3298 1005 3338 ac
1018 3278 1193 3358 petulanter
1205 3288 1285 3360 aget.

36 3602 47 3623 ⁹
102 3574 343 3679 ’Vehementem
356 3600 570 3678 Athenienses,
584 3602 732 3686 probandi
746 3615 827 3677 sunt,
840 3603 894 3683 qui
905 3606 1104 3681 exhortantur
1116 3618 1149 3666 et
1162 3603 1285 3679 iubent,

116 3702 152 3750 ιιι
159 3689 262 3790 ,pactis
279 3701 310 3749 et
326 3691 483 3751 conventis
502 3702 624 3763 stemus,
643 3689 669 3748 si
684 3690 724 3748 ita
737 3689 882 3762 sentiunt,
899 3703 935 3750 nt
950 3691 1133 3770 loquunturz
1149 3691 1286 3751 liberum
1319 3712 1325 3721 ’
1343 3748 1348 3757 ,

117 3775 198 3835 enim
216 3773 364 3855 populum
392 3774 468 3835 nibil
486 3775 612 3875 perinde
638 3776 746 3835 decere
773 3773 929 3849 existimo,
954 3789 990 3837 ut
1006 3776 1165 3856 aequitatis
1184 3775 1286 3835 etin

117 3859 217 3921 stitiae
234 3858 375 3919 studium.
414 3859 497 3920 Par'
486 3860 582 3942 agitur
598 3871 655 3933 est,
672 3879 736 3932 eos,
754 3881 807 3958 qur
798 3858 884 3919 hoc
900 3873 1059 3942 tantopere
1076 3873 1199 3944 urgent,
1216 3878 1287 3920 uon
1347 3880 1352 3887 ’

116 3943 201 4004 abuti
218 3943 317 4005 verbis
345 3957 436 4025 atque
465 3944 657 4028 obstrepere,
684 3965 753 4004 cum
770 3944 892 4003 interim
918 3946 1036 4024 quidvis
1054 3946 1157 4027 potius
1174 3957 1286 4028 agant.
1319 3956 1323 3963 '

115 4030 171 4089 sed
189 4050 346 4089 censuram
363 4030 463 4091 subire
482 4052 579 4104 nunc,
604 4043 640 4090 ut
657 4031 688 4089 in
706 4043 862 4128 posterum
880 4050 933 4090 vos
951 4029 1032 4091 hac
1022 4054 1056 4090 ιιι
1072 4051 1106 4091 re
1124 4031 1208 4091 dicto
1227 4052 1287 4091 au-

116 4113 234 4175 dientes
249 4114 389 4189 habeant,
405 4117 463 4189 vel,
478 4116 586 4175 omissa
595 4115 805 4186 contentione,
820 4115 912 4175 dandi
926 4115 1045 4175 consilii
1059 4116 1196 4176 locum'
1174 4138 1212 4177 us
1232 4130 1303 4193 res

115 4199 265 4279 linquant,
284 4199 336 4278 qui
353 4201 453 4261 verius
471 4202 509 4260 de
527 4201 593 4260 iure
609 4200 826 4280 pronunciant:
844 4212 880 4258 ut
897 4200 1038 4260 videlicet
1055 4214 1108 4261 aut
1124 4200 1213 4275 ultro,
1228 4222 1291 4283 sua,

34 4281 92 4339 136
115 4282 251 4346 stineatis
270 4284 411 4359 iniurias,
431 4299 462 4346 ct
479 4285 538 4346 hoc
555 4284 653 4365 ipsum
672 4282 849 4343 iniuriarum
866 4285 984 4345 auctori
1001 4287 1201 4346 condonetis:
1229 4298 1286 4346 aut

114 4369 234 4431 maximi
246 4369 412 4431 faciendam
429 4384 494 4431 esse
512 4369 656 4430 iustitiam
673 4366 821 4441 statuatis,
839 4380 879 4442 et,
897 4369 1011 4431 abiecta
1029 4370 1174 4452 deinceps
1194 4370 1287 4435 omni
