2722 4754
484 138 796 266 uncoitoua
883 250 936 263 ..
992 206 1037 256 .·
1096 188 1097 196 '
1168 204 1230 268 ιιι

71 373 205 434 revertar,
223 378 301 438 quae
319 357 483 439 posthaec
502 357 609 417 ordine
627 302 880 432 adndnistrari,
871 381 903 417 ιιι
921 357 1043 438 quibus
1050 382 1105 421 vos
1124 376 1229 423 rursus
1296 381 1310 389 ·’

48 445 52 450 “
72 443 302 520 considerabitis,
321 443 396 524 quid
413 443 605 526 reipublicae
617 432 711 503 luerit
727 435 931 523 utilissimum.
960 445 1038 505 Nam
1057 468 1125 506 cum
1143 447 1229 511 v‘ide

73 560 139 609 rem,
164 531 389 632 Athenienses,
414 530 542 603 classem
560 542 690 590 vestram
706 529 818 605 dilabi,
851 543 882 591 et
899 530 1039 593 homines
1058 533 1228 614 locupletes
1287 575 1290 580 .

45 621 153 710 ··parvis
169 617 322 698 impensis
331 610 554 676 immunitatem
572 606 738 695 consequi,
771 615 850 676 cives
869 629 969 679 autem
987 620 1157 680 mediocres
1175 631 1228 681 aut

77 727 162 776 munes
178 722 244 769 rem
261 695 442 763 familiarem
459 703 605 782 perdere,
622 715 713 801 atque
728 700 780 769 illa
794 701 876 775 fieri,
894 716 929 763 ut
948 703 1037 762 etiam
1056 703 1227 785 respublica
1292 732 1295 743 <

80 814 156 860 rerum
172 789 382 893 gerendarum
407 788 583 848 occasiones
607 787 773 848 amitteret:
799 786 898 869 legem
916 787 990 862 tuli,
1019 812 1077 868 qua
1103 803 1134 850 et
1158 790 1226 849 offi-

35 866 40 877 '
83 876 249 946 &inlacere
267 881 357 975 coegi
348 873 561 954 locupletes,
597 885 628 934 et
648 872 758 934 iniuria
776 873 922 962 prohibui
941 874 1083 955 deinceps
1103 877 1227 936 tenuio-
1304 924 1308 936 .

54 1026 56 1031 ,
81 990 121 1031 m
155 960 288 1041 Atque
279 982 312 1018 ιιι
337 980 371 1019 ea
396 980 483 1019 causa
507 959 687 1020 violatarum
710 953 814 1041 legum
838 973 994 1020 accusatus
1017 961 1055 1020 ad
1078 980 1133 1021 ros
1159 983 1226 1021 sum
1285 1024 1288 1029 ,

35 1054 46 1125 Ἰ
81 1057 206 1148 ingressus
233 1045 331 1105 etita
356 1043 531 1118 absolutus,
564 1057 602 1106 ιιι
619 1047 756 1125 qulntam
781 1044 996 1127 suffragiorum
1021 1059 1137 1126 partem
1158 1067 1228 1137 ιιοιι
1270 1068 1286 1094 ³
1323 1053 1325 1059 ’

35 1158 39 1197 ι
81 1135 173 1203 tulerit
178 1143 341 1192 accusator.
376 1131 420 1190 At
437 1138 592 1211 quantam
597 1131 758 1211 pecuniam
777 1132 869 1191 duces
889 1131 1029 1191 classium
1048 1142 1100 1192 aut
1117 1128 1227 1191 secun-

83 1227 154 1287 danos
170 1230 219 1278 aut
235 1217 384 1278 tertianus
403 1215 479 1275 mihi
489 1217 620 1279 daturos
639 1217 733 1277 fuisse
751 1217 880 1316 putatis,
899 1218 1026 1287 maxime
1045 1230 1080 1278 ιιι
1098 1238 1163 1283 cam
1181 1218 1227 1277 le
1289 1251 1292 1255 ·

83 1330 137 1395 gen
150 1325 204 1364 non
219 1303 349 1364 ferrem:
376 1302 424 1362 sin
441 1302 558 1387 minus,
583 1315 618 1362 ut
634 1303 854 1385 praevaricatus
874 1323 938 1362 eam
957 1324 1021 1363 non
1039 1303 1227 1384 pdrlerrein?
1248 1323 1253 1331 ’

84 1399 193 1462 Tantam,
206 1387 425 1461 Athenienses,
443 1399 585 1467 quantam
604 1390 684 1469 apud
702 1409 756 1449 vos
775 1389 876 1450 dicere
895 1410 959 1448 non
977 1389 1099 1449 audeo.-
1091 1387 1226 1468 ·Neque

36 1494 41 1505 ·
87 1477 195 1543 {dabre
209 1473 367 1534 faciebant
392 1472 551 1533 Prioribus
570 1475 652 1533 enim
670 1474 836 1556 legibus
809 1495 855 1534 ers
866 1474 982 1535 licebat
999 1475 1120 1535 sedenis
1140 1473 1226 1534 obire
1251 1480 1254 1488 “

85 1583 196 1634 munera,
219 1559 263 1621 sic
281 1572 316 1621 ut
334 1559 392 1641 ipsi
409 1580 520 1640 pauca,
538 1560 632 1620 inimo
651 1561 727 1620 nibil
746 1561 1008 1642 impenderent,
999 1581 1106 1641 inopes
1126 1573 1227 1619 autem
1297 1610 1324 1643 Ι,

85 1652 144 1713 circs
160 1659 325 1707 attererent
369 1645 440 1711 Mea
461 1665 535 1704 vero
557 1645 628 1728 lege
653 1645 830 1720 cavebatur,
856 1659 891 1706 ut
907 1668 964 1746 pro
983 1645 1177 1706 facultatibus
1195 1657 1232 1720 et

40 1786 48 1795 ,
85 1735 200 1818 portione
215 1731 329 1814 singuli
347 1731 529 1791 conferrent.
573 1734 617 1794 lta
641 1732 781 1792 binarum
798 1732 968 1807 triremium
986 1731 1226 1811 praefectusex-

84 1821 155 1894 stitit,
173 1817 222 1899 qui
234 1817 329 1898 'prius
354 1830 454 1878 sextus
482 1829 513 1877 et
536 1816 705 1877 decimus
696 1841 728 1878 ιιι
752 1840 843 1878 unam
868 1802 1082 1877 contribuerat.
1097 1813 1227 1897 Neque
1276 1853 1283 1865 ι

84 1906 148 1968 enim
163 1902 325 1969 triremium
344 1903 514 1984 praelectus
535 1922 566 1962 se
585 1903 801 2004 nominabant,
830 1895 883 1964 sed
902 1902 1136 1963 contribulores'.
1179 1903 1227 1963 Ne

35 2000 41 2053 '.
84 1992 160 2076 igitur
173 1996 243 2050 ιιοιι
260 1990 339 2048 ratio
357 1989 502 2062 iniretur,
526 2009 603 2048 neve
621 1989 680 2070 ipsi
698 1988 801 2049 officio
819 1988 908 2071 fungi
927 2000 1127 2071 cogerentur,
1149 1987 1226 2047 nihil

85 2090 133 2149 cst,
154 2076 227 2156 quod
245 2074 345 2134 daturi
368 2076 433 2134 ιιοιι
457 2074 579 2134 suerint
622 2076 668 2134 Ac
691 2074 766 2134 mihi
789 2074 921 2157 primurn
948 2075 1104 2135 decretum
1121 2073 1227 2146 recita,

86 2162 175 2244 quoin
190 2160 334 2220 iudicium
353 2160 436 2223 veni:
462 2161 572 2221 deinde
590 2161 803 2236 recensiones,
827 2174 892 2222 tum
912 2152 997 2222 illam
1012 2158 1123 2220 veteris
1141 2159 1228 2242 legis,
1266 2204 1268 2211 .

89 2239 326 2309 tumhancmeae.
369 2245 482 2308 Recita.
552 2268 555 2275 ·

491 2399 793 2443 DECRE'IUM.

155 2503 284 2564 Praetore
308 2499 434 2585 Polycle
457 2505 537 2562 XVI.
556 2503 605 2562 dic
623 2498 777 2577 Sextilis,
787 2500 871 2562 tribu
894 2502 1085 2584 praesidente
1109 2454 1228 2584 Hippo-

38 2608 45 2617 ·
81 2588 212 2662 «ιιοοιιίι,
224 2586 456 2661 Demosthenes,
472 2589 740 2661 DemosthenisF,
756 2587 960 2668 Paeaniensis,
979 2588 1078 2670 legem
1091 2589 1226 2649 navalem

57 2677 73 2701 “
87 2674 168 2754 priori
159 2674 346 2747 substituit,
373 2695 431 2755 qua
449 2674 694 2735 contributiones
713 2673 828 2742 fiebant
844 2674 1096 2735 trierarchorum:
1122 2674 1225 2734 iussit·
1252 2688 1312 2745 167

91 2780 150 2838 quc
158 2773 258 2820 senatus
276 2771 308 2818 et
325 2759 483 2841 populus.
502 2757 579 2819 Cum
598 2773 700 2821 autem
716 2759 895 2823 violatarum
914 2760 1015 2841 legum
1033 2736 1118 2819 reurh
1137 2760 1227 2818 fecis-

68 2857 133 2904 -set
148 2844 368 2930 Demosthenem
394 2846 549 2907 Patrocles
575 2845 753 2933 Phlyensis,
778 2866 842 2905 non
867 2858 989 2926 accepta
1013 2843 1230 2926 suffragiorum
1287 2870 1292 2879 ι

88 2943 160 3009 parte
175 2930 254 2991 solvit
271 2931 441 3074 qusingenas
461 2926 624 2992 drachmas.
869 2993 873 2999 ,

139 3014 238 3101 Age,
247 3037 304 3099 pro
307 3015 353 3078 ler
371 3030 402 3078 et
418 3018 600 3099 praeclaram
615 3016 837 3078 recensionem.

454 3165 789 3221 RECENSIO

1085 3218 1097 3245 l
1157 3214 1160 3219 .

158 3232 317 3332 Trierarchi
341 3273 380 3334 ad
403 3273 558 3334 triremem
577 3285 727 3334 vocentur
743 3222 850 3333 sedebi
871 3293 888 3333 e
913 3262 1138 3354 manipulorum
1158 3294 1229 3333 con

36 3386 45 3393 ··
88 3348 291 3437 tributionibus,
309 3381 325 3418 a
335 3359 489 3440 quinque
499 3372 531 3419 et
547 3359 657 3442 viginti
675 3359 761 3420 annis
779 3380 877 3439 usquc
896 3359 947 3418 ad
952 3359 1161 3442 quadraginta,
1178 3359 1231 3438 qui

92 3454 200 3522 sumptus
218 3464 253 3502 ex
271 3465 371 3524 aequo
389 3445 593 3526 suppeditent.

158 3527 228 3614 bge,
247 3530 356 3590 confer
374 3551 442 3591 curu
461 3530 516 3591 hac
534 3552 618 3592 meae
637 3529 713 3614 legis
731 3516 950 3591 recensioriem.

504 3680 789 3729 REC.ENSIO

153 3784 319 3846 Trierarchi
336 3787 373 3855 ad
391 3786 545 3847 triremem
562 3787 718 3888 deligendi
736 3797 808 3847 sunt
826 3806 842 3846 e
861 3809 954 3848 ceusu
972 3786 1017 3846 rei
1035 3786 1233 3859 lausiliaris,a
1231 3791 1235 3799 '

85 3865 155 3929 denis
170 3871 297 3932 talentis
330 3868 451 3947 Quodsi
468 3894 516 3934 res
535 3874 688 3934 familiaris
708 3873 803 3954 pluris
822 3875 976 3934 aestimata
994 3872 1104 3946 luerit,
1123 3894 1233 3932 munus

82 3951 108 4010 id
120 3975 170 4052 pro
187 3956 329 4038 portione
348 3961 385 4018 ad
403 3971 504 4018 ternas
529 3981 618 4021 naves
645 3973 676 4020 et
699 3958 839 4040 scapham
857 3959 1077 4042 progrediatur.
1120 3957 1233 4017 Eadem

35 4100 42 4119 ⁴
79 4039 145 4098 ratio
162 4056 296 4103 servetur
313 4043 345 4103 in
363 4044 418 4118 iis,
438 4065 568 4125 quorum
586 4056 660 4125 opes
679 4046 783 4106 decem
800 4046 922 4106 talentis
941 4057 1013 4104 sunt
1030 4044 1182 4150 minores,
1200 4055 1235 4102 ιιι

80 4125 245 4191 contributis
264 4128 329 4188 aliis
349 4131 453 4191 decem
471 4130 583 4190 talenta
603 4131 766 4212 expleant
1178 4180 1181 4189 ·
1225 4182 1227 4187 -

86 4212 229 4291 Num
256 4214 343 4274 vobis
367 4239 472 4297 parum
500 4216 565 4297 opis
590 4155 725 4277 attrilisse
751 4218 859 4281 videor
883 4205 1081 4296 pauperibus,
1107 4226 1158 4275 aut
1181 4222 1234 4292 pass
1323 4236 1325 4243 ¹

78 4317 135 4356 rum
159 4298 348 4381 impensuros
374 4302 468 4379 luisse
491 4302 603 4384 putatis
631 4302 755 4377 diuites,
789 4323 827 4362 ne
853 4323 904 4374 ea,
929 4323 1006 4382 quae
1032 4304 1129 4379 aequa
1152 4310 1235 4367 sunt,
1266 4376 1268 4381 .

75 4388 444 4468 praestarefcogerenturt
461 4387 586 4469 Neque
612 4408 686 4450 vero
713 4388 789 4449 illud
812 4386 912 4447 solum
936 4385 1013 4465 mihi
1035 4384 1118 4469 laudi
1144 4384 1235 4473 duco,
1300 4387 1302 4391 ’
