2746 4748
68 198 74 211 '¹
165 208 227 269 558
446 186 811 255 DEMOSTHENIS
826 182 1074 249 -'01tA'rto

167 358 232 419 eius
250 352 375 423 famulo,
393 347 544 419 audisset,
563 356 594 404 et
612 342 665 422 qui
682 342 856 415 venissent,
874 353 908 401 et
927 361 1035 421 quem
1055 338 1100 400 ad
1121 360 1216 427 usum
1232 352 1336 422 peterer-

166 457 227 513 tnr,
246 451 277 498 et
295 450 354 517 qua
372 435 410 493 de
429 453 517 492 causa
535 429 580 489 illi
597 428 769 500 venissent,
787 428 1033 500 accommodat,
1054 438 1093 484 et
1113 425 1237 485 minanr
1246 428 1337 508 argenti,

69 504 74 511 Ι
168 547 258 607 quant
276 520 408 603 petebat,
426 524 551 577 mutuat
578 514 653 573 Post
670 512 795 573 crimine
813 512 984 585 liberatus,-
1002 533 1130 595 magna
1150 510 1212 571 iam
1229 512 1338 591 pecuniae

168 609 272 689 inopia
290 603 467 675 loborabat,
486 621 553 659 enm
572 599 609 657 ad
628 597 813 657 domesticos
830 619 922 670 usus,
940 609 1022 656 tum
1042 598 1087 657 ad
1109 594 1340 677 publicaptribrtr

169 693 263 770 Quod
282 680 351 770 qnia
370 700 456 768 pater
473 704 557 744 meus
576 683 712 754 videbat,
730 703 794 761 non
813 681 915 742 statim
934 681 979 741 ab
1000 683 1081 764 ipso
1103 693 1251 762 repetere
1263 688 1341 763 'arga

169 762 236 840 tum
253 773 398 835 audebat:
423 777 522 850 neque
542 769 622 828 enim
641 769 689 826 vel
707 767 818 839 istum,
837 766 862 827 si
879 788 948 826 rem
970 766 1140 840 haberet,
1159 767 1340 837 fnudamm

169 863 218 924 vel
238 861 263 921 si
282 879 344 917 non
362 856 506 927 haberet,
524 875 556 914 se
575 852 616 912 ob
635 874 669 917 ea
687 854 879 911 redacturum
899 853 1051 931 putabat„
1093 852 1339 930 Posteaquanrt·

163 963 232 1009 tem
250 944 371 1003 Alcetas
391 953 421 1000 et
440 944 526 999 lason
544 950 746 997 recesserant:
771 935 904 1018 stragula
930 938 1076 1016 quidem
1100 949 1136 997 et
1155 949 1257 997 vestes
1271 934 1340 995 retrh

156 1026 359 1099 'Aeschriom
385 1025 472 1085 istius
491 1008 708 1104 pedissequus,
727 1022 842 1102 phialas
861 1021 935 1080 duas
957 1043 1032 1081 non
1052 1021 1197 1096 retudit,
1224 1034 1340 1103 questu

171 1115 318 1198 petierat,
343 1132 410 1169 eum
431 1123 461 1169 et
478 1107 610 1190 stragula
630 1119 660 1166 et
678 1107 789 1167 minam
808 1098 928 1189 argenti
947 1120 1132 1167 mutuatus
1155 1120 1254 1181 esset,
1268 1106 1339 1165 Aiettt

160 1215 262 1279 atque
281 1200 386 1255 iasone
405 1194 483 1276 apud
503 1193 601 1273 ipsum
626 1191 854 1252 diversantibus.
888 1191 1115 1252 Profecturus
1145 1214 1243 1273 porro
1259 1192 1288 1251 ad
1300 1191 1337 1249 te-

171 1305 240 1368 gem
258 1282 426 1351 Persarum,
445 1299 512 1337 eum
530 1277 723 1357 perfecisset,
741 1289 777 1336 ut
794 1275 876 1336 abire
895 1276 957 1334 sibi
978 1277 1126 1352 liceret,
1149 1277 1244 1358 eique
1261 1276 1337 1336 exerti

121 1376 129 1433 2'
171 1383 236 1429 tum
255 1366 400 1425 ducturus
419 1364 451 1421 in
470 1361 552 1420 bello
570 1360 778 1444 Aegyptiace,
806 1373 841 1421 ut
859 1382 897 1419 ne
915 1362 1069 1423 rationes
1091 1364 1233 1424 reddere
1251 1380 1336 1443 eogere·

113 1448 132 1521 ‚²
171 1467 222 1513 tur
240 1450 306 1523 hie,
331 1468 408 1508 neve
427 1448 464 1506 de
482 1458 570 1528 gestu
594 1445 643 1505 hic
661 1446 791 1526 imperio
817 1458 1036 1520 accusaretur,
1068 1460 1203 1528 patrem
1222 1444 1334 1507 meruti

67 1602 71 1609 ,
96 1522 112 1545 ’
171 1536 323 1597 Paralium
340 1533 516 1594 arcessitum
534 1552 603 1591 cum
621 1531 662 1589 ob
687 1531 770 1611 prius
790 1530 821 1589 in
839 1552 873 1590 se
890 1530 1006 1590 collata
1020 1530 1201 1594 beneficia
1224 1530 1334 1593 cotuh

172 1623 225 1683 bat
243 1633 274 1680 et
290 1618 417 1703 rogabat
433 1616 661 1700 (commendato
678 1616 847 1690 Philonda,
871 1614 936 1676 viro
956 1638 1089 1698 genere
1111 1616 1290 1701 Megarensi,
1301 1614 1332 1673 ir·

88 1708 151 1766 255
174 1706 293 1788 quilino
312 1701 510 1775 Atheniensi,
532 1700 584 1761 isti
601 1713 701 1762 autem
720 1700 804 1760 fideli
823 1712 853 1760 et
871 1720 909 1761 eo
927 1712 1085 1782 tempore
1107 1696 1330 1784 inservienti),si

175 1791 308 1855 venisset
332 1809 348 1847 e
367 1786 544 1847 Macedonia
562 1782 726 1869 Philondas
752 1782 858 1866 (quem
877 1785 932 1845 iste
951 1787 1046 1866 'patri
1067 1809 1150 1848 meo
1180 1784 1345 1873 commenda-¹¹·

112 1886 120 1895 '
159 1875 240 1958 'bat)
258 1868 519 1955 advectislignis,
548 1892 624 1951 quae
643 1871 710 1930 data
734 1870 793 1929 sibi
811 1869 1002 1953 abAmynta
1024 1886 1167 1945 essent,
1197 1870 1331 1933 utnanhr

174 1963 328 2045 lignorum
352 1957 559 2037 suppeditaret
583 1967 614 2015 et
641 1976 675 2015 ca
701 1953 781 2038 ligna
806 1957 843 2015 ad
868 1956 957 2015 aedes
977 1978 1056 2017 suas
1086 1958 1124 2017 in
1144 1958 1271 2018 Piraeeo
1287 1952 1331 2013 sthi

174 2057 344 2129 pateretur:
369 2064 423 2101 sua
442 2040 522 2101 enim
542 2061 608 2101 esse
629 2040 720 2122 ligna.
756 2042 883 2120 Unaque
902 2062 971 2099 cum
995 2040 1172 2122 petitione
1201 2042 1331 2103 undante

175 2130 323 2198 babebat,
342 2149 410 2185 cum
429 2148 488 2204 qua
506 2126 582 2184 iacta
601 2124 667 2184 eius
685 2147 767 2186 nunc
786 2126 865 2185 haud
883 2126 1106 2189 consentiunt.
1146 2128 1257 2189 Aiebat
1270 2123 1330 2193 0¹3¹·

175 2212 295 2274 tametsi
307 2231 369 2269 non
383 2210 570 2289 impetraret,
584 2230 600 2268 a
615 2222 701 2289 patre
720 2232 797 2290 quae
815 2222 941 2292 peteret,
960 2232 993 2271 se
1012 2232 1089 2272 non
1110 2234 1211 2298 aegre
1226 2212 1330 2281 latum

174 2313 211 2360 ut
223 2297 299 2357 alius
313 2296 426 2354 faceret
440 2294 538 2374 impos
556 2293 621 2352 roti
637 2292 749 2353 factus:
768 2297 822 2356 sed
834 2317 892 2376 pro
907 2295 953 2367 iis,
972 2317 1059 2376 quae
1075 2298 1145 2359 sibi
1161 2296 1269 2382 petenti
1275 2314 1330 2354 coe-

92 2380 98 2391 '
176 2380 337 2454 cessisset,
359 2381 385 2439 si
403 2380 525 2459 quando
542 2391 662 2459 posset,
688 2379 814 2461 gratiam
832 2382 1006 2441 relaturum
1047 2380 1097 2443 Ea
1119 2384 1249 2444 oratione
1262 2390 1328 2461 pater

175 2470 353 2539 delectatus,
371 2480 401 2526 et
419 2465 510 2524 istum
528 2464 670 2536 laudavit,
688 2466 771 2549 quod
789 2478 981 2546 acceptorum
998 2465 1236 2530 beneficiorum
1247 2462 1330 2525 neni-

176 2556 280 2627 nisset,
299 2565 340 2625 et,
358 2549 502 2631 quicquid
521 2548 669 2629 petiisset,
686 2549 837 2609 facturum
854 2571 886 2609 se
903 2551 1058 2631 promisit„
1077 2553 1165 2615 Post
1177 2554 1251 2623 ‚baec
1265 2547 1330 2610 tolrit

176 2640 245 2713 istc,
262 2639 299 2698 ad
319 2638 410 2711 duces
428 2634 520 2716 Regis
539 2634 750 2714 proiecturus:
766 2634 931 2696 Philondas
948 2649 1067 2708 autem,
1088 2661 1193 2719 quern
1210 2636 1278 2720 patri
1289 2634 1329 2693 itte

175 2745 245 2786 meo
264 2721 490 2783 commendarat
507 2720 543 2779 ad
569 2719 692 2779 naulum
718 2721 914 2793 solvendum,
940 2722 965 2779 si
984 2720 1083 2803 lignis
1104 2722 1246 2785 advectis
1266 2720 1329 2803 adtr-

175 2810 281 2880 nisset,
298 2808 330 2867 in
348 2804 557 2865 Macedoniam
575 2804 633 2864 iter
650 2804 728 2864 sarit
763 2806 846 2865 Haec
863 2816 998 2887 tempora
1016 2807 1162 2869 'fuerunt
1180 2809 1256 2869 cirea
1269 2824 1328 2865 net-

175 2916 239 2954 sem
257 2891 411 2972 Aprilem,
437 2889 526 2948 Astio
545 2902 691 2969 praetore
726 2889 818 2949 Annei
838 2904 984 2971 sequente
1009 2912 1166 2953 reversus
1186 2890 1328 2955 Philonda

91 3012 94 3017 ·
141 3020 144 3027 ,
176 2975 387 3038 eMaeedonia
405 2973 496 3055 liguis
514 2973 663 3048 advectis,
681 2974 753 3034 dum
772 2975 831 3035 iste
847 2977 926 3057 apud
944 2977 1064 3058 Regem
1084 2972 1328 3058 Persarumpffi·

176 3085 229 3145 gre
248 3061 383 3132 abesset,
408 3061 444 3119 ad
463 3070 577 3138 patrem
596 3061 846 3120 mcum'accedit:
873 3061 995 3120 naulum
1014 3060 1186 3143 lignorum
1205 3062 1328 3145 praebet,

175 3159 211 3206 ut
228 3144 412 3205 naviculario
431 3143 606 3215 satisfieret,
633 3143 736 3219 iubet,
760 3147 1013 3223 quemadmodum
1033 3147 1096 3207 iste
1118 3162 1240 3229 patrem
1256 3144 1327 3207 abite

175 3248 227 3290 rus
246 3241 367 3312 rogarat
384 3226 611 3287 etPhilondam
641 3230 872 3289 commendarat
907 3231 952 3288 Eo
970 3243 1061 3310 pater
1079 3234 1121 3292 ad
1150 3226 1328 3294 mentand-

176 3318 280 3387 ducto,
297 3313 514 3372 Phormionem
533 3312 656 3372 naulum
675 3314 845 3396 lignorum,
864 3312 946 3375 mille
964 3316 1188 3398 septingentas
1207 3318 1327 3399 quispe

175 3402 258 3482 ginta
278 3398 450 3471 drachmas,
469 3394 554 3456 iubet
572 3398 705 3477 solvere:
731 3412 869 3458 numerat
887 3399 1047 3480 pecuniam
1068 3401 1245 3476 Phormio,
1267 3394 1328 3459 debi-

175 3486 275 3544 'torem
292 3483 487 3542 Timotheum
506 3481 650 3541 inscribit
683 3485 710 3541 ls
729 3484 810 3541 enim
828 3497 949 3565 rogarat
966 3497 1097 3565 patrem,
1118 3500 1158 3547 ut
1177 3480 1328 3549 nauium!-

175 3588 305 3651 gnorunt
324 3567 498 3647 praeberet:
516 3567 601 3625 cuius
619 3565 664 3626 rei
682 3567 753 3627 iacti
768 3582 840 3627 sunt
856 3569 1075 3630 commentarii.
1094 3572 1260 3655 Inscripsit
1271 3566 1328 3631 eui!

105 3672 108 3677 ·
175 3668 206 3713 et
223 3674 329 3725 usum,
356 3651 387 3710 in
406 3672 496 3730 quem
514 3663 635 3732 accepta
652 3651 751 3712 fuerat
768 3653 911 3732 pecunia,
939 3667 969 3713 et
986 3674 1106 3714 nomen
1128 3658 1218 3731 eius,
1236 3655 1330 3737 quite·

86 3784 94 3799 ,
175 3739 312 3819 cepisset
330 3736 382 3811 ⁵Et
400 3736 459 3794 hoc
476 3735 654 3801 factumest
670 3737 850 3799 Alcisthene
868 3752 1017 3819 praetore,
1037 3740 1144 3802 altero
1164 3763 1246 3803 anuo
1262 3754 1328 3821 qn!

174 3822 231 3882 iste
257 3824 292 3883 ad
317 3824 432 3902 Regem
459 3818 579 3881 abierat.
615 3822 679 3881 Sub
707 3823 788 3882 idem
816 3843 907 3903 porro
934 3836 1057 3904 tempus
1082 3838 1116 3887 et
1136 3826 1328 3889 'limostheufl

174 3905 363 3987 Aegialensis
381 3903 480 3976 venit,
504 3905 636 3984 privatae
660 3908 876 3989 negotiationis
896 3930 983 3969 causa
1001 3908 1071 3969 buc'
1082 3912 1253 3990 profectus
1281 3900 1326 3983 01

174 4009 242 4060 cum
270 4004 348 4049 esset
372 3989 525 4049 familiaris
543 3991 723 4053 Phormioni
748 4007 778 4053 et
796 3994 914 4067 socius,
939 3993 1061 4054 solvens
1087 3990 1325 4059 hinc‘servartu
1372 4009 1373 4069 ξ

173 4072 352 4134 Phormioni
385 4096 455 4133 cum
479 4074 535 4133 alia
567 4077 695 4157 pecunia
722 4079 846 4138 dederat
872 4078 960 4139 etiam
978 4072 1108 4158 'phialas
1135 4082 1225 4165 Lycii
1249 4072 1323 4161 operi

172 4156 255 4217 duas.
272 4158 363 4218 Forte
380 4159 502 4218 fortuna
521 4172 620 4219 autem
640 4183 717 4242 puer
734 4185 783 4223 cas
802 4163 880 4244 ipsas
897 4163 1022 4244 phialas,
1041 4163 1174 4247 ignarus
1194 4186 1257 4229 esse
1270 4160 1322 4223 alit·

171 4263 241 4313 nas,
264 4241 461 4316 Aeschrioni,
484 4244 596 4305 famulo
621 4245 727 4319 istius,
754 4249 894 4324 dederat,
919 4271 986 4310 cum
1004 4248 1030 4309 is
1051 4251 1089 4311 ad
1107 4266 1229 4333 patrem
1244 4262 1321 4311 uret!

166 4329 280 4395 missus
300 4340 381 4391 esset
398 4328 436 4389 ab
453 4327 533 4406 isto,
550 4331 701 4413 straguha,
713 4346 816 4393 uestes
832 4347 866 4393 et
879 4333 993 4413 phialas
1011 4335 1171 4413 petitum,
1189 4350 1220 4401 et
1233 4334 1319 4397 nint!
