2722 4754
268 103 1021 258 ιιιιιιιειιιχιιιιοιιιιιίιιιι
1091 165 1098 180 ·
1174 114 1296 258 'sss

91 323 209 362 nomen
229 300 330 364 suum
338 302 549 404 commodare,
578 315 609 364 et
627 275 700 364 istos
720 324 756 362 ex
774 324 812 363 eo
829 321 936 363 causae
955 300 1068 382 aliquid
1088 297 1266 375 habere,
1242 327 1267 363 ει

92 408 155 469 ego
174 400 300 450 nostras
312 387 484 458 inimicitias
502 371 610 449 vobis
608 408 778 460 narrarem,
796 382 946 447 mendacii
965 407 1013 446 me
1031 386 1179 471 arguendi
1196 385 1265 468 (ne-

92 492 155 552 que
175 475 256 533 enim
275 494 409 553 unquam
425 471 518 531 alium
536 460 630 533 fuisse
649 495 683 532 ea
702 472 977 552 descripturum,
952 493 978 532 si
995 471 1074 542 lacta
1092 471 1166 532 mibi
1186 482 1310 532 esset

57 556 235 641 λιιιὶιιιιι).
259 571 385 658 propter
402 557 477 617 baec
495 547 647 657 descripsi.
674 553 760 616 Cum
779 578 852 615 vcro
872 556 1099 638 descripserim,
1117 558 1143 617 si
1156 571 1265 634 osten-

94 644 188 717 dero,
206 643 354 724 mancipia
373 663 443 707 esse
457 641 633 715 Arethusii,
650 642 700 702 cui
718 641 862 720 inscripta
880 644 967 702 sunt:
996 643 1194 717 dodrantem,
1213 643 1271 723 qui

88 728 215 788 homini
232 728 361 809 privato,
378 748 395 786 a
413 747 476 808 quo
495 722 644 818 descripta
663 748 696 786 ea
715 739 796 799 sunt,
814 725 970 800 tribuitur,
986 727 1172 818 reipublicae
1192 749 1266 799 cop

69 874 72 879 ,
94 813 272 893 dono,1psa
289 812 410 875 ultione
426 814 597 873 contentus
616 811 736 887 Quodsi
754 811 828 870 mibi
843 811 914 871 satis
932 832 1026 889 aquae
1044 825 1123 873 esset
1140 806 1213 873 ad
1191 836 1265 872 .-nar

67 899 222 963 mudum
240 896 344 958 vobis
357 888 428 958 ab
419 896 524 970 mitio,
550 897 662 976 quibus
687 918 703 956 a
728 918 776 956 me
801 896 914 957 affecti
926 895 1082 956 beneficiis
1108 896 1263 977 quomodo

92 1004 215 1045 mecum
233 983 368 1066 egerint,
396 981 467 1042 satis
484 982 566 1056 scio,
592 1003 647 1041 vos
666 977 838 1041 iracundiae
857 1001 942 1040 meae
961 982 1054 1064 magis
1073 983 1192 1043 veniam
1213 983 1263 1054 da·
1308 992 1310 996 ’

29 1132 33 1137 ,
92 1081 198 1141 turos,
225 1080 256 1127 et
280 1067 355 1126 istos
374 1065 512 1125 omnium
523 1066 686 1128 ιιοιιιιιιιιιιι
706 1056 946 1150 improbissimos
972 1087 1037 1126 esse
1061 1066 1264 1129 iudicaturos:

70 1173 176 1239 lnunc
194 1173 251 1212 nec
270 1151 394 1231 duplum
413 1173 509 1230 aquae
527 1144 607 1211 mihi
626 1151 788 1211 sufficeret
823 1151 983 1210 Maxima
974 1151 1069 1233 igitur
1087 1165 1117 1225 et
1134 1151 1263 1212 illustria

71 1237 227 1297 -facinora
245 1249 276 1296 et
294 1258 412 1296 causam
431 1236 521 1296 huius
520 1236 753 1336 descriptionis
770 1235 857 1296 vobis
877 1235 1053 1316 explicabo,
1088 1217 1262 1319 vulgaribus
1290 1294 1293 1300 .

93 1321 221 1381 omissis
264 1313 472 1392 Nicostratus,
499 1316 616 1380 vicinus
641 1321 673 1379 in
699 1341 771 1402 agro
793 1332 824 1378 et
841 1321 974 1398 aequalis
992 1342 1095 1395 meus,
1121 1321 1196 1380 mihi
1214 1322 1262 1381 vel

94 1406 167 1466 olim
187 1418 287 1466 notus·
297 1405 373 1473 suit:
397 1406 542 1466 defuncto
561 1419 662 1465 autem
679 1417 779 1484 patre,
797 1424 865 1465 cum
886 1425 943 1485 ego
962 1405 994 1464 ih
1012 1427 1127 1489 agrum
1137 1413 1261 1466 conces-

39 1559 47 1570 ,
91 1490 217 1562 sissem,
235 1490 289 1549 ubi
309 1490 398 1563 etiam
416 1512 498 1550 nunc
517 1489 632 1562 habito,
650 1502 736 1549 aucta
755 1500 801 1548 est
818 1501 921 1579 nostra
939 1475 1143 1565 familiaritas,
1160 1503 1196 1549 ut
1214 1489 1274 1549 in⁴

90 1588 140 1635 ter
153 1575 270 1635 vicinos
287 1588 317 1634 et
330 1575 478 1653 aequales.
494 1575 653 1653 Temporis
668 1587 769 1633 autem
784 1593 946 1654 progressu
962 1588 1069 1634 ιιιιιιιιο
1086 1597 1141 1634 nos
1157 1574 1261 1635 arctis-

90 1661 168 1720 sime
187 1659 336 1738 complexi
351 1681 474 1725 sumus:
501 1679 568 1718 nam
588 1671 619 1718 et
638 1679 694 1738 ego
714 1658 810 1734 istum
824 1659 884 1720 feci
900 1658 994 1732 tanti,
1017 1672 1053 1720 ut
1071 1660 1185 1731 nullius
1203 1663 1261 1718 un-

36 1779 41 1791 ·
92 1767 183 1823 quam
201 1744 266 1803 voti
282 1745 430 1823 impotem
449 1766 464 1802 a
481 1764 532 1813 me
551 1743 733 1815 dimiserim,
766 1754 798 1800 et
815 1741 876 1821 istev
890 1742 965 1802 mihi
983 1745 1020 1803 ad
1041 1766 1141 1814 curam
1161 1758 1191 1804 et
1209 1745 1261 1813 ad-

67 1829 347 1898 ,ἰιιιιιίειιιιιοιιιιιιι
367 1850 467 1888 rerum
486 1849 620 1887 mearum
638 1848 701 1886 ιιοιι
720 1826 836 1887 inutilis
854 1828 920 1888 suit.
952 1829 1078 1905 Etcum
1097 1850 1279 1911 egoperey
1326 1841 1328 1849 '

19 1971 22 1974 ,
90 1935 146 1994 gre
164 1914 282 1974 abibam
293 1935 315 1987 ,e
334 1913 397 1973 sive
415 1912 536 1993 publice
554 1912 671 1974 triremi
689 1912 878 1991 praelectus,
910 1913 973 1972 sive
991 1914 1130 1994 privatim
1148 1915 1205 1974 alia
1223 1916 1271 1974 ιιι.

27 2050 32 2055 .
90 2020 198 2072 causa,
216 1998 303 2058 istius
321 1999 410 2070 fidei,
430 2019 506 2076 quae
524 1997 557 2056 in
574 2018 647 2080 agro
666 1996 831 2070 habebam,
850 1999 952 2057 omnia
969 1995 1113 2064 mandavi.
1139 1999 1262 2085 Acqidit
1281 1990 1284 1997 ¹

89 2096 210 2153 autem,
236 2095 271 2142 ut
289 2106 357 2143 cum
375 2081 492 2142 triremi
509 2083 546 2143 ad
564 2082 810 2162 Peloponnesum
830 2083 1053 2157 accedendum,
1079 2097 1170 2164 atque
1184 2082 1275 2159 indess

23 2224 29 2239 ,
85 2166 123 2231 -iu
143 2166 276 2226 Siciliam
294 2167 386 2248 legati
403 2164 535 2226 vehendi
554 2179 672 2237 essent,
691 2187 769 2245 quos
787 2167 918 2246 populus
938 2181 1097 2247 creaverat.
1126 2167 1259 2227 Proinde

90 2273 161 2311 cum
178 2250 281 2311 subito
300 2251 473 2311 solvissem:
507 2250 560 2317 isti
578 2271 626 2310 me
645 2248 817 2311 discessisse
836 2250 958 2330 scripsi,
983 2271 1084 2330 neque
1102 2272 1192 2333 posse
1210 2272 1259 2311 re-

88 2337 168 2396 verti
186 2337 328 2409 domum,
353 2349 449 2395 utne
474 2334 616 2417 legatis'
607 2357 639 2394 ιιι
663 2356 747 2395 mora
771 2355 886 2408 essem,
909 2337 1124 2416 mandaviquc,
1142 2349 1178 2396 ιιι
1194 2356 1259 2395 rem

45 2420 60 2503 J
89 2421 267 2480 familiarem
287 2433 405 2480 curaret
424 2433 454 2479 et
471 2420 719 2501 administraret,
744 2431 781 2482 ut
798 2433 829 2480 et
846 2420 997 2505 superiori
987 2414 1151 2522 teinpore
1170 2421 1259 2480 fecis-

90 2519 144 2565 set.
160 2508 198 2565 ln
213 2527 278 2564 mea
292 2525 364 2565 vero
382 2504 628 2605 peregrinatione
647 2488 809 2587 aufugiunt
826 2505 877 2566 illa
888 2506 1038 2587 mancipia
1052 2506 1109 2566 tria
1125 2525 1160 2566 ex
1175 2525 1259 2589 agro,

91 2592 172 2663 duo,
200 2611 277 2669 quae
297 2610 353 2688 ego
373 2590 401 2650 ei
420 2591 579 2688 dederam,
607 2612 722 2662 unum,
751 2590 868 2670 quod
858 2611 922 2670 rpse
941 2604 1134 2680 compararat
1170 2591 1265 2665 Quae.

61 2715 64 2719 ι
89 2670 164 2734 dum
181 2675 390 2755 persequitur:
420 2675 536 2754 capitur
550 2692 569 2735 a
586 2674 704 2736 triremi
722 2675 800 2734 etin
818 2674 967 2756 Aeginam
985 2669 1132 2737 abductus
1150 2675 1267 2736 vendi.»

82 2774 148 2845 tur
177 2762 219 2820 Ut
236 2773 337 2819 autem
356 2779 413 2842 ego
432 2780 448 2818 e
466 2760 654 2839 praefectura
671 2759 769 2820 navali
785 2760 951 2820 redieram.
960 2761 1119 2822 convenit
1136 2780 1184 2820 me
1202 2759 1257 2821 Di
1273 2773 1328 2827 29;

26 2877 28 2884 <
89 2866 149 2916 no,
168 2844 287 2904 frater
278 2844 384 2918 istius,
409 2856 440 2904 et
458 2865 559 2904 casum
578 2844 642 2904 eius
660 2846 919 2944 commemorans,
937 2866 985 2918 se,
1004 2846 1041 2909 ab
1060 2859 1097 2905 eo
1115 2867 1170 2928 per
1187 2844 1257 2906 lite’-

86 2952 137 2990 ras
156 2930 342 3001 arcessitum,
360 2949 397 2988 eo
417 2951 481 2988 non
498 2929 667 3009 profectum
687 2949 753 2989 esse
771 2931 813 2989 ait
827 2943 955 3029 propter
972 2931 1073 2991 viatici
1089 2930 1267 3011 penuriam,
1298 2935 1304 2945 '
1322 2931 1326 2945 “

89 3013 180 3073 simul
201 3015 288 3072 etiam
307 3014 477 3084 referens,
482 3014 587 3074 audire
605 3035 654 3113 se,
678 3036 767 3093 quam
786 3015 891 3074 male
881 3027 939 3075 rste
957 3027 1145 3076 tractaretur.
1178 3014 1256 3100 Qui-

51 3143 55 3154 .
90 3100 147 3158 bus
173 3119 235 3197 ego
257 3099 366 3158 auditis
392 3099 489 3161 vicem
515 3100 580 3159 eius
605 3095 745 3162 misertus
769 3099 923 3159 Dinonem
947 3100 1070 3160 fratrem
1093 3099 1195 3172 statim
1218 3099 1256 3159 ad

22 3177 26 3182 ⁸
58 3205 161 3254 ,eum
178 3184 286 3256 mitto,
306 3183 337 3243 in
344 3181 497 3244 viaticum
517 3183 593 3246 datis
611 3183 754 3243 trecentis
773 3183 941 3245 drachmis.
963 3185 1140 3247 Reversus
1131 3196 1189 3243 rste
1193 3170 1283 3261 nae'

89 3268 247 3341 convenit,
273 3289 306 3327 ac
323 3269 455 3348 primum
474 3281 505 3328 et
522 3267 714 3348 amplectitur
731 3280 771 3344 etn
779 3268 897 3343 laudat,
921 3269 974 3349 qui
992 3291 1048 3330 suo
1066 3269 1151 3328 fratri
1168 3267 1257 3328 viati·
1306 3262 1312 3272 ’

89 3375 158 3413 cum
178 3353 402 3433 praebuissem,
420 3367 451 3413 et
467 3375 551 3414 suam
569 3354 726 3412 fortunam*
740 3353 910 3435 miseratur,
927 3353 1017 3425 simul
1036 3355 1125 3414 etiam
1144 3358 1256 3434 cognass

38 3480 41 3484 -
87 3440 137 3498 tos
166 3453 238 3499 suo's
268 3439 408 3498 incusans
436 3460 547 3539 meque
574 3460 642 3497 cum
660 3438 805 3522 lacrymis
829 3459 959 3519 rogans,
987 3451 1023 3500 ut
1050 3459 1083 3499 se
1111 3439 1255 3513 iurarem,

57 3527 60 3531 ’
77 3517 345 3602 quemadmodum
369 3524 520 3624 superiori
544 3543 667 3604 quoque
684 3535 822 3623 tempore
839 3545 888 3582 me
894 3544 1008 3588 verum
1028 3535 1108 3585 esset
1125 3523 1253 3581 amicum

55 3627 58 3631 ’
89 3620 248 3689 expertus:
280 3621 311 3668 et
336 3609 406 3688 quia
430 3630 462 3668 se
472 3607 595 3691 viginti
619 3629 670 3668 sex
693 3607 787 3677 minis
809 3628 888 3679 esse
897 3609 1068 3670 redemtum
1094 3605 1255 3677 indicabat,
1280 3676 1285 3686 s

84 3695 210 3775 plorans
239 3705 330 3772 atque
350 3693 471 3752 eiulans
499 3695 536 3755 ad
561 3709 636 3753 eam
649 3713 796 3752 summam
815 3713 863 3767 me
881 3693 1020 3759 conferre
1047 3690 1106 3752 sibi
1130 3689 1256 3763 iubebat

86 3778 215 3856 aliquid
239 3779 325 3852 Quae
344 3799 410 3837 cum
431 3770 490 3859 ego
509 3772 667 3851 audirem,
679 3777 820 3836 misertus
840 3777 905 3836 eius
923 3800 1005 3850 sum,
1025 3784 1083 3850 et,
1089 3775 1169 3854 quia
1177 3774 1254 3835 male
1314 3850 1317 3855 ι

85 3864 230 3923 allectum
248 3862 386 3922 videbam
404 3859 487 3944 (nam
506 3863 656 3923 ulceruin
676 3861 759 3921 tibiis
776 3861 833 3921 sub
852 3861 1050 3943 compedibus
1068 3872 1150 3934 orta,
1175 3858 1254 3939 quo,-

29 3970 35 3976 ·
85 3971 154 4007 rum
173 3947 327 4006 cicatrices
347 3947 445 4013 adbuc
459 3947 573 4020 habet,
590 3959 634 4022 et,
648 3969 673 4006 ει
665 3946 777 4006 vobis
797 3947 986 4029 ostendere'
977 3944 1142 4017 russeritis,
1158 3944 1254 4042 nolet,
1275 3958 1280 3967 “

88 4031 165 4113 mihi
184 4031 437 4113 demonstrarat),
463 4032 642 4131 respondi,
657 4053 705 4091 me
725 4044 756 4093 et
772 4031 927 4112 superiori
940 4044 1078 4112 tempore
1097 4029 1161 4088 eius
1178 4028 1253 4089 ami-

87 4139 157 4176 cum
178 4137 213 4176 cx
230 4116 332 4176 animo
349 4117 444 4176 suisse
462 4132 493 4192 et
511 4140 592 4178 nunc
607 4114 643 4201 in
660 4116 827 4177 calamitate
843 4116 1071 4197 opitulaturum,
1090 4127 1121 4174 et
1133 4118 1254 4175 trecen

86 4215 132 4262 tas
152 4201 325 4275 drachmas,
351 4224 425 4282 quas
444 4188 529 4263 fratri
546 4203 582 4262 ad
602 4193 670 4261 eum
688 4196 903 4301 proficiscenti
912 4214 1113 4274 mutuassem,
1138 4198 1253 4259 condo-
1273 4214 1276 4227 ¹

86 4306 179 4359 nare,
204 4298 235 4346 et
249 4285 334 4347 mille
353 4287 508 4349 drachmas
527 4296 556 4351 er
547 4286 751 4349 'redimendo
767 4285 910 4369 gratuito
923 4285 1103 4351 collaturum
1140 4284 1255 4363 Neque
