2722 4754
36 133 84 170 ¹*
145 166 210 248 aot
265 143 271 187 ³
362 138 1060 303 nauosrnumsonnrro‘

78 368 87 373 ·
115 387 117 392 ·
145 364 199 402 nas
218 336 398 422 dederunt:¹
428 359 561 418 quorum
588 358 646 423 ego
673 337 747 400 alios
771 334 945 423 praeteribo
955 333 1096 416 {eorum
1120 343 1331 424 auteur,3qui

56 474 65 510 ς
91 430 94 435 ’
143 441 273 510 propter
289 426 493 510 legationem,
512 425 567 486 hac
585 425 683 486 multo
701 427 801 488 minus
820 439 984 489 nocentem
1000 428 1206 510 reipublicae,
1227 430 1330 512 capite

52 512 54 517 ’
144 512 284 587 mulctati
301 524 389 585 sunt,
415 511 507 572 unius
526 525 618 596 atque
636 511 760 576 alterius
779 513 967 599 mentionem
981 512 1100 576 fraciam
1141 515 1230 600 Age,
1250 538 1328 598 cape

145 599 206 659 hoc
224 600 382 673 decretum
402 610 433 659 et
449 598 552 660 recita.
879 594 883 604 ’
1021 618 1029 625 ·
1104 614 1106 621 ’
1234 596 1236 601 ’
1324 610 1328 618 “

340 717 434 812 ’ᾗη
531 718 968 817 'occurrun.'‚

124 876 128 883 ·
161 864 164 869 '
230 855 276 918 Ex
301 844 360 918 hoc
386 858 527 930 decreto,
550 853 772 929 Athenienses,
798 854 916 940 legatos
935 849 1009 919 'illos
1036 858 1142 941 capitis
1165 850 1222 921 vos
1247 882 1324 922 con-

63 982 65 987 ·
95 957 97 961 ’
145 942 324 1018 demnastis',
351 947 482 1023 quorum
500 963 580 1002 unus
599 941 658 1001 fuit
676 942 847 1022 Epicrates,
872 943 965 1006 homo
984 944 1034 1028 (ut
1052 965 1109 1028 ego
1128 967 1144 1004 e
1163 959 1239 1007 natu
1258 969 1323 1007 ma-

92 1080 95 1090 ,
144 1028 261 1090 iuribus
280 1025 488 1110 audi0)frugi
507 1040 537 1087 et
555 1027 685 1087 multum
703 1026 787 1090 utilis
805 1028 1007 1111 reipublicae,
1031 1044 1062 1090 et
1081 1052 1115 1090 ex
1135 1038 1245 1094 eorum
1263 1055 1322 1093 nu

54 1126 63 1145 ‘
91 1160 96 1166 -
143 1136 240 1189 mero,
259 1116 312 1197 qui
330 1113 478 1195 populum
497 1135 513 1172 a
530 1112 657 1172 Piraeeo
676 1114 874 1190 reduxerunt,
893 1128 924 1175 et
941 1115 1057 1196 alioqui
1075 1118 1248 1199 popularier
1268 1119 1321 1179 sed

142 1215 245 1282 tamen
270 1200 348 1289 nihil
373 1200 401 1259 ei
427 1200 537 1259 horum
562 1198 686 1281 profuit
726 1200 866 1263 Merito,
890 1201 998 1282 Neque
1025 1202 1323 1277 enimen'semisse

142 1288 260 1351 honum
280 1297 404 1368 oportet
423 1307 496 1347 esse·
508 1306 596 1359 eum,
615 1284 668 1364 qui
686 1298 768 1347 tanta
786 1288 910 1370 negotia
929 1287 1072 1368 suscipit,
1096 1311 1172 1362 nec,
1197 1289 1226 1349 si
1244 1290 1324 1353 fides

144 1371 187 1434 ei.
197 1375 380 1456 adiungatur
403 1393 420 1432 a
444 1371 548 1445 vobis,
574 1392 608 1430 ea
632 1369 716 1434 abuti
740 1373 777 1435 ad
797 1373 951 1433 -maiorum
975 1373 1124 1434 scelerum
1148 1375 1323 1455 licentiam:

142 1462 196 1538 sed
221 1460 311 1541 plane
336 1479 390 1519 vos
416 1456 499 1518 nulla
524 1457 699 1540 iniuriajde
723 1459 872 1520 industria
896 1460 1025 1539 afficere.
1068 1459 1103 1520 Si
1125 1461 1321 1544 quidigitur

80 1622 84 1630 ι
143 1542 250 1637 eorum
266 1545 320 1625 ¹isti
337 1555 643 1626 nonperpetrarunt,
661 1557 788 1628 prppter
805 1566 882 1626 quae
899 1542 944 1604 illi
961 1545 1067 1628 capitis
1084 1561 1156 1606 sunt
1172 1547 1317 1623 damnati,

74 1641 91 1716 J
129 1634 191 1695 *me
210 1631 269 1709 iam
289 1629 427 1691 occidite.
471 1631 554 1691 Item,
567 1631 728 1692 autem.ita
747 1632 952 1704 considerate:
980 1629 1058 1692 Cum
1077 1646 1184 1693 contra
1203 1631 1315 1710 literas,

142 1717 259 1797 inquit,
274 1714 468 1799 legationem·
481 1715 617 1776 obierint
630 1715 679 1776 illi
698 1727 729 1776 et
747 1718 918 1778 decretum:
937 1753 978 1764 -
997 1732 1088 1798 atquc
1107 1714 1166 1779 hoc
1183 1718 1326 1799 primum

142 1803 258 1873 crimen
279 1815 331 1863 est
374 1800 425 1861 An
443 1820 516 1862 vero
535 1802 586 1862 isti
604 1823 668 1861 non
688 1815 792 1864 contra
808 1802 911 1881 literas
921 1803 939 1871 l,
960 1803 1072 1865 Nonne
1091 1804 1313 1865 decretumiu-

129 1891 213 1970 bet,
236 1883 341 1970 pacem
363 1887 400 1948 ad
418 1886 637 1948 Atheniensem
648 1899 680 1948 et
704 1890 741 1950 ad
758 1879 994 1952 Atheniensium
1019 1890 1121 1951 socios
1143 1890 1312 1972 pertinere:

139 1976 193 2047 isti
211 1987 313 2035 autem
330 1973 505 2035 Phocenses
523 1975 648 2035 foedere
668 1973 884 2056 enc'luserunt?
906 1973 1018 2036 Nonne
1037 1977 1213 2052 decretum,
1233 1975 1312 2038 iure,

142 2061 271 2122 iurando
297 2060 379 2143 adigi
403 2058 526 2120 urbium
551 2061 759 2144 magistratus:
787 2060 838 2121 isti
856 2073 973 2136 autem,
998 2062 1075 2142 qu'os
1093 2060 1255 2144 Philippus
1270 2062 1313 2123 ad

32 2165 37 2180 ¹
119 2147 226 2230 ..ipsos
245 2146 391 2219 miserat,
404 2147 600 2207 iureiurando
619 2147 806 2230 adegerunt?
841 2145 953 2206 Nonne
973 2148 1147 2223 decretum,
1165 2169 1313 2228 nusquam

121 2228 227 2294 ¹solos
254 2254 323 2292 cum
347 2232 489 2312 Philippo
515 2233 665 2313 colloqui:
701 2233 751 2293 isti
775 2245 876 2304 autem
901 2230 1041 2314 privatim
1067 2255 1137 2294 cum
1164 2254 1201 2316 eo
1225 2253 1314 2316 agere

56 2319 120 2380 274
143 2316 526 2399 nunquam'destiterunt?
552 2319 685 2395 Quidam
704 2339 810 2378 eorum
828 2319 860 2378 in
878 2331 986 2378 senatu
1003 2319 1094 2386 falsae
1111 2319 1315 2399 renuntiatio*-

142 2405 190 2466 nis
208 2404 490 2465 suntconvictizat
508 2404 560 2464 isti
580 2406 659 2486 apud
676 2404 835 2486 populum,
855 2416 885 2464 et
901 2425 916 2473 a
935 2405 1019 2484 quo?
1036 2404 1082 2489 (id
1099 2406 1181 2466 enim
1197 2404 1315 2465 illustre

142 2488 203 2573 est)
220 2488 249 2549 A
266 2489 358 2551 rebus
377 2489 458 2570 ipsis.
476 2489 552 2550 Nam
572 2512 679 2561 eorum
697 2490 918 2550 renuntiationi
937 2504 1107 2551 evenerunt
1124 2490 1316 2561 omniaseme

85 2601 93 2652 j
141 2577 300 2638 contraria.
336 2576 401 2636 Nec
416 2597 500 2659 vera,
519 2576 630 2656 inquit,
647 2576 851 2656 scripserunt:
876 2589 906 2635 at
923 2595 980 2636 nec
999 2576 1058 2636 isti.
1094 2577 1134 2636 Et
1153 2577 1185 2637 in
1204 2576 1315 2650 socios,

44 2675 48 2733 g
95 2659 110 2678 ''
141 2661 260 2742 inquit,
285 2661 408 2722 mentiti
421 2672 512 2735 sunt,
540 2674 570 2722 et
588 2684 714 2723 munera
733 2674 940 2741 acceptarunt:
965 2660 1017 2721 isti
1034 2683 1108 2733 vero
1125 2684 1192 2723 non
1209 2662 1315 2726 ineos

143 2748 362 2822 mentitisunt,
380 2749 434 2806 sed
449 2747 588 2807 funditus
607 2769 659 2808 eos
676 2747 883 2831 perdiderunt.
900 2747 932 2806 id
950 2748 1034 2826 quod
1050 2748 1147 2809 multo
1166 2759 1213 2809 est
1228 2766 1315 2817 rnen-

142 2834 235 2895 daeiis
254 2832 400 2893 acerbius.
426 2835 487 2892 lam
507 2832 544 2894 de
562 2834 793 2917 largitionibus,
808 2833 838 2893 si
855 2855 888 2893 se
906 2833 1058 2915 accepisse
1077 2851 1314 2917 munerq,nega-

73 2970 76 2976 .
140 2932 227 2994 rent,
244 2932 389 2993 restaret,
407 2931 442 2978 ut
461 2920 730 2981 convincerentur:
755 2941 823 2980 curn
842 2933 943 2979 autem
961 2919 1033 2978 fassi
1051 2920 1127 2994 sint,
1144 2919 1176 2981 iu
1194 2917 1313 2981 crucia-

139 3018 207 3066 tum
225 3005 367 3088 abreptos
386 3004 555 3087 oportebat.
595 3005 685 3081 'Quid
701 3005 816 3089 igitur,
840 3004 1065 3079 Athenienses,
1092 3027 1160 3067 cum
1178 3002 1254 3064 haec
1273 3002 1323 3063 ita>

140 3091 221 3176 sint,
240 3114 309 3152 cum
328 3114 382 3152 vos
401 3091 461 3151 illis
480 3091 550 3152 viris
569 3091 727 3175 prognati,
748 3088 860 3173 partim
881 3092 969 3150 etiam
989 3113 1024 3151 ex
1032 3090 1166 3151 'illorum
1183 3109 1326 3159 numero·

35 3199 73 3242 ἰ
93 3197 116 3223 ι·
140 3177 206 3238 sitis
225 3178 421 3259 superstites,
442 3176 657 3251 committetis,
682 3190 718 3238 ut
737 3178 774 3237 de
792 3176 948 3259 republica
966 3178 1044 3237 bene
1063 3177 1241 3239 merituset
1258 3195 1315 3255 po-

138 3262 205 3346 puli
231 3285 267 3323 ex
284 3257 411 3324 Piraeeo
436 3254 581 3323 reductor
597 3265 771 3344 Epicrates,
797 3263 873 3322 urbe
892 3263 1015 3344 pulsus,
1040 3254 1155 3345 poenas
1174 3260 1315 3342 dederit?

139 3370 209 3409 cum
223 3371 328 3429 rursus
348 3350 463 3410 dudum
477 3350 686 3434 Thrasybulus
703 3349 766 3422 ille,
783 3349 977 3433 Thrasybuli,
995 3349 1128 3408 hominis
1146 3345 1315 3429 popularis,

84 3510 87 3515 .
138 3431 238 3510 filius,
264 3433 346 3511 eius‘,
365 3436 418 3515 qui
436 3435 585 3517 populum
605 3456 621 3495 e
639 3435 893 3518 Phyle¹reduxit,
912 3435 1032 3495 talentis
1052 3436 1157 3494 decem
1175 3432 1216 3493 sft
1235 3429 1315 3490 mul-

136 3529 337 3585 ctatusncum
355 3521 477 3601 quidam
495 3541 532 3580 ex
545 3521 706 3581 Harmodii
723 3534 754 3581 et
767 3520 987 3603 Aristogitonis
1001 3519 1133 3602 posteris
1149 3532 1315 3589 eteorum,

138 3607 192 3688 qui
210 3608 337 3668 maxima
355 3607 459 3681 inkvos
476 3600 626 3668 beneficia
645 3608 861 3685 contulerunt,
894 3629 970 3688 quos
989 3608 1057 3688 lege
1076 3604 1116 3665 ob
1137 3603 1315 3683 beneficen-

135 3693 210 3754 tiam
229 3715 299 3778 crga
317 3700 371 3754 vos
390 3694 422 3752 in
442 3693 585 3753 omnibus
603 3694 698 3768 fanis,
733 3694 765 3753 in
791 3686 943 3752 sacrificiis
966 3692 1149 3753 libationum
1170 3702 1201 3749 et
1218 3708 1314 3770 pocu-

55 3854 57 3859 s
134 3779 236 3840 lorum
252 3780 413 3862 participes
432 3779 587 3854 effecistis,
607 3801 684 3860 quos
703 3779 860 3840 celebratis
879 3792 909 3838 et
925 3778 1025 3838 colitis
1043 3777 1107 3858 pari
1125 3799 1195 3841 cum
1210 3771 1315 3834 heroi-

135 3854 192 3926 bus
212 3866 348 3940 honore,
377 3878 408 3926 et
425 3865 500 3925 diis:
538 3889 607 3926 cum
625 3865 720 3950 igitur
738 3865 771 3925 hi
790 3864 913 3944 quidem
933 3882 1039 3924 omnes
1058 3884 1177 3945 poenas
1192 3858 1316 3943 legibus

70 3990 72 4002 ·
135 3951 293 4032 dederint:
326 3974 396 4011 cum
414 3972 516 4032 neque
533 3953 640 4024 venia,
663 3972 764 4032 neque
783 3950 1008 4024 misericordia,
1036 3970 1139 4029 neque
1157 3947 1316 4030 plorantes

53 4077 58 4087 ι
130 4036 238 4120 pueri,
256 4038 380 4097 nomina
400 4058 523 4113 eorum,
548 4038 601 4119 qui
620 4037 698 4096 bene
717 4038 755 4097 de
773 4034 930 4117 republica
948 4047 1019 4095 sunt
1036 4035 1157 4107 meriti,
1175 4031 1314 4094 referen-

134 4132 198 4197 te's,
223 4144 323 4205 neque
350 4122 511 4205 quicquam
537 4123 620 4185 aliud
645 4123 689 4183 cis
712 4121 877 4207 profuerit:
910 4119 1063 4182 Atrometi
1089 4116 1254 4186 literatbria
1282 4128 1314 4174 et

51 4213 53 4218 ’
136 4209 356 4284 Glaucutheae,
374 4224 480 4281 coetus
498 4208 710 4271 bacchantium
729 4206 891 4279 ductantis,
909 4208 1015 4284 filium,
1036 4206 1182 4286 obquod
1198 4203 1321 4271 factum,

95 4357 97 4365 Α
135 4293 193 4357 alia
211 4295 378 4357 sacrificula
396 4296 496 4357 occisa
510 4307 578 4368 est,
599 4314 668 4355 eum
687 4315 742 4355 vos
760 4293 843 4377 nacti
865 4305 1052 4377 prognatum
1070 4292 1202 4374 talibus,
1226 4287 1315 4368 nulla

106 4420 112 4432 κ
135 4398 187 4443 εις-
194 4395 280 4465 parte
296 4381 490 4466 reipublicae
512 4379 635 4454 utilem,
660 4398 725 4440 non
748 4378 864 4462 ipsum,
889 4396 953 4441 non
972 4390 1107 4460 patrem,
1134 4396 1201 4444 non
1222 4373 1311 4443 abu!

130 4544 134 4552 ¹
186 4563 200 4590 s

253 4608 271 4641 l
