2722 4754
200 192 211 219 ·.
296 146 987 274 ¹tusnltsusurniofcrmnmn.
1183 116 1263 237 aaa„
1333 230 1336 234 ,

91 320 290 409 flatislacieudo
308 331 412 409 vobis,
429 330 627 415 nugigerulos
646 331 792 411 quosdam
811 331 843 391 in
859 330 961 391 iorum
980 328 1175 403 dimiserunt,
1191 328 1248 410 qni

25 423 29 429 '
89 424 232 481 rumorem
250 431 447 501 spargerent,
464 430 585 498 paratos
597 437 650 478 eos
664 436 730 477 csse
744 416 881 497 simplam
899 415 1058 497 pecuniam
1076 417 1254 491 numerare,

86 495 201 590 duptam
218 521 283 561 non
301 523 400 584 posse.
422 504 488 571 Hae
505 515 578 563 tero
596 500 723 563 insidiae
741 514 827 561 erant
845 522 913 560 cum
932 501 1066 563 ludibrio
1085 514 1116 562 et
1132 499 1248 561 macbi·
1266 493 1294 552 Γ
1328 502 1330 505 ’

80 602 121 655 ns
137 587 295 672 quaedam,
320 601 356 648 ut
373 587 496 649 interim
513 587 589 648 haec
605 588 670 661 lex,
694 587 869 657 advertente
887 587 1025 662 nemine,
1044 587 1248 668 perferretur:

75 669 172 759 idque
188 674 228 734 ita
244 692 322 747 esse,
338 694 387 733 res
406 670 470 754 ipsa
488 685 623 735 testatur.
640 673 791 732 Pecuniae
810 670 891 731 enim
909 671 968 732 illis
984 672 1176 753 ‚temporibus
1188 692 1260 735 nec,

70 761 205 825 obolum
220 757 308 819 vobis
326 772 537 839 numerarunt,
555 771 586 819 et
598 777 659 818 una
672 757 741 840 lege
756 756 858 838 plures
876 756 937 817 iam
953 766 1097 839 receptas*
1106 759 1248 821 fecerunt

62 839 192 919 iri-icas,
216 863 311 924 eaque
330 843 433 926 legum
459 844 611 918 omnium,
638 863 868 923 quacunquam
885 841 965 923 apud
988 863 1043 903 vos
1061 843 1137 904 latae
1164 855 1247 920 sunt,
1272 866 1275 873 ’

10 937 14 944 “
57 929 249 1012 turpissima
267 940 299 989 et
316 929 513 1008 iniquissima.
532 929 613 989 Volo
627 949 709 1003 sane,
727 949 820 1009 pauca
834 925 1003 989 densitatis
1021 927 1140 1010 legibus
1151 918 1261 1011 'prae-f

51 1011 174 1088 fatus,
198 1006 310 1094 quibus
328 1014 403 1075 tales
421 1014 557 1075 act-iones
583 1015 708 1087 dantur,
732 1013 833 1074 statim
852 1015 890 1074 de
908 1012 993 1095 lege,
1018 1008 1247 1094 quam'accuso,

46 1098 185 1164 dicere.
209 1098 267 1159 His
286 1099 369 1160 enim
386 1099 470 1180 prius
486 1099 614 1175 auditis,
631 1099 748 1180 reliqna
764 1098 882 1159 facilius
899 1099 1081 1181 percipietis.
1107 1099 1246 1174 Habetis,
1321 1138 1323 1143 >

40 1173 305 1257 Athenienses,
324 1185 455 1265 receptis
474 1197 505 1246 et
523 1184 695 1266 approbatis
713 1185 820 1245 vestris
838 1184 958 1267 legibus
969 1197 1119 1246 accurate·
1133 1196 1165 1245 et
1181 1183 1245 1245 evi-

35 1268 184 1332 denter
199 1270 349 1351 descripta
360 1270 480 1344 omnia,
499 1290 576 1350 qnae
594 1269 731 1345 facienda
748 1270 869 1330 suntin
887 1270 1006 1352 legibus
1021 1270 1152 1357 posthac
1169 1267 1246 1330 con·

27 1355 255 1429 'ttituendis-
270 1353 317 1414 Ac
334 1354 466 1437 primum
485 1355 636 1429 omnium,
654 1368 774 1435 tempus
792 1354 971 1436 inscriptum
991 1369 1046 1429 est,
1065 1376 1127 1435 quo
1145 1356 1245 1438 legem

29 1438 152 1521 leg-ri
166 1448 324 1523 oporteat:
350 1440 477 1515 deinde,
495 1461 534 1500 ne
552 1440 596 1500 sic
614 1441 737 1520 quidem
755 1440 922 1521 unicuique
941 1441 1092 1521 quidlibet
1108 1439 1247 1522 permisit
1297 1468 1299 1473 ·

20 1521 246 1610 legislator,
262 1526 317 1586 sed
335 1525 441 1600 iubet,
456 1539 610 1587 auctorem
628 1525 703 1609 legis
723 1545 789 1585 cam
806 1537 876 1586 ante
894 1538 1006 1586 statuas
1023 1526 1153 1587 heroum
1170 1525 1245 1587 scri-
1315 1518 1318 1523 ’

14 1620 157 1687 pta·
173 1630 358 1695 proponere,
374 1624 411 1671 ut
424 1611 611 1690 aquibusvis
623 1610 809 1672 considerari
822 1610 936 1693 possit:
954 1611 1065 1672 deinde
1078 1611 1153 1688 vult,
1162 1632 1245 1693 ean·
1347 1624 1348 1629 ’

10 1692 147 1759 «lem
162 1697 262 1783 legem
280 1697 318 1756 ad
338 1716 443 1758 omnes
461 1696 629 1777 pertinere:
654 1709 776 1778 postea,
795 1697 960 1757 contrarias
978 1697 1131 1780 abrogari:
1157 1697 1243 1759 deni-

10 1797 139 1859 true
157 1783 222 1858 alia,
239 1782 373 1863 quaexad
391 1782 564 1842 institutum
581 1794 721 1843 nostrum
739 1783 867 1843 fortasse
885 1780 961 1841 nibil
978 1783 1117 1844 attinent.
1135 1783 1245 1858 Quod·

10 1865 102 1928 Bi
126 1869 191 1950 quis
207 1867 315 1929 borum
332 1887 429 1926 unum
447 1867 582 1927 violarit:
606 1867 699 1933 cuivis
719 1867 770 1928 dat
787 1867 947 1928 accusandi
965 1880 1154 1948 potestatem
1190 1867 1244 1928 Ti.
1267 1868 1329 1930 448

10 1965 228 2015 macutes
244 1952 354 2036 igitur,
379 1952 489 2012 sinon
507 1952 649 2020 omnibus
668 1949 908 2026 his'teneretur,
925 1972 1027 2034 neque
1045 1966 1151 2013 contra
1169 1953 1245 2015 baec
1298 2010 1302 2018 ,

10 2039 179 2108 bunnia
204 2038 302 2121 legem
326 2050 479 2119 rogasset,
504 2059 599 2098 unum
625 2036 778 2118 quippiam
801 2037 834 2097 in
852 2057 890 2097 eo
918 2036 1052 2097 accusari
1077 2038 1246 2118 potuisset:

10 2134 155 2183 nunc
173 2142 298 2184 necesse
318 2135 373 2196 est,
392 2121 518 2204 singulis
537 2122 705 2196 distinctis,
724 2143 758 2183 ea
776 2123 905 2184 seorsim
922 2121 1071 2204 explicari
1106 2122 1244 2183 Primum

10 2196 169 2290 'Igitur
185 2209 219 2268 id
238 2208 353 2283 dicam,
376 2208 409 2267 in
427 2229 488 2288 quo
506 2208 636 2289 primum
655 2207 800 2287 deliquit,
824 2230 893 2269 eum
912 2219 1018 2267 contra
1036 2227 1142 2267 omnes
1159 2206 1244 2290 leget
1272 2232 1276 2241 ’
1318 2201 1320 2207 ’

10 2293 179 2354 *adisse
198 2293 298 2376 legem
305 2315 316 2352 r.
341 2292 483 2373 deinceps
511 2294 618 2354 ordine
637 2296 771 2367 caetera,
795 2305 888 2374 prout
904 2291 991 2352 vobis
1008 2292 1113 2352 audire
1131 2314 1244 2353 unum-

10 2379 220 2461 quodque
238 2379 337 2438 visum
355 2378 455 2439 fuerit
490 2375 572 2459 Cape
590 2379 673 2461 leges
698 2378 769 2438 istas
788 2392 820 2439 et
835 2377 937 2439 recita.
973 2373 1133 2459 Constabit
1151 2377 1244 2453 enim,

23 2462 144 2537 enm
161 2463 281 2525 borum·
292 2463 369 2537 nihil
387 2463 502 2553 fecisse.
520 2463 679 2525 Attendite
697 2463 827 2540 Indices,
845 2466 917 2525 dum
935 2461 1019 2546 leges
1036 2464 1210 2527 recitantur.
1259 2479 1261 2482 ·

375 2606 376 2611 ’
449 2615 870 2664 russtonnourt.

131 2740 147 2751 ··
157 2718 261 2781 Primo
279 2734 403 2790 senatus
422 2735 586 2795 conventu,
604 2722 653 2781 dic
670 2721 851 2795 undecimo,
868 2733 1030 2802 postquam
1048 2735 1118 2783 vota
1135 2722 1168 2780 in
1185 2740 1242 2802 po-

77 2805 156 2885 pulo'
168 2820 287 2888 peracta
304 2807 419 2867 luerint
435 2829 452 2868 a
470 2827 635 2889 praecone,
655 2807 822 2867 sciscantur
838 2800 932 2888 leges,
947 2806 1081 2906 primum
1098 2807 1136 2866 de
1154 2827 1245 2867 senaa
1297 2886 1300 2892 Ι

75 2890 161 2951 toriis
177 2893 288 2966 ¹rebus,
306 2893 417 2953 deinde
437 2894 474 2971 de
493 2893 724 2964 communibus,
742 2891 853 2952 deinde
872 2892 910 2954 de
929 2892 995 2966 brs,
1014 2913 1090 2972 quae
1108 2891 1250 2952 Novem-'

74 2974 144 3051 viris
161 2975 239 3037 latae
256 2992 426 3052 sunt,·mox
444 2979 482 3038 de
499 2978 625 3058 reliquis
644 2976 876 3059 magistratibus.
901 2977 1002 3038 Prima
1018 2977 1058 3038 sit
1074 2990 1176 3037 autem
1195 2975 1242 3036 di-

74 3059 230 3136 iudicatio,
248 3062 298 3121 cui
315 3062 386 3124 satis
406 3080 471 3122 esse
489 3063 650 3123 videantur
666 3063 749 3144 leges
768 3061 948 3136 senatoriae,
966 3063 1018 3123 cui
1036 3083 1100 3123 non
1117 3063 1242 3123 videan-

73 3157 136 3205 turt
160 3146 272 3208 deinde
289 3169 392 3209 rerum
410 3149 617 3209 communium
636 3149 744 3209 eodem
763 3148 864 3206 modo.
900 3145 960 3207 Sed
978 3147 1081 3230 legum
1100 3167 1242 3228 compro·
1326 3184 1329 3191 ·

76 3230 156 3291 batio
173 3233 231 3293 fiat
244 3233 514 3318 secundum‘leges
532 3246 676 3314 receptas.
695 3233 815 3307 Quodsi
830 3252 907 3311 quae
925 3247 1064 3315 receptae
1082 3232 1165 3315 leges
1184 3234 1242 3305 ίιιι-Ι

73 3316 217 3396 probatae
234 3318 365 3397 fuerint,
384 3332 556 3392 senatores,
582 3318 614 3378 in
632 3338 763 3399 quorum
781 3317 1043 3379 administratione
1060 3319 1181 3400 rogatio
1198 3317 1243 3379 fa·

75 3413 120 3461 eta
135 3401 241 3476 suerit,
260 3404 298 3464 de
316 3403 501 3485 improbatis.
511 3401 630 3486 legibus
642 3414 831 3484 'postremam
848 3401 942 3462 trium
961 3403 1145 3465 concionum
1163 3403 1243 3464 indi-

77 3499 156 3546 cant:
178 3488 336 3570 praesides
353 3510 445 3563 vero,
469 3489 573 3569 quiin
599 3510 633 3549 ea
651 3488 801 3549 concione
824 3489 1048 3568 praesederint,
1071 3488 1243 3549 necessario

74 3573 295 3653 respondeant,
322 3575 453 3656 primum
471 3587 543 3656 post
560 3595 642 3634 sacra
662 3575 699 3635 de
717 3573 987 3656 legumlatoribus,
1006 3573 1117 3655 quibus
1136 3573 1244 3634 condi-

74 3655 210 3718 tionibus
222 3661 335 3720 sedere
359 3659 506 3734 debeant,
543 3672 574 3719 et
592 3660 629 3718 de
647 3672 793 3742 argento,
827 3660 910 3719 unde
935 3659 1185 3742 legumlatoribus
1203 3659 1245 3719 sit

74 3742 264 3805 solvendum.
294 3746 524 3828 Legumlatores
542 3757 644 3805 autem
661 3758 698 3804 ex
716 3738 1026 3827 iisdeligantur,‘qni
1043 3743 1243 3805 Heliasticum

73 3825 285 3890 iusiurandum
304 3831 462 3890 dederunt
496 3830 551 3889 Sin
568 3842 725 3890 senatores
743 3830 781 3890 ad
804 3829 863 3890 boc
881 3828 1100 3911 praescriptum
1118 3829 1245 3890 concio-

40 3954 49 3960 -
74 3932 142 3973 nem
161 3918 226 3975 no'n
244 3912 418 3989 habuerint,
436 3928 488 3975 aut
504 3915 740 3996 praesidesnon
752 3916 789 3976 ad
804 3913 862 3976 boc
880 3915 1098 3998 praescriptum
1115 3934 1245 3997 respon-

72 3997 189 4061 derint:
215 3999 413 4073 mulctabitur
430 4013 605 4061 senatorum
629 3999 842 4080 unusquisque
860 4001 943 4061 mille
963 4000 1111 4061 drachmis
1129 4000 1244 4061 Miner-

70 4102 125 4145 vae
143 4086 247 4161 sacris,
264 4085 438 4167 praesidum
452 4080 556 4148 'alutem
573 4086 786 4166 unusquisqne
804 4086 1002 4169 quadraginta
1015 4085 1170 4147 drachmas
1190 4086 1245 4147 de-

67 4167 142 4231 beat
160 4171 317 4245 Minervae
343 4190 448 4243 sacras.
490 4172 594 4245 Liceat
617 4171 707 4239 etiam
731 4191 785 4233 eos
804 4174 883 4252 apud
901 4171 1043 4232 Sexviros
1062 4192 1097 4233 ea
1121 4170 1243 4233 actione
1298 4176 1302 4183 '

67 4256 233 4335 postulari,
251 4256 362 4337 qua'in
379 4256 527 4317 aerarium
544 4256 655 4340 agitur,
673 4257 727 4337 qui
744 4257 952 4341 magistratum
970 4258 1106 4340 gesserit
1127 4254 1243 4319 Serviri

66 4353 176 4404 autem
205 4341 325 4405 delatos
351 4342 572 4406 introducunto
596 4342 630 4405 in
656 4342 804 4423 iudicium
821 4342 959 4426 exlege:
985 4343 1088 4409 autin
1104 4342 1243 4424 Areopa.-
