2722 4754
367 128 1014 293 ,⁵c.on'raa·can1.11›rurl.1‘
1059 158 1071 208 Ψ
1152 142 1254 253 ..sao
1296 166 1300 177 ’
1335 186 1348 257 ss

83 329 217 424 lippus
207 364 239 401 m
256 341 337 402 urbe
350 333 448 424 rogat,
465 360 538 401 num
555 340 614 402 iam
632 340 804 403 advenisset
821 332 1055 423 Cephisiades,‘
1045 341 1093 402 coi
1111 341 1254 422 inscripta
1321 376 1348 388 ν

57 442 61 457 ·
86 441 171 489 esset
187 428 316 508 pecunia
326 427 503 527 reddenda,
521 448 538 486 a
556 428 680 509 Lycone
698 426 878 503 Heracleote
895 427 1007 495 relicta.
1037 428 1254 509 despondente

85 527 189 594 patre,
216 512 334 592 opinari
352 531 400 584 se,
425 512 509 584 sed,
525 510 551 570 si
569 511 602 570 in
619 492 776 571 Piraeeum
801 513 986 573 descendere
1004 510 1112 586 vellet,
1136 525 1269 577 certum.
1297 528 1301 542 ·

58 598 249 658 ,sciturum
282 596 371 655 Nosti
395 596 506 678 igitur,
528 596 648 677 inquit,
666 595 771 666 Pasio,
795 596 869 675 quid
887 610 918 656 te
936 598 1076 695 rogem?
1089 597 1256 681 (atquem

43 736 49 747 ,
85 705 136 742 me
162 682 203 742 dii
228 683 362 760 deaeque
388 701 493 741 omnes
517 693 634 753 ament,
658 701 722 740 nou
744 681 874 744 mentiar
897 681 1058 760 quicquam
1073 680 1165 762 apud
1188 704 1263 784 vos,

85 756 224 839 ludices,
242 767 306 838 sed,
324 786 400 844 quae
417 787 434 824 a
452 778 536 853 patre
554 766 670 838 audivi,
688 765 815 825 narrabo
833 762 944 849 vobis.)
959 766 1046 826 Licet
1062 765 1120 827 tibi
1139 768 1254 829 esseio

86 865 137 911 me
157 850 368 911 beneficum
344 872 409 909 sme
427 844 491 912 ullo
510 863 564 910 tuo
584 850 776 911 detrimento.
800 850 875 910 Sum
870 864 1080 949 ..procurator
1088 852 1259 917 Heracleo,
1320 923 1322 928 Ι

86 951 203 997 tarum:
235 935 320 995 malis
338 947 510 1010 autemut
528 935 639 1016 opinor
657 955 733 1018 eg0,
750 956 803 1009 me
817 935 952 1015 accipere
969 934 1144 1015 pecuniam,
1164 933 1261 1016 quam
1307 961 1312 970 ’

86 1022 272 1102 inquilinum
297 1020 452 1080 hominem
472 1015 560 1103 scyri
578 1019 764 1080 habitantem
785 1033 816 1080 et
832 1019 928 1081 nihili.
946 1021 1019 1081 Tale
1043 1033 1144 1083 autem
1164 1023 1254 1101 quid·
1252 1044 1272 1059 ·‘

88 1108 157 1167 dam
177 1105 292 1166 accidit
326 1107 369 1189 L)
373 1126 431 1164 con
450 1117 480 1164 et
498 1104 590 1166 orbus
610 1119 656 1166 est
674 1118 704 1165 et
721 1106 839 1165 nullum
858 1105 1001 1186 heredem
1020 1106 1104 1165 domi
1120 1106 1255 1186 reliquit,

86 1205 124 1251 ιιι
142 1212 198 1273 ego
217 1190 318 1250 audio
351 1191 526 1263 Praeterea,
551 1202 586 1250 ut
582 1190 702 1278 Argos
721 1191 884 1271 perductus
905 1203 951 1250 est
967 1190 1158 1263 vulneratus,
1182 1211 1255 1272 pro·
1349 1184 1353 1195 ¹

88 1277 222 1336 curatori
236 1271 488 1335 Heracleotarum
505 1265 621 1375 Argivo
646 1277 805 1356 pecuniam
828 1295 931 1334 secum
955 1275 1073 1335 allatam
1093 1276 1183 1341 dedit
1220 1277 1273 1335 ln.
1329 1284 1336 1292 ‘

88 1383 124 1422 ea
149 1384 215 1434 sum
239 1360 334 1441 igitur
352 1373 382 1420 et
401 1381 458 1442 ego
476 1360 642 1431 sententia,
670 1373 722 1431 ut,
748 1379 825 1439 quae
843 1359 892 1418 hic
909 1358 1057 1459 reliquit,
1075 1359 1150 1417 mihi
1167 1359 1255 1419 reddi

49 1454 52 1459 ’
88 1459 232 1527 oportere
251 1466 404 1504 censeam.
422 1445 514 1524 idque
532 1465 662 1524 aequum
681 1465 746 1503 esse
764 1442 902 1503 arbitror.
937 1444 1012 1503 Tu
1003 1432 1112 1526 agitur,
1131 1442 1254 1503 sisorte

87 1532 171 1590 illam
196 1530 333 1589 nondum
344 1529 492 1629 recepit,
515 1530 579 1603 dic,
604 1551 651 1588 me
677 1549 742 1588 earn
761 1518 841 1589 mihi
865 1528 1034 1602 vindicare,
1058 1528 1122 1588 uhi
1137 1516 1255 1595 venerit

89 1613 299 1695 Cephisiades·
327 1615 374 1674 sin
392 1615 523 1712 recepit,
541 1615 672 1674 testibus
690 1613 828 1675 adductis
846 1613 989 1692 petiisse,
1016 1626 1052 1674 ut
1070 1612 1101 1675 in
1121 1614 1276 1673 medium·

87 1701 278 1780 proferretur
295 1699 343 1757 vel
360 1698 503 1778 pecunia,
521 1698 596 1758 vel
588 1720 630 1770 rs,
649 1698 702 1777 qui
721 1719 785 1757 eam
802 1697 989 1779 redegisset,
1008 1711 1048 1771 et,
1066 1721 1092 1758 ιι
1083 1697 1184 1776 quid
1204 1709 1254 1757 ve-

88 1786 127 1844 lit
145 1786 281 1856 auferre,
312 1783 342 1842 id
360 1784 549 1880 procuratori
566 1783 641 1842 mihi
659 1803 725 1842 esse
744 1796 927 1863 erepturum
963 1784 1056 1858 Quod
1075 1805 1143 1843 cum
1163 1783 1255 1847 dixis-

89 1883 153 1929 set:
184 1870 271 1966 Ego,
293 1868 394 1947 inquit
410 1880 511 1948 pater,
537 1860 688 1948 Callippe,
713 1868 874 1950 gratificari
884 1868 949 1928 tibi
967 1868 1057 1949 cupio
1076 1867 1255 1951 (insanirem

41 2004 44 2011 ι
74 1954 189 2025 enim,
213 1953 272 2011 nisr
264 1949 463 2034 cuperem),
486 1953 529 2011 sic
547 1966 664 2025 tamen,
682 1973 721 2011 nc
739 1953 787 2012 vel
806 1952 987 2013 existimatio
1005 1973 1071 2012 mea
1086 1954 1273 2025 minuatur,
1312 2007 1323 2028 ,

88 2037 137 2096 tel
157 2059 192 2095 ex
210 2037 265 2095 ista
283 2057 316 2096 re
335 2036 410 2094 mihi
428 2037 589 2116 quicquam
600 2036 735 2117 periculi
753 2037 799 2104 sit.
818 2036 868 2102 Ac
881 2037 1015 2098 dicere'
1006 2051 1063 2098 rsta
1084 2039 1120 2103 ad
1138 2038 1255 2098 Arche-

89 2121 210 2180 hiadem
231 2121 500 2201 ιιιΑιιιιοιιοιιιιι,
527 2122 625 2201 adque
651 2121 727 2181 adeo
754 2122 824 2181 ad
815 2144 914 2200 ipsum
933 2119 1162 2200 Cephisiadem,
1188 2143 1255 2182 mea
1308 2162 1313 2178 .

49 2258 53 2265 .
89 2205 166 2264 nihil
185 2206 326 2264 interest:
352 2224 456 2266 verum
475 2204 500 2264 si
518 2206 656 2265 oratione
674 2225 739 2263 mea
757 2225 821 2271 ιιοιι
839 2203 1059 2278 movebuntur,
1083 2219 1118 2265 ιιι
1136 2206 1192 2265 ista
1210 2206 1254 2265 fa·
1311 2201 1319 2210 ''

88 2291 185 2363 ciant,
202 2303 268 2349 tute
285 2289 343 2348 iam
362 2311 429 2349 cum
449 2289 495 2347 eis
510 2289 599 2370 agito.
635 2288 811 2364 Securus,
802 2289 903 2389 inquit
919 2289 994 2361 iste,
1014 2303 1091 2363 esto,
1107 2290 1210 2350 Pasio:
1229 2291 1255 2350 si

89 2375 223 2436 volueris
240 2387 283 2447 tu,
303 2394 394 2455 coges
411 2394 462 2432 eos
480 2373 554 2432 haec
569 2375 685 2434 faeere.
700 2373 812 2448 Quae
803 2374 898 2474 agitur
910 2374 968 2434 iste
985 2392 1053 2433 cum
1068 2388 1152 2456 patre
1171 2395 1252 2450 meo,

88 2455 174 2542 pater
191 2472 291 2523 autem
310 2481 378 2518 cum
389 2457 579 2519 Archehiade
593 2455 853 2539 etCephisiade,
844 2458 931 2519 rstius
949 2473 1058 2542 rogatu
1073 2473 1104 2520 et
1116 2460 1148 2519 in
1167 2460 1253 2520 istius
1328 2458 1331 2465 ’

90 2546 225 2628 gratiam,
245 2543 397 2615 disseruit,
415 2544 491 2603 haec
507 2547 589 2617 sunt,
608 2565 623 2603 e
642 2544 755 2643 quihus
771 2545 845 2625 haec
863 2545 942 2607 actio
960 2545 1111 2644 paulatim.
1124 2544 1254 2605 conflata

90 2645 143 2690 est
179 2632 264 2705 Quae
283 2649 331 2687 mc
350 2629 387 2688 de
405 2641 489 2710 patre
510 2628 677 2701 audivisse,
706 2628 756 2688 isti
774 2621 994 2689 sanctissimum
1013 2631 1111 2690 dare
1102 2629 1253 2705 ιιιιιιιιιιιι-1

90 2714 270 2775 dumvolui.
306 2716 365 2773 Iste
383 2716 503 2812 autem,
524 2713 583 2792 -qui
608 2712 781 2773 sibi'fidem
800 2737 821 2772 ,a
839 2715 926 2781 vohis
944 2714 1048 2774 haberi
1065 2710 1254 2796 postulatut
1283 2759 1288 2770 .
1336 2752 1339 2757 -

87 2822 159 2860 vora
177 2799 306 2870 dicenti,
319 2798 457 2858 triennio
470 2798 648 2870 interiecto,
666 2818 702 2857 ex
720 2819 781 2878 quo
800 2813 885 2879 pater
901 2799 1031 2878 primurn
1051 2822 1119 2859 cum
1136 2798 1254 2858 Arche

90 2885 176 2945 hiade
203 2897 233 2942 et
257 2883 321 2942 aliis
340 2879 536 2963 Cephisiadae
554 2883 749 2943 familiaribus
769 2896 888 2965 egerat,
917 2880 999 2962 iique
1022 2884 1260 2965 responderant,

90 2991 122 3029 se
142 2965 274 3048 Callippi
296 2967 395 3031 verbis
419 2967 496 3026 nihil
520 2967 652 3040 moveri,
679 2963 746 3027 crim
765 2967 1024 3041 animadvertit,
1014 2991 1073 3028 ram
1098 2969 1252 3037 infirmum
1277 2988 1280 2993 ’

91 3074 156 3113 esse
180 3066 307 3133 patrem,
331 3065 362 3111 et
385 3073 479 3151 aegre
499 3052 531 3112 ιιι
555 3051 663 3111 urbem
688 3053 867 3125 ascendere,
894 3065 924 3111 et
941 3051 977 3111 ab
997 3054 1087 3113 oculo
1103 3052 1252 3133 destitui:

90 3137 241 3197 actionem
260 3150 364 3197 contra
383 3157 451 3196 eum
470 3137 627 3219 instituit,
637 3157 717 3236 non,
735 3137 776 3196 ita
795 3157 842 3195 me
861 3135 904 3195 dii
921 3148 1039 3211 ament,
1058 3139 1096 3197 de
1114 3137 1253 3217 pecunia,

89 3223 143 3282 sed
157 3223 193 3281 de
213 3223 321 3280 damno
340 3220 398 3280 sibi
416 3220 452 3280 ab
473 3241 509 3280 eo
528 3222 609 3294 dato,
628 3244 681 3300 ιιιιι
672 3222 774 3300 'illam
789 3206 987 3301 Cephisiadae
1004 3221 1208 3295 reddidisset,
1215 3221 1253 3281 ab
1274 3250 1281 3263 s
1327 3236 1350 3271 ·.

89 3306 270 3366 Heracleot'a
287 3308 410 3389 Lycone
428 3304 581 3378 relictam,
607 3320 676 3365 com
702 3328 734 3366 se
758 3305 905 3385 absque
896 3327 963 3404 rpso
981 3326 1046 3365 nou
1062 3307 1252 3380 redditurum

88 3389 285 3472 promisisset
321 3390 468 3456 Iudicium
486 3391 612 3470 adeptus
626 3391 710 3470 ¹apud
728 3390 874 3449 arbitrum
892 3390 1042 3455 actionem
1059 3390 1197 3462 sustulit,
1222 3403 1253 3449 et
1274 3403 1336 3455 287

88 3476 125 3535 ab
146 3497 182 3535 eo
200 3473 374 3555 postulavit,
391 3487 506 3549 utrem
526 3474 658 3533 deferret
675 3475 712 3535 ad
729 3474 927 3558 Lysithidem,
944 3474 1083 3534 Isocratis
1102 3488 1134 3534 et
1150 3474 1253 3553 Apha-

89 3560 136 3620 rei
153 3559 298 3631 sodalem,
315 3558 406 3638 patris
422 3558 483 3617 mei
498 3559 683 3619 familiarem.
704 3559 795 3634 Quod
814 3580 882 3618 cum
896 3569 982 3638 pater
994 3558 1128 3619 fecisset:
1148 3581 1253 3638 quam-

88 3645 143 3704 diu
161 3644 186 3703 is
205 3644 295 3716 vixit,
330 3664 510 3723 quamquam
534 3643 585 3703 isti
601 3642 754 3703 familiaris
773 3656 871 3716 esset,
904 3641 1067 3703 Lisithides
1085 3665 1148 3704 uon
1168 3644 1253 3723 quic-

90 3752 181 3808 quam
201 3750 270 3809 erga
289 3747 345 3786 nos
364 3728 541 3808 delinquere
560 3751 649 3788 ausus
667 3729 732 3788 fuit.
749 3730 789 3790 Et
805 3741 906 3788 tamen
925 3727 1046 3810 quidam
1062 3729 1148 3789 istius
1167 3728 1254 3788 fami-

87 3816 177 3874 liares
203 3815 244 3873 ita
270 3824 341 3872 sunt
365 3812 573 3893 impudentes,
598 3827 634 3873 ut
656 3814 811 3874 testificari
836 3812 901 3873 ausi
925 3812 1056 3887 fuerint,
1084 3810 1252 3896 Callippum
1311 3868 1319 3879 ,

88 3899 167 3980 ιιιιιι
186 3919 254 3958 meo
274 3897 480 3981 iusiurandum
500 3898 663 3971 detulisse,
697 3899 751 3958 sed·
768 3912 883 3980 patrem
900 3899 981 3978 apud
997 3898 1213 3981 Lysithidem
1204 3920 1251 3959 ιιι-

87 4006 155 4044 rare
174 3983 326 4055 noluisse,
344 4003 437 4066 seque
452 3982 538 4043 vohis
557 4004 753 4068 persuasuros
772 3996 942 4055 autument,
960 3980 1164 4067 Lysitbidem,
1184 3981 1252 4044 Cal-

88 4069 164 4149 lippi
182 4063 372 4140 familiarem,
392 4088 454 4126 non
473 4089 704 4130 commrssurum
721 4069 830 4157 fursee,
846 4081 881 4128 ιιι
898 4081 1013 4147 patrem
1032 4089 1133 4128 meum
1151 4060 1273 4129 statim‘
1314 4114 1321 4139 ,

89 4157 323 4225 condemnaret,
350 4151 375 4210 si
400 4149 425 4210 is
449 4153 513 4232 ipse
536 4153 678 4213 sibifieri
696 4153 959 4213 iudexnoluisset.
993 4152 1044 4217 Me
1062 4167 1163 4214 autem
1181 4175 1250 4215 vera
1292 4148 1302 4165 ’

88 4239 218 4317 loqui,
209 4251 284 4297 astos
303 4235 433 4311 mentiri,
451 4237 581 4318 primum
598 4237 685 4297 vobis
705 4239 790 4297 hoc
781 4259 879 4319 ipsum
897 4252 1077 4319 argumento
1095 4239 1149 4313 sit,
1167 4238 1250 4318 quod
1296 4254 1299 4259 ’

88 4324 226 4418 futurum
244 4323 366 4396 fuisset,
389 4335 427 4400 ut
443 4342 513 4399 eum
529 4322 714 4406 Lysitbides
720 4323 953 4399 condemnaret,
979 4335 1010 4382 et
1028 4343 1112 4406 ego
1104 4345 1185 4385 nunc
1203 4323 1250 4383 iu-

952 4407 1053 4482 *37
