2722 4754
52 255 54 262 ,
144 147 253 245 ιιι
341 159 346 165 ’
428 180 1023 252 ιιιιοιιιιιιιιοιιιιιο

40 349 42 353 ’
137 360 222 421 quae
238 338 406 401 meruisset
442 334 520 399 Cum
535 360 610 402 vero
628 361 676 420 res
694 352 758 402 no'n
774 341 834 402 iam
852 354 1059 419 controversa,
1076 337 1130 404 sed
1148 339 1325 424 primuma

121 424 250 512 ‘senatu
269 428 417 503 damnata,
435 424 546 485 deinde
564 447 581 488 a
598 426 714 508 populo
731 446 811 488 unus
829 426 998 492 totussdies
1017 428 1050 488 in
1068 427 1116 489 his
1135 437 1323 488 consumtus
1342 480 1345 487 .

143 524 233 584 esset,
250 523 468 592 praetereaque
487 511 549 577 duo
567 511 689 587 iudicia,
705 512 763 572 viri
780 512 865 572 mille
883 525 915 574 et
931 535 1011 574 unus
1030 533 1172 587 numero,
1190 523 1321 573 senten

64 584 68 601 ⁴
141 598 199 658 tias
217 597 398 668 dixissent,
402 616 506 676 neque
524 616 578 656 reo
596 597 655 657 iam
672 597 769 657 ullum
795 610 912 679 pateret
939 597 1105 682 effugium,
1132 618 1197 698 qno
1216 596 1322 658 minus

44 692 47 697 “
141 694 271 743 vestram
288 680 448 783 pecuniam
466 702 520 742 vos
538 681 707 743 haberetis.
727 682 921 743 Timocrates
932 684 1017 758 haee,
1036 705 1114 765 quae
1133 683 1322 744 intercesse-

140 779 223 842 runt,
242 767 344 828 omnia
361 773 459 848 usque
477 768 554 827 adeo
569 767 726 850 neglexit,
742 780 779 828 ut
796 767 895 850 legem
915 788 980 831 eam
998 770 1085 844 ferat,
1105 791 1166 850 qua
1184 781 1218 829 et
1236 788 1320 845 sacra

138 853 269 936 pecunia
288 853 362 913 deos
382 865 414 913 et
430 853 579 912 aerarium
603 852 723 933 publiea
741 853 872 935 spoliet,
896 874 930 914 ac
949 855 1069 916 decreta
1088 867 1154 925 tum
1181 867 1319 930 senatus,

84 948 91 959 ‘
140 953 207 1000 tum
224 939 348 1020 populi,
380 951 445 998 tum
471 937 653 998 indiciorum
672 950 803 1013 evertat,
838 939 1051 1020 impunitatem
1076 939 1318 1021 deniquerent-

26 1082 33 1087 .
73 1085 76 1090 ,
138 1024 291 1107 publicam
324 1022 497 1104 depeculari
526 1023 720 1103 cupientibus
751 1037 913 1104 proponat.
957 1026 1046 1100 Quae
1079 1047 1148 1085 cum
1179 1026 1226 1086 ita
1249 1025 1318 1087 'sint

139 1109 258 1171 omnia.
299 1109 359 1169 boc
390 1111 486 1169 uniam
516 1108 701 1189 praesidium
733 1108 887 1190 reliquum
922 1129 988 1171 esse
1018 1112 1174 1187 videmus,
1210 1121 1248 1172 nt
1272 1110 1318 1171 le·

76 1255 78 1259 .
138 1217 208 1279 gem
233 1207 400 1255 accusatam
426 1207 457 1254 et
481 1193 588 1255 vestris
615 1193 775 1254 sententiis
801 1193 967 1257 subiectam
997 1198 1132 1256 refutare
1157 1213 1315 1258 conemur.

95 1276 105 1293 '
137 1281 216 1362 Ab
207 1280 296 1340 mitio
314 1279 410 1362 igitur
434 1300 499 1340 rem
526 1292 642 1362 gestam
659 1280 746 1340 vobis
772 1277 906 1343 breviter
931 1301 1097 1361 exponam,
1123 1292 1159 1341 nt
1175 1281 1314 1358 iniurias,

71 1394 77 1416 ι
139 1388 217 1459 qupe
242 1366 274 1425 in
293 1364 349 1425 ista
366 1364 463 1446 lege
453 1359 575 1439 insunt,
601 1364 719 1426 facilius
746 1361 869 1426 discatis
894 1378 925 1425 et
942 1366 1153 1446 assequamini
1198 1366 1325 1428 Βιιιι-·

122 1465 205 1537 ,tum
221 1450 296 1511 iecit
312 1450 411 1533 apud
410 1470 464 1511 vos
482 1449 683 1531 Aristophon,
702 1449 860 1532 eligendos
880 1471 946 1511 esse
963 1451 1181 1532 inquisitores:
1200 1451 1229 1513 si
1246 1447 1314 1533 quis

138 1532 211 1598 vero
231 1537 317 1597 sciat
327 1535 477 1616 aliquem,
504 1534 557 1616 qui
582 1534 697 1615 aliquid
719 1535 866 1617 pecuniae
872 1535 1018 1611 habeat,
1046 1539 1109 1599 sive
1128 1556 1233 1598 sacrae
1248 1536 1314 1613 sire

58 1612 79 1683 ,ἶ
138 1622 297 1704 publicae,
321 1620 462 1681 utillum
480 1621 559 1701 apud
577 1641 631 1680 vos
651 1620 774 1682 deierat
818 1622 893 1681 Post
910 1621 985 1681 haee
996 1623 1110 1683 retulit
1126 1623 1314 1698 Euctemon,

87 1718 91 1723 ’
137 1708 251 1768 babere
276 1704 485 1772 Archebinm
491 1718 538 1766 et
544 1705 752 1789 Lysithidem,
782 1705 958 1767 trierarchis
984 1708 1123 1781 iunctos,
1149 1707 1311 1789 pecuniam

69 1803 81 1810 ’
137 1791 372 1875 Naucratitieam
398 1789 611 1852 aestimatione
635 1811 747 1857 novem
770 1787 918 1852 talenttim
939 1805 969 1852 et
993 1793 1118 1876 triginta
1143 1793 1313 1854 minarumt

62 1928 82 1943 ..
136 1878 264 1940 accessit
281 1879 318 1940 ad
333 1889 481 1951 senatum,
499 1876 796 1938 senatusconsultum
814 1876 1028 1964 scriptumest
1046 1878 1179 1954 Deinde,
1197 1899 1315 1940 convo-

66 1968 71 1997 ²'
137 1968 206 2026 cata
215 1964 381 2038 concione,
398 1958 555 2025 accusator
577 1974 623 2023 est
643 1963 737 2024 datus.
763 1959 953 2038 Euctemon,¹
962 1984 1131 2024 conscenso
1147 1977 1315 2049 suggestu,

70 2048 72 2052 ’
138 2062 208 2111 cum
225 2049 283 2110 alia¹
301 2048 395 2110 multa
414 2048 511 2122 dixit,
524 2061 592 2111 tum
609 2049 688 2130 apud
706 2068 760 2109 vos
777 2048 993 2122 recensuit,a
1010 2049 1147 2123 triremi,
1166 2071 1226 2130 qna
1243 2050 1313 2121 Μι-

89 2176 93 2180 ·
137 2133 284 2214 lanopus,
312 2134 475 2195 Glaucetes
503 2148 534 2195 et
550 2132 727 2194 Androtion
754 2135 846 2218 legati
870 2134 920 2194 ad
933 2135 1105 2197 Mausolum
1133 2132 1213 2197 vecti
1236 2135 1313 2208 sint,

88 2262 90 2266 ι
101 2222 253 2302 captam
274 2240 340 2280 esse
358 2241 464 2281 navem
483 2220 581 2280 illam:
574 2220 758 2295 ·bomiues,
776 2241 906 2300 quorum
924 2222 1052 2302 pecunia
1064 2215 1176 2294 fuerit,
1192 2220 1315 2301 suppli-

82 2288 236 2385 -l-easse
255 2300 424 2366 decrevisse
441 2325 506 2379 vos,
525 2325 591 2366 eam
608 2305 752 2365 hostilem
770 2305 963 2366 habendam
977 2308 1056 2367 Tum
1074 2327 1130 2366 vos
1148 2304 1315 2367 admonuit

46 2432 49 2445 ι
138 2411 243 2452 cuum
260 2380 373 2472 legum,
392 2411 468 2471 quae
487 2390 574 2450 vobis
593 2391 688 2451 lectae
705 2391 840 2466 fuerunt,
860 2412 989 2470 quarum
1007 2393 1143 2464 decreto,
1159 2388 1258 2450 rebus
1276 2389 1316 2451 ad

87 2501 97 2511 ·
138 2493 209 2536 eum
222 2477 351 2535 modum
369 2476 601 2551 administratis,
620 2476 748 2563 pecunia
765 2476 816 2535 illa
834 2476 1015 2557 publicanda
1034 2488 1120 2536 esset
1138 2475 1317 2535 videbatui

136 2582 234 2641 aequa
252 2561 353 2621 dicere
371 2561 458 2621 vobis
477 2559 627 2622 omnibus.
662 2553 834 2622 Confestim
852 2563 952 2644 surgit
968 2560 1155 2633 Androtion,
1177 2559 1320 2621 Glauce-

135 2659 183 2707 tes
202 2659 233 2707 et
249 2646 428 2726 Melanopus
446 2642 662 2730 (considerate,
679 2668 718 2706 an
735 2666 813 2707 vera
824 2645 954 2748 dicam),
964 2646 1128 2720 clamitant,
1145 2645 1321 2729 indignan-

56 2729 64 2735 ’
137 2744 206 2805 ιιι,
232 2730 460 2805 conviciantur,
487 2732 649 2793 absolvunt
661 2731 905 2807 trierarchos,·'
896 2731 955 2814 ipsi
973 2752 1019 2792 se
1015 2731 1135 2792 babere
1161 2731 1318 2806 fatentur,

51 2810 114 2884 447
137 2817 243 2900 quaeri
260 2816 420 2897 pecuniam
437 2817 518 2898 apud
533 2838 568 2877 se
585 2816 748 2897 postulant
765 2816 822 2876 His
835 2817 957 2891 auditis,
974 2817 1029 2877 ubi
1047 2817 1200 2877 tandem'
1189 2816 1243 2877 rsti
1260 2826 1314 2876 tu

113 2900 280 2964 multuari
296 2902 520 2976 destituerunt,
545 2903 726 2963 senteutiam
745 2902 821 2962 dixit
837 2904 1038 3004 Euctemon,
1044 2923 1155 3001 qnam·
1150 2901 1221 2962 fieri
1237 2912 1312 2982 pot·

64 2989 68 2997 “
136 2999 199 3060 ιιι,
224 2986 453 3087 aequissimam,
475 2990 512 3048 ul
529 3007 545 3046 a
563 2987 736 3048 trierarchis
754 3008 808 3047 vos
828 2988 1007 3071 exigeretis,
1027 3001 1059 3048 et
1074 3000 1110 3047 ut
1127 2986 1180 3053 eis
1191 2987 1306 3060 liceret,

135 3092 257 3134 omnem
275 3066 340 3132 rein
360 3092 424 3132 eam
442 3071 475 3131 in
493 3071 580 3146 illos,
596 3072 659 3152 qui
677 3072 835 3154 pecuniam
861 3073 1026 3147 haberent,
1052 3060 1235 3133 transferre·
1259 3070 1305 3133 sin

135 3156 334 3219 dissensionis
359 3156 474 3260 aliquid
504 3157 651 3232 oriretur,
688 3170 724 3217 nt
747 3159 899 3220 sententia
928 3159 1066 3219 iudicum
1092 3156 1306 3232 intercederet,

133 3247 226 3324 atque
243 3255 279 3304 ut
296 3242 339 3316 is,
363 3243 417 3322 qui
433 3242 530 3302 uictus
550 3255 645 3317 esset,
672 3242 800 3304 deberet
816 3244 941 3304 aerario.
967 3246 1130 3304 Accusant
1148 3245 1305 3304 decretum

132 3329 172 3389 ad
189 3349 243 3388 vos
261 3328 411 3409 perlatum
428 3325 528 3411 (utin
546 3348 640 3408 pauca
663 3349 728 3387 rem
747 3326 932 3411 conseram)=
955 3329 1053 3389 visum
1073 3341 1128 3392 ιιι
1136 3327 1303 3389 seeundum

53 3436 56 3453 ·
127 3407 216 3496 'leges
235 3433 301 3475 esse
318 3413 432 3474 factum
451 3425 482 3473 et
499 3412 680 3473 absolutum.
715 3417 776 3474 lam
794 3415 862 3474 fieri
880 3414 954 3494 quid
973 3413 1168 3495 oportebat?
1187 3411 1305 3492 Reipu-
1343 3465 1351 3471 .

109 3556 112 3563 .
132 3498 229 3560 blieae
247 3498 376 3580 pecnnia
400 3498 590 3558 restituenda
613 3510 677 3559 erat
695 3511 727 3559 et
743 3501 902 3580 peculator
926 3500 1118 3580 puniendus·
1139 3499 1306 3582 legavero

131 3585 215 3646 nulla
232 3605 357 3666 prorsus
375 3583 413 3643 ad
438 3583 498 3644 boo
516 3583 639 3685 quidem
655 3585 825 3684 negotium
844 3606 921 3666 opus
941 3597 1012 3645 erat
1047 3586 1203 3649 Hactenus
1222 3581 1305 3642 nulla

130 3669 207 3730 iacta
226 3669 312 3730 vobis
331 3682 377 3730 est
394 3690 411 3728 a
429 3668 630 3729 Timocrate
620 3667 738 3729 rniuria.
761 3672 840 3732 Post
853 3670 928 3729 haec
944 3689 1018 3730 vero
1037 3670 1069 3729 in
1087 3690 1120 3728 se
1137 3690 1237 3730 unum
1254 3687 1304 3727 re-

67 3810 89 3835 ,
130 3755 213 3837 cepit
231 3767 262 3815 et
278 3753 434 3815 transtulit
452 3755 554 3814 omnia
567 3775 611 3829 ea,
630 3776 707 3835 quae
724 3755 784 3816 iam
802 3767 1037 3816 commemorata
1054 3767 1144 3815 sunt.
1161 3766 1198 3814 ut
1215 3751 1305 3826 nihil,

129 3862 192 3922 quo
210 3861 265 3901 vos
283 3839 432 3919 laederet,
460 3840 611 3900 omisisse
605 3840 762 3901 videatur.
806 3842 900 3918 Quod
920 3840 1000 3901 euim
1025 3839 1149 3899 illorum
1168 3837 1313 3899 artificiis.

107 3979 113 3987 ,
130 3938 162 3986 ιι
174 3925 310 4007 aucupiis
326 3945 359 3986 se
372 3920 605 3986 conducendum
619 3926 740 4001 locavit,
758 3927 992 4006 ministrumque
1011 3921 1173 4006 praebuit-2
1186 3944 1220 3985 se
1237 3923 1306 4005 ipse

128 4031 215 4072 reum
233 4009 307 4072 iecit
331 4010 488 4071 illarum
478 4012 676 4084 iniuriarum,
701 4025 737 4072 ut
755 4034 812 4096 ego
838 4011 926 4073 vobis
953 4010 1113 4072 manifeste
1133 4009 1307 4070 ostendamss

128 4096 189 4156 sed
208 4094 277 4158 ante
297 4096 398 4157 omnia
416 4118 541 4158 necesse
559 4110 621 4170 est,
646 4117 701 4158 vos
720 4100 884 4157 admonere
901 4111 1074 4197 temporum
1094 4108 1126 4156 et
1144 4096 1210 4156 eius
1230 4093 1303 4155 arti-

98 4247 101 4251 <
128 4180 200 4254 culi,
216 4202 277 4262 quo
290 4182 389 4265 legem
403 4182 573 4244 [olitanam
585 4181 753 4243 vobiscum
764 4181 934 4243 insolenter
951 4182 1041 4243 etiam
1051 4180 1214 4242 insultasse
1224 4178 1304 4240 etil-

27 4324 38 4333 ,
127 4266 235 4328 lusisse
255 4267 413 4330 constabit.
430 4268 502 4328 Fuit
520 4267 616 4328 Maius
634 4269 758 4340 mensis,
776 4288 837 4348 quo
856 4268 902 4329 illi
919 4268 956 4328 ab
975 4267 1166 4328 Euctemoue
1185 4264 1304 4335 iudicio

41 4417 46 4430 ,
127 4352 261 4435 superati
279 4365 377 4418 sunt.
387 4350 558 4415 Condneto
576 4364 676 4414 autem
695 4353 765 4429 isto,
783 4374 854 4415 eum
871 4374 911 4414 ne
928 4352 1101 4436 cogitarent
1116 4351 1245 4434 quidem
1264 4351 1304 4411 de
