2722 4754
79 163 213 329 ·ιιο,
318 198 326 242 ··
429 151 1024 265 ιιιιιοιιΗιΝι-εοιιιιο

144 352 315 419 animorum
320 356 455 438 dignam
473 307 662 414 maioribusz-
674 377 764 435 nemo
773 316 851 432 esl,
865 348 947 438 quin
958 358 1024 418 iure
1043 378 1091 418 me
1109 354 1320 440 reprehende

99 495 101 499 ,
123 453 125 461 “
144 456 199 504 ret
230 442 377 503 Nunc
339 463 374 524 eq
367 461 397 500 ο
416 453 515 501 vestra
534 461 599 509 esse
618 440 719 501 haec⁸
709 444 848 508 instituta
867 445 998 518 declaro,
1016 456 1047 505 et
1065 445 1207 544 ostendo,
1227 444 1321 505 etiam

51 534 54 539 '
103 525 105 531 ’
143 541 214 589 aute
233 549 281 586 me
299 466 374 587 hisb
365 525 472 602 animis
490 525 598 588 fuisse
601 526 833 608 rempublicam:
852 539 1004 591 caeterum
1022 529 1184 590 ministerii
1200 543 1321 611 partem
1349 560 1352 564 ·

102 650 105 661 ·
129 617 176 675 'in
195 611 323 704 singulis
341 596 433 683 rebus
449 613 545 694 gestis
563 613 601 680 ad
618 626 667 672 me
682 634 807 693 quoque
824 634 888 675 esse
905 617 1095 676 referendam
1110 617 1239 676 affirmo.
1258 619 1321 695 Iste

142 711 262 772 autem,
289 687 383 757 dum
379 696 518 758 omnium
536 719 584 758 me
602 710 723 758 accusat
741 713 771 759 et
789 722 968 778 succensere
986 702 1061 776 mihi
1078 723 1133 763 vos
1151 701 1258 775 iubet,
1285 714 1322 762 ut

112 812 115 819 ι
143 783 214 865 qui
220 795 373 844 terrorum
400 795 431 842 ct
452 783 660 863 periculorum
684 805 772 848 causa
794 773 980 868 reipublicae
1004 772 1132 861 fuerim,
1157 808 1234 850 ιιοιι
1241 787 1322 848 milri

142 882 261 931 tantuna
279 868 361 929 hunc
380 868 498 950 eripere
516 869 666 930 honorem
684 863 802 932 studet.
834 874 888 933 sed
907 873 1144 934 laudationibus
1152 873 1244 933 etiam
1263 893 1321 934 ros

78 976 81 982 ’
142 956 181 1017 ad
199 976 322 1017 omnem
334 955 548 1056 posteritatem
566 955 671 1036 privat
699 955 1046 1031 Nam⁸s1hunc⁸t1rum,
1065 958 1319 1039 quasireipubli-

90 1101 124 1124 Α
143 1062 277 1114 caenon
296 1041 410 1123 optime
428 1041 609 1122 praefuerit,
628 1042 886 1103 condemnabitis:
906 1065 1020 1104 errasse
1038 1043 1235 1117 videbimini,
1254 1063 1344 1121 non·

142 1129 284 1188 fortunae
301 1126 474 1187 temeritate
486 1127 608 1195 'cladem
627 1127 785 1209 accepisse.
830 1129 890 1189 Sed
908 1129 975 1189 fieri
993 1152 1056 1190 non
1075 1142 1193 1229 potest,
1218 1128 1318 1188 Athe-

142 1215 282 1288 aienses,
299 1225 335 1273 ut
353 1213 534 1286 erraveritis,
551 1207 731 1273 defensione
749 1213 897 1282 libertatis
917 1228 947 1275 et
964 1215 1069 1275 salutis
1089 1215 1228 1276 omnium
1248 1235 1318 1284 cum

52 1375 55 1380 .
142 1299 280 1382 periculo
299 1310 463 1380 ειιιιιιι,
479 1319 561 1384 non,
575 1311 685 1365 testor
701 1299 831 1360 maiores
850 1312 989 1375 nostros,
1015 1300 1133 1382 quiin
1128 1296 1332 1361 Marathone

41 1385 52 1393 ’
144 1407 200 1468 pro
219 1381 285 1446 aliis
305 1383 514 1458 dimicarunt,
516 1397 548 1445 et
561 1406 614 1464 qur
605 1384 681 1445 'ad
685 1385 846 1455 Plataeas
837 1408 869 1446 ιιι
888 1386 951 1447 acic
970 1399 1138 1460 steterunt,
1157 1399 1190 1447 ct
1207 1408 1262 1467 qna
1251 1383 1316 1446 'ad
1339 1438 1343 1442 ,

59 1478 123 1535 190
145 1471 326 1539 Salaminem
344 1471 449 1532 navale
464 1469 619 1573 proelium
637 1461 863 1544 commiserunt,
885 1484 916 1532 et
934 1495 987 1552 qus
977 1471 1042 1531 ⁸ad
1056 1470 1268 1546 Artemisium,
1285 1482 1335 1533 ιι4

77 1582 82 1587 ·
144 1558 256 1619 multos
275 1557 386 1631 alios,
391 1557 462 1637 qui
463 1557 496 1617 in
513 1555 644 1638 publicis
656 1557 869 1623 ‘monumentis
888 1557 1027 1638 sepulti
1017 1571 1133 1630 iacent,
1156 1557 1297 1618 fortes⁸
1269 1579 1314 1617 ιι-
1347 1590 1352 1597 -

52 1636 54 1642 ⁸
120 1680 130 1701 .·
141 1665 212 1705 ros:
247 1663 328 1723 quos
342 1642 502 1703 universos
520 1663 617 1723 acque
634 1642 803 1724 respublica
822 1644 930 1703 codem
950 1643 1071 1726 dignata
1089 1642 1210 1703 honor‘e
1228 1663 1314 1724 sepe·
1341 1661 1344 1668 ·

143 1729 209 1802 liit,
226 1728 397 1805 Aeschine,
418 1749 486 1788 ⁴non
505 1748 558 1788 eos
577 1749 613 1787 ex
630 1727 709 1802 illis,
728 1727 787 1806 qui'
804 1748 870 1788 rem
888 1728 967 1788 bene
981 1742 1147 1811 gesserunt
1164 1742 1221 1807 aut
1235 1727 1314 1800 vice·

142 1827 233 1889 runt,
250 1814 342 1874 solos.
365 1813 487 1893 idque⁸
477 1834 544 1874 rure
562 1834 596 1874 ac
614 1814 732 1874 merito.
767 1814 851 1890 Quid
871 1814 952 1873 euim
970 1813 1142 1876 fortium
1113 1835 1252 1889 virorum
1270 1813 1313 1874 ol·
1334 1888 1348 1895 Α,

51 1924 59 1930 “
142 1900 246 1961 licium
264 1899 341 1974 fuit,
360 1919 466 1984 omnes
484 1899 716 1981 praestiterunt:
731 1898 862 1961 fortuna
881 1912 1001 1973 autem,
1020 1916 1109 1979 quam
1128 1899 1241 1979 cuique
1258 1921 1313 1959 nu-

50 1996 86 2056 ,ῗ
142 2007 213 2047 men
230 1980 380 2059 tribuit,
375 2006 410 2046 ea
428 1982 500 2045 sunt
516 1984 572 2045 usi
595 1985 651 2059 Et,
669 2005 687 2045 o
707 1974 889 2057 exsecrande
906 1998 937 2046 et
954 1984 1082 2068 gibbose
1100 1985 1255 2073 literator,
1272 1996 1315 2060 ιιι,

36 2063 52 2104 ’-
134 2094 205 2152 ·quo
223 2092 272 2132 me
291 2071 409 2132 bonore
425 2070 536 2130 horum
553 2084 584 2131 et
593 2061 786 2153 humanitate
805 2070 969 2146 fraudares,
986 2068 1187 2152 triumphos
1176 2083 1209 2130 et
1225 2091 1313 2151 proe-

136 2158 183 2217 lia
203 2156 374 2248 etantiqua
392 2155 526 2217 facinora
549 2138 721 2257 narrabas,
742 2163 873 2236 qu'orum
892 2157 1045 2237 quodnam
1061 2155 1240 2256 requirebat
1257 2155 1316 2247 hoc
1343 2150 1352 2225 ,ζ

142 2291 314 2410 priucipatii
333 2309 494 2389 consilium
512 2348 724 2410 progressum,
754 2327 840 2387 cuius
858 2347 978 2388 sumere
997 2327 1132 2388 animum
1142 2310 1316 2391 couvenie—
1321 2348 1327 2361 ι

143 2413 216 2476 bat?
248 2414 379 2488 Eiusne,
399 2413 517 2494 quibis
534 2413 660 2496 indigna
676 2413 814 2477 diceret?
840 2417 909 2475 lure
929 2413 1052 2493 quidem
1071 2412 1190 2475 occisus
1208 2431 1315 2494 essem.
1351 2428 1352 2433 ’

96 2504 99 2515 ’
142 2500 263 2560 Deinde
281 2521 382 2580 neque
401 2519 455 2559 vos
473 2500 579 2573 decet,
597 2499 822 2592 Athenienses,
846 2496 954 2560 eodem
973 2498 1075 2559 animo
1095 2508 1198 2559 causas
1216 2497 1316 2580 priva-

141 2598 191 2646 tas
214 2598 245 2646 et
256 2585 404 2668 publicas
429 2585 611 2665 disceptare:
638 2579 703 2644 sed
716 2598 752 2645 ut
773 2585 969 2687 quotidianae
992 2585 1071 2645 uitae
1097 2595 1271 2653 contractus
1298 2603 1318 2642 e

142 2670 273 2753 privatis·
284 2671 403 2754 legibus
422 2684 453 2731 et
469 2670 556 2731 sactis
575 2670 732 2751 spectandi
749 2684 831 2746 sunt,
848 2671 890 2730 ita
908 2670 949 2730 in
954 2668 1201 2732 communibus⁸
1190 2667 1316 2730 matitu

52 2819 55 2824 ,
90 2748 108 2797 τ’
141 2755 181 2817 tis
205 2758 243 2817 ad
268 2758 422 2818 maiorum
436 2754 615 2838 dignitatem
636 2769 682 2816 est
695 2757 941 2838 respiciendum,
967 2769 998 2816 et
1021 2756 1175 2856 suspicere
1198 2774 1231 2817 se
1254 2773 1318 2813 una

142 2864 211 2901 cum
217 2842 333 2903 baculo
351 2855 382 2903 et
396 2855 510 2902 tessera
528 2842 805 2924 magnanimitatem
823 2841 1008 2923 reipublicae
1026 2841 1193 2921 unicuique
1210 2836 1316 2900 existi-

142 2928 303 3000 mandum,
330 2950 399 2988 cum
417 2928 454 2987 ad
472 2927 610 3007 publicas
629 2950 731 2994 causas
750 2927 956 2991 diiudicandus
975 2927 1134 2988 acceditis:
1163 2923 1318 3025 siquidem

63 3068 69 3075 ,
127 3012 180 3081 ·,ιιι
197 3013 257 3074 illis
276 3034 340 3073 non
359 3013 604 3096 degenerandum
624 3034 689 3074 esse
708 3015 839 3075 creditis.
881 3013 973 3074 Sed
960 3036 997 3073 in
1013 3012 1156 3073 facinora·
1166 3010 1324 3103 ιιιιίοιιιιιι

141 3111 312 3159 vestrorum
331 3097 481 3180 delapsus,
499 3101 645 3195 quaedam
660 3100 781 3160 decreta
799 3113 830 3160 et
843 3086 908 3160 acta
926 3099 1075 3200 praeterii.
1093 3094 1177 3158 Eo
1157 3074 1324 3188 agitatre

49 3230 53 3243 .
86 3193 260 3286 chrtar,
257 3185 349 3244 unde
364 3207 430 3245 sum
444 3185 608 3267 digressus.
625 3187 667 3245 Ut
678 3186 798 3246 Thebas
810 3186 1013 3266 pervenimus,
1026 3183 1160 3284 Philippi
1172 3195 1204 3243 et
1218 3181 1321 3242 Thes-

86 3262 274 3330 ⁸salorum
294 3271 448 3330 sociorum
460 3271 585 3355 legatos
590 3271 658 3331 ibi⁸
648 3272 837 3334 invenimus·
854 3294 889 3332 ac
904 3286 1026 3332 nostres
1045 3269 1157 3330 amicos
1171 3264 1318 3356 perterrij

47 3354 50 3359 ’
83 3393 87 3401 ,
141 3367 201 3435 tqs,
220 3354 301 3416 illius
320 3357 518 3428 confidentes.
551 3359 594 3417 Ut
611 3368 712 3418 autern
730 3358 805 3419 haec
822 3379 870 3418 me
889 3380 971 3419 nunc
989 3379 1053 3417 non
1071 3353 1211 3431 utilitatis
1230 3350 1319 3412 meae'

25 3488 51 3513 .,
119 3448 120 3452 ’
142 3461 230 3500 causa
227 3439 424 3543 confingere
442 3455 600 3525 appareata
624 3444 719 3504 recita
736 3445 812 3513 mihi
829 3445 947 3518 literas,
973 3465 1046 3523 quas
1064 3462 1121 3501 nos
1140 3439 1230 3541 legat
1238 3438 1326 3511 itum

90 3582 96 3593 .
139 3520 243 3605 statim
258 3528 417 3589 misimus.
441 3530 643 3628 Quamquam
652 3530 704 3590 ille
721 3543 785 3590 tam
801 3530 915 3613 insigni
932 3551 1005 3589 usus
1025 3540 1071 3588 est
1088 3523 1268 3597 calumnia,
1274 3534 1322 3597 ιιι,

69 3693 72 3699 ,
98 3627 104 3631 ·
141 3611 168 3671 si
186 3613 261 3692 quid
277 3627 360 3676 recte
378 3606 574 3688 factumest,
595 3607 629 3675 id
648 3616 833 3692 occasioni,
845 3636 909 3675 non
927 3614 1016 3675 mihi·
1007 3613 1149 3674 ·tribuat:
1176 3611 1225 3671 sin
1224 3607 1321 3689 quid

141 3718 229 3758 secus
247 3699 366 3775 cecidit,
384 3699 460 3760 mihi
478 3702 597 3782 culpam
616 3699 647 3760 el
663 3701 804 3776 fortunae
821 3721 906 3761 meae
924 3699 1081 3762 adscribat
1099 3695 1233 3777 Atque⁸
1222 3708 1277 3768 ata,
1295 3692 1322 3754 si
1336 3716 1352 3753 .’

141 3782 198 3843 diis
212 3785 321 3866 placet,
338 3807 445 3846 suasor
459 3799 490 3847 et
503 3800 607 3847 orator
621 3807 707 3889 egon
708 3772 821 3848 nullius
836 3809 940 3848 earum
952 3808 1066 3857 rerum,
1085 3804 1161 3864 quac
1177 3781 1321 3842 oratione

141 3882 172 3929 et
190 3870 321 3933 consilio
338 3884 421 3933 actae
439 3884 521 3946 sunt,
539 3861 707 3933 adiutor
678 3893 708 3933 er
726 3895 792 3934 esse
810 3874 930 3934 videor:
955 3893 1062 3932 eorum
1080 3890 1170 3942 vero,
1189 3887 1283 3948 quae
1283 3865 1320 3924 in

73 3984 75 3987 ·
140 3956 230 4016 armis
249 3971 281 4018 et
299 3959 440 4020 ducendo
458 3958 593 4019 exercitu
611 3960 689 4020 male
708 3960 907 4032 ceciderunt,
912 3958 996 4018 solus
1014 3971 1121 4017 auctor
1139 3975 1214 4016 csse
1240 3951 1321 4026 Quis

39 4049 45 4056 “
123 4059 126 4063 ’
140 4042 294 4104 crudelior
307 4044 507 4107 calumniator
516 4057 569 4106 aut
577 4046 791 4107 exsecrabilior
799 4067 864 4106 esse
876 4043 974 4126 possit
987 4043 1069 4105 isto?
1086 4041 1195 4102 Recita
1206 4039 1319 4100 literas.

56 4172 169 4251 wlff
291 4223 310 4229 ψ
448 4218 495 4266 Ὶ-
602 4192 854 4242 urrunsa

155 4345 157 4350 -
226 4295 431 4368 Contoeato⁸
422 4303 517 4386 igitur
533 4302 665 4385 populo,
684 4300 801 4382 priores
820 4302 889 4362 illos
908 4262 1148 4400 produxerunt,
1153 4309 1350 4394 popterea

70 4448 74 4458 ,
140 4387 224 4465 quod
243 4385 288 4447 illi
312 4389 466 4451 sociorum
483 4389 556 4487 locu
579 4387 778 4448 haberentur:
805 4388 858 4469 qni
874 4386 1037 4489 progressi
1061 4383 1246 4446 concionem
1258 4355 1350 4441 ·-ha⁸
