2722 4754
243 286 250 294 „
337 186 402 264 nx¹
437 176 951 281 rx'xksn'xnoarronn
1127 152 1218 262 fta

57 360 279 433 Phocensibns,
306 370 359 418 aut
373 356 638 431 Lacedaemoniis,
664 368 717 416 aut
730 355 927 439 Hegesippo,
955 368 1011 437 aut*
1024 358 1061 417 de
1078 351 1234 416 Proxeno‘

61 466 121 508 non
134 458 258 524 recepto
276 443 314 502 ab
333 444 387 524 eis,
394 455 457 508 ,ant
475 444 512 502 de
531 443 686 523 impieta-te
706 460 831 514 eorum,
849 455 902 502 aut
919 463 1102 523 quocunque
1120 442 1220 501 nomi-

65 554 100 594 ne
117 553 166 592 eos
183 528 354 601 accusabit:
376 548 411 587 ea
439 541 521 588 certe
539 528 616 587 iacta
640 527 761 586 fuerant
785 528 903 600 omnia,
929 527 1105 608 priusquam
1129 525 1222 608 legati

67 618 113 681 tat
127 617 182 676 bue
199 614 370 686 venissent,
387 633 489 692 neque
509 613 682 686 obstabant,
707 632 768 691 quo
788 612 887 671 minus
906 612 1221 673 Phocensesconser-

71 715 202 767 tuentur.
226 699 300 775 Quo
319 697 466 757 auctore?
491 698 593 757 lsthoc
611 697 677 777 ipso
695 696 856 755 Aeschine.
881 697 990 775 Neque
1010 699 1092 757 enim
1110 697 1222 757 sisabsa
1303 770 1305 777 y

75 810 124 875 que
137 782 377 846 Lacedaemoniis
397 793 494 857 esset,
514 803 614 863 neque
633 781 658 841 si
677 784 848 844 Proxenunr
867 802 931 840 non
948 783 1147 862 repulissent,
1165 803 1221 843 ne-

77 895 125 958 que
139 871 162 931 si
176 890 231 949 per
247 867 455 950 Hegesippum
474 889 537 927 non
563 867 714 941 stetisset,
740 888 841 946 neque
866 867 892 925 si
910 866 969 925 hoc
987 868 1034 926 vel
1061 867 1137 927 illud
1155 889 1219 928 non
1243 871 1306 928 232

50 964 55 977 “
79 955 247 1042 impedisset,
275 966 486 1012 conservatum
513 953 551 1012 iri
568 952 759 1024 Phocenses,
784 953 907 1011 nonita
931 964 996 1010 tum
1020 953 1222 1013 renuntiavit:

81 1040 176 1109 “dhis
200 1038 341 1097 omnibus
367 1037 555 1118 praeteritis,
580 1059 612 1097 se
630 1036 772 1099 advenire
797 1036 897 1096 verbis
926 1037 1044 1096 disertis
1071 1037 1162 1111 dixit,
1188 1042 1221 1097 ac
1262 1079 1271 1115 4

81 1123 236 1216 persuasisse
254 1122 417 1203 Philippo,
442 1135 479 1182 ut
496 1123 669 1184 Phocenses
688 1135 896 1194 conservaret,
911 1135 949 1189 ut
965 1122 1111 1182 Boeotiae
1129 1122 1221 1183 nrbes

82 1219 251 1281 inmutaret,
277 1221 313 1268 ut
329 1220 446 1267 vestrae
472 1209 643 1267 auctoritati
669 1207 792 1290 negotia
820 1207 1040 1282 committeret,
1068 1229 1102 1267 ea
1119 1207 1220 1278 statim

84 1299 231 1364 coniectum¹
244 1291 284 1351 iri
302 1293 381 1352 intra
400 1292 542 1366 biduum,
557 1305 613 1352 'aut
628 1293 778 1352 triduum:
803 1305 965 1373 propterea
982 1313 1014 1352 se
1034 1316 1049 1352 a
1067 1292 1220 1353 Thebanis
1251 1286 1270 1308 ²

43 1439 46 1444 .
84 1380 265 1470 proscriptum,
283 1377 433 1458 promissa
449 1377 638 1437 interfectori
656 1377 792 1458 pecunia.
816 1377 862 1437 Ne
881 1378 976 1460 igitur
993 1398 1037 1450 ea,
1056 1399 1132 1457 quae
1150 1390 1221 1438 ante

87 1471 152 1533 iatius
164 1461 417 1523 renuntiationem
434 1462 482 1523 vel
500 1485 516 1522 a
532 1462 779 1522 Lacedaemoniis
803 1463 880 1522 sacta
897 1465 1023 1523 bierunt
1038 1462 1087 1522 vel
1105 1484 1121 1522 a
1138 1462 1220 1526 Pbo-

86 1549 210 1620 censibus,
233 1548 363 1613 audiatis
382 1561 434 1608 aut
459 1547 629 1627 patiamini,
653 1569 753 1628 neque
769 1546 975 1609 Phocensium
1000 1564 1140 1608 accusare
1163 1549 1221 1607 irn-

85 1636 236 1724 probitatem
249 1632 367 1693 'sinatis
392 1633 500 1712 Neque
519 1618 599 1692 enini
616 1625 872 1694 Lacedaemonios
892 1634 965 1693 olirn
982 1646 1108 1714 propter
1124 1633 1222 1694 virtu-

85 1740 131 1788 ten
146 1731 242 1780 eornm
256 1719 466 1792 conservastis,
484 1738 584 1798 neque
602 1719 798 1778 exsecrandos
811 1719 881 1778 illos
894 1719 1103 1792 Euboeenses,
1120 1738 1221 1798 neque

84 1809 141 1872 alios
153 1803 273 1881 nult0s3
291 1804 345 1863 sed
358 1804 441 1883 quod
455 1803 507 1863 eo's
524 1825 589 1863 csse
603 1804 804 1863 incolumes-e
818 1802 974 1884 republica
990 1817 1062 1877 erat,
1080 1817 1116 1863 ut
1131 1803 1235 1871 etiam,
1294 1851 1297 1855 .

43 1902 46 1907 '
64 1907 66 1911 ’
84 1914 148 1956 nunc
158 1888 331 1950 Phocenses.
348 1889 389 1948 Et
407 1888 481 1968 quid
493 1888 677 1963 Phocenses,
696 1901 748 1948 aut
759 1889 1001 1962 Lacedaemonii,
1018 1902 1070 1948 aut
1087 1909 1151 1961 vos,
1169 1898 1223 1948 aut

86 1979 123 2041 alii
136 1973 264 2036 mortales
291 1974 478 2054 deliquerint
494 1987 565 2053 post
581 1974 666 2034 istius
692 1973 798 2047 verba,
824 1997 885 2054 quo
904 1974 1003 2032 minus
1024 1974 1088 2032 eins
1107 1972 1221 2032 oratio-

85 2085 139 2125 nem
154 2071 269 2120 eventus
288 2066 478 2139 sequeretur,
495 2059 526 2118 id
543 2059 689 2142 rogitate:
713 2079 813 2138 neque
833 2059 913 2118 enim
933 2059 1093 2118 dstendere
1112 2068 1221 2138 potest

85 2138 144 2209 Nani
158 2144 285 2224 quinque
305 2146 369 2204 dics
389 2145 532 2203 duntaxat
550 2145 802 2217 intercesserunt,
827 2145 860 2203 in
879 2145 989 2224 quibus
1007 2144 1064 2203 iste
1082 2142 1155 2202 salsa
1172 2152 1224 2201 re¹-

87 2230 216 2302 nuntiavit,
232 2249 284 2288 vos
301 2229 482 2303 credidistis,
499 2228 672 2290 Phocenses
686 2230 878 2305 audiverunt,
895 2250 927 2289 se
942 2229 1134 2301 dediderunt,
1151 2248 1221 2308 per-

86 2319 170 2379 ienmt
201 2315 305 2388 Unde,
324 2315 450 2394 opinor,
476 2314 565 2374 etiam
583 2315 740 2380 manifeste
756 2327 859 2395 patet,
885 2334 1005 2373 ornnem
1023 2314 1222 2393 imposturam
1252 2348 1255 2353 ,

87 2401 240 2464 etirandcm
257 2400 351 2460 luisse
369 2400 546 2460 instructam
565 2401 597 2459 in
614 2400 817 2462 Phocensium
836 2399 1000 2459 interitum.
1026 2399 1120 2472 Quod
1140 2398 1221 2461 enim
1246 2442 1250 2447 .

85 2501 197 2568 tenpore
207 2484 365 2565 Philippus
384 2485 487 2545 venire
502 2507 565 2568 non
578 2498 698 2566 poterat
715 2494 842 2566 pr‘opter
858 2504 972 2565 pacem,
990 2484 1044 2543 sed
1058 2502 1124 2543 sese
1138 2477 1227 2549 conrJ

68 2610 72 2617 -
86 2567 196 2655 pirabat:
211 2569 465 2630 Lacedaemonios
483 2570 661 2645 ariessebat,
680 2593 712 2630 se
725 2571 878 2630 facturum
895 2570 937 2629 eis
951 2590 1016 2628 esse
1037 2569 1141 2628 omnia
1154 2567 1223 2648 pol-

86 2657 184 2729 licitos,
204 2677 241 2716 ne
260 2675 313 2714 eos
332 2654 391 2714 sibi
408 2656 598 2730 Phocenses,
624 2656 712 2717 vobis
730 2655 1000 2727 intercessoribus,
1019 2653 1229 2713 conciliarent:

87 2743 342 2821 Postquamautem
360 2753 484 2800 venerat
502 2741 534 2800 in
552 2741 659 2825 Pylas,
686 2753 717 2800 et
732 2739 981 2812 Lacedaemonii,
1008 2737 1222 2817 animadversis

87 2826 194 2899 insidiis,
206 2816 405 2899 recesserant,
422 2829 526 2885 rursus
545 2827 637 2885 istum
655 2825 810 2906 praemisit
826 2826 863 2885 ad
880 2846 934 2884 vos
952 2823 1166 2903 decipiendos,
1184 2841 1223 2881 ne

86 2912 192 2984 iterun,
213 2911 299 2970 vobis
321 2911 585 2993 intelligentibus,
612 2932 681 2972 eum
699 2897 913 2971 Thebanorum
940 2929 1030 2991 agere
1056 2907 1225 2990 negotium,
1312 2959 1316 2965 .

86 3008 183 3075 tempus
197 3009 294 3056 terere
314 3009 345 3055 et
363 2996 477 3056 bellum
495 3016 601 3078 gerere
621 3010 795 3080 cogeretur,
809 3008 874 3055 tum
892 2978 1101 3061 Phocensibirs
1119 3014 1151 3052 se
1171 2994 1225 3052 de-

85 3080 268 3155 fendentibus,
292 3093 359 3141 tum
376 3081 462 3141 vobis
477 3102 572 3161 opem
590 3082 649 3142 illis
668 3068 852 3163 ler‘e‘ntibus:
876 3081 930 3139 sed
947 3093 983 3138 nt
1001 3079 1074 3139 citra
1091 3076 1225 3158 pulveris

86 3177 177 3225 tactum
192 3165 286 3248 (quod
305 3165 405 3250 aiunt)
424 3167 524 3226 omnia
544 3167 714 3228 conficeret
734 3167 825 3247 idque
843 3166 955 3225 iactum
974 3176 1026 3223 est
1043 3164 1115 3224 Non
1133 3162 1239 3245 igitur,

85 3251 155 3328 quod
169 3263 194 3309 et
208 3252 463 3311 Lacedaemonios
482 3265 513 3311 et
530 3252 704 3312 Phocenses
726 3252 845 3333 decepit
862 3250 1037 3331 Philippus,
1064 3260 1227 3329 propterea
1261 3245 1283 3297 μ’

58 3362 63 3368 ·
86 3334 271 3397 bnsevobis
299 3338 423 3416 impune
452 3337 582 3397 illusisse
608 3337 759 3418 postulet:
788 3330 891 3416 nequex
914 3335 1004 3405 enim,
1024 3356 1155 3413 aequum
1174 3342 1236 3411 ests

89 3419 184 3493 Quodsi
206 3443 261 3502 pro
288 3422 499 3497 Phocensibus
526 3423 656 3507 et-Pylis
683 3435 714 3483 et
739 3421 804 3481 aliis
820 3420 931 3495 rebus,
959 3440 1035 3498 quae
1060 3419 1228 3499 perierunt,

90 3499 462 3587 Chersomsum'superesse
485 3508 672 3588 reipublicae
699 3507 825 3567 dixerit:
851 3524 906 3586 per
924 3505 997 3564 deos
1015 3525 1071 3564 vos
1090 3504 1229 3576 obsecro,

87 3588 196 3665 ludices,
219 3612 258 3650 ne
277 3593 460 3666 admittatis,
488 3613 590 3673 neque
608 3593 780 3673 patiamini,
809 3604 844 3651 nt
861 3592 897 3650 ad
916 3589 1077 3672 legationis
1103 3588 1228 3649 iniurias
1260 3586 1262 3590 ’

87 3672 207 3736 etiamen
232 3677 411 3754 defensione
437 3678 583 3757 probrum
602 3678 714 3738 civitati
740 3674 938 3749 concilietur,
963 3695 1035 3750 vos,
1061 3688 1096 3734 ut
1113 3673 1230 3755 aliquid

85 3757 174 3839 privati
189 3762 355 3844 eriperetis,
374 3763 527 3823 sociorum
546 3764 673 3823 salutem
692 3763 868 3845 neglexisse.
898 3761 1005 3840 Neque
1025 3760 1105 3820 eninr
1123 3761 1165 3819 ita
1182 3757 1228 3816 fe-

86 3843 166 3904 cistis:
180 3847 248 3922 sed,
274 3869 347 3929 pace
365 3849 424 3908 iam
442 3848 519 3908 facta
538 3861 569 3908 et
582 3845 779 3909 Chersoneso
806 3847 970 3919 incolumi,
997 3858 1128 3925 quatuor
1145 3856 1228 3905 totos

66 3939 183 3991 'nenses
198 3946 269 4012 post
286 3933 359 3993 salvi
376 3933 462 3993 suere
480 3933 661 3994 Phocenses.
680 3934 740 3994 Sed
756 3933 842 3994 istius
860 3931 1026 4003 mendacia,
1040 3929 1155 4009 quibus
1174 3949 1228 3995 vos
1252 3930 1314 3986 233

80 4012 245 4099 inirandem
261 4017 368 4096 illexit,
386 4039 456 4093 eos,
467 4018 514 4078 his
533 4019 606 4079 actis
621 4020 754 4092 demum,
771 4018 977 4099 perdiderunt.
994 4014 1113 4075 Deinde
1134 4011 1230 4074 Cher-

83 4118 207 4161 sonesum
225 4103 414 4165 nuncetiam
429 4103 463 4164 in
475 4104 597 4164 maiore
614 4105 727 4164 versari
744 4103 900 4185 periculo,
927 4121 1016 4179 quam
1034 4112 1117 4173 tnm,
1141 4110 1230 4182 repe-

83 4182 159 4245 rietis.
174 4189 283 4269 Utrum
301 4188 382 4250 enim
400 4187 516 4249 facilius
534 4188 642 4250 luisset
658 4189 765 4257 ulcisci
778 4187 963 4267 Philippum,
981 4185 1095 4264 siquid
1113 4185 1145 4246 in
1164 4207 1231 4257 eam

66 4271 283 4349 remisisset,
301 4287 462 4354 antequam
479 4273 589 4335 horum
607 4275 723 4355 aliquid
739 4271 924 4356 reipublicae
943 4270 1175 4352 praeripuisset,
1192 4292 1231 4338 an

83 4357 173 4417 nnnc?
188 4358 340 4439 Equidem
358 4359 560 4441 opinantem
579 4359 673 4423 fuisse
692 4361 786 4443 longe
802 4355 927 4419 facilius.
946 4357 1034 4432 Quae
1052 4356 1147 4440 igitur
1165 4355 1230 4418 eius
