2722 4754
74 222 80 245 .-
183 168 209 185 “’
267 166 1022 247 ‘antnnsusanrs'rocuarnu
1077 214 1095 284 .'
1183 194 1245 247 aas

21 394 25 401 ,
72 354 171 411 quam
190 333 270 393 inire
288 348 411 414 posset,
426 348 461 396 ut
478 355 565 418 reges
585 336 695 397 caeteri
712 338 915 416 pellerentur,
931 333 1030 412 unus,
1049 338 1105 418 q'ui
1120 339 1162 407 eis
1180 339 1243 419 pla-

72 416 214 490 cuisset,
233 438 324 478 omne
344 432 503 500 occuparet
519 419 700 502 imperium?
730 435 782 482 aut
798 436 833 482 ut
850 422 889 496 ii,
909 424 962 503 qui
979 422 1099 483 duobus
1115 422 1244 503 reliquis

73 501 224 582 opitulati
240 503 356 582 alioqui
376 517 485 579 essent,
503 518 586 566 metu
602 506 767 565 calumniae
786 507 986 586 quiescerent,
1006 530 1094 587 quam
1113 522 1253 569 consen-'

72 588 205 646 taneum
224 601 288 647 erat
306 601 477 668 exspectare
495 589 564 649 illos
584 591 615 648 in
633 610 665 650 se
682 592 917 651 redundaturam
935 614 990 673 per
1001 594 1032 653 id
1046 606 1243 653 'senatuscon-

73 671 210 744 sultum,
222 671 254 745 ‚si
272 672 346 752 quid
365 669 546 733 Charidemo
564 674 741 735 accidisset?
765 688 860 754 utque
879 676 940 748 illi,
959 677 1011 754 qui
1028 678 1082 737 uni
1101 679 1243 738 duntaxat
1291 716 1295 721 ·

72 755 247 837 imperium
263 759 381 816 tradere
400 758 556 832 studebat,
582 759 634 836 qui
652 759 754 818 omnia
769 760 876 819 vestris
899 759 1068 821 rationibus
1095 762 1243 823 contraria

72 839 272 914 moliebatur,
289 854 404 905 mutam
421 843 572 902 licentiam
591 845 696 903 darent
712 843 837 924 impune
854 834 885 904 el
901 864 1006 904 secure
1024 845 1075 904 illa
1091 846 1242 906 faciendi?

72 926 186 1005 Neque
202 945 281 985 vero·
292 924 364 986 hinc
381 927 486 989 solum.
499 940 634 1002 constat,
651 941 778 1008 propter
795 929 884 1000 haee,
904 949 980 1008 quae
999 929 1085 1002 dico,
1103 944 1247 991 senatus:

74 1009 250 1089 copsultum
268 1010 350 1070 istud
369 1030 433 1071 esse
451 1013 579 1073 sactum:
604 1012 658 1072 sed
677 1033 713 1072 ex
731 1013 797 1093 ipso
823 1013 1087 1073 senatusconsulto
1107 1016 1239 1095 amplum

73 1095 229 1174 quoddam
245 1096 457 1155 testimonium
474 1097 616 1177 suppetit.
651 1092 728 1156 Cum
747 1097 827 1156 enim
845 1097 1013 1179 scripserit,
1031 1098 1058 1157 si
1075 1096 1141 1178 quis
1160 1095 1239 1158 Cha-

71 1179 226 1239 ridemum
242 1180 406 1254 occiderit,
423 1180 657 1265 necladiecerit,
686 1181 831 1261 quidnam
848 1195 1005 1264 agentem:
1030 1194 1133 1242 utrum
1153 1183 1239 1243 vobis
1277 1202 1280 1207 ·

71 1262 172 1335 utiba,
188 1285 227 1323 an
245 1277 360 1338 contra,
379 1265 544 1340 subiunxit,
561 1264 662 1326 statim
680 1286 696 1324 e
712 1265 1001 1326 ditione'sociorum
1018 1267 1154 1346 possein
1171 1267 1238 1328 vin-

72 1347 145 1411 cula
161 1346 390 1433 abripirNeque
408 1370 481 1410 vero
500 1350 645 1421 hostium,
661 1362 838 1410 nostrorum
849 1356 947 1431 aeque
961 1364 1052 1431 atque
1070 1342 1161 1425 illius,
1179 1374 1240 1413 un«
1256 1410 1261 1421 ,
1278 1410 1281 1415 .

70 1452 166 1510 quam
175 1430 256 1499 ullus
270 1434 309 1492 ad
324 1447 445 1494 nostros
459 1434 561 1493 veniet
572 1433 683 1506 socios,
694 1433 758 1493 sive
771 1436 918 1496 occiderit
929 1436 992 1496 sive
1007 1458 1070 1496 non
1085 1436 1236 1496 occiderit
1261 1451 1314 1505 39:

68 1515 145 1575 Non
157 1515 251 1598 igitur
262 1516 295 1576 in
306 1517 409 1579 hostes
422 1539 486 1578 eam
498 1539 626 1598 poenam
640 1518 806 1579 constituit
823 1519 866 1580 At
876 1531 1051 1581 nostrorum
1063 1521 1237 1596 amicorum,

66 1598 156 1661 illius
168 1599 209 1683 (si
219 1601 293 1680 quid
303 1603 488 1683 reipublicae
499 1616 620 1664 nostrae
630 1594 835 1683 perniciosum
848 1604 1022 1689 conaretur)
1035 1606 1238 1679 inimicorum,

67 1683 201 1759 horum,
217 1684 360 1765 inquam,
377 1688 488 1768 aliquis
505 1689 801 1749 senatusconsultum
819 1690 901 1750 istud
918 1690 1119 1769 pertimescet,
1139 1703 1169 1750 et
1187 1712 1235 1751 ca-

67 1768 168 1844 vebit,
183 1790 223 1831 ue
240 1785 354 1833 vestras
372 1773 545 1835 inimicitias
563 1774 716 1854 suscipere
733 1787 866 1857 cogatur.
884 1774 939 1834 Est
955 1787 1056 1835 autem
1074 1773 1123 1834 hic
1139 1773 1235 1837 Athe—

6 1932 10 1937 ·
68 1855 219 1931 nodosus,
235 1855 354 1931 Simon,
371 1859 494 1932 Bianor,
511 1859 654 1919 Thraciae
671 1880 770 1941 reges,
789 1872 820 1933 et
837 1859 1012 1939 quicunque
1029 1859 1105 1918 alius
1124 1859 1162 1918 de
1179 1878 1234 1920 vo-

69 1938 120 2000 bis
140 1938 217 2000 bene
242 1942 381 2011 merendi
407 1943 560 2003 studiosus
578 1943 664 2003 illum
689 1943 776 2003 vobis
802 1945 925 2003 adversa
950 1943 1127 2002 molientem
1151 1964 1234 2003 com-

66 2022 246 2104 pescuisset
290 2027 410 2104 Quibus
429 2027 522 2108 igitur
541 2028 578 2086 de
595 2027 692 2087 causis
715 2028 917 2108 perscriptum
933 2027 974 2085 sit
986 2027 1233 2088 senatusconsul-

68 2120 148 2182 tum,
164 2121 200 2168 ut
213 2108 246 2167 id
261 2111 407 2190 apopulo
427 2111 674 2190 comprobaretur
691 2112 830 2191 decepto,
848 2124 879 2170 et
891 2108 1076 2197 quapropter
1087 2131 1145 2170 nos
1163 2132 1233 2171 cau-

67 2214 134 2253 sam
150 2191 229 2253 hanc
247 2194 468 2275 susceperimus
485 2196 523 2255 ad
542 2207 665 2254 conatus
683 2195 807 2255 illorum
824 2193 1043 2275 prohibendos,
1061 2193 1134 2254 haec
1152 2206 1233 2268 sunt,

66 2275 285 2337 Athenienses.
302 2278 445 2358 Aequum
462 2287 563 2338 autem
580 2280 708 2338 fortasse
727 2286 782 2352 est,¹
799 2299 848 2336 me
866 2274 1037 2357 pollicitum
1054 2278 1111 2338 tria
1123 2284 1254 2339 *osten--

66 2383 184 2436 surum,
194 2385 302 2436 unum,
311 2363 607 2424 senatusconsultum
617 2363 675 2421 hoc
684 2376 787 2422 eontra
796 2362 879 2443 leges
889 2382 955 2422 esse
963 2361 1085 2435 factum,
1095 2362 1247 2436 alterum,-

66 2446 182 2507 id³nou
200 2467 267 2507 esse
287 2469 303 2507 e
320 2445 491 2528 republica,
509 2447 824 2528 tertium-indignum
843 2467 912 2506 eum
931 2467 1007 2521 esse,
1025 2446 1074 2507 cui
1092 2465 1137 2519 ea,
1154 2466 1232 2526 qnae
1307 2512 1310 2519 ,

5 2532 9 2541 ’
65 2531 236 2610 perscripta
256 2545 345 2605 sunt,
370 2530 558 2604 tribuantur,
585 2531 693 2589 horum
713 2531 849 2590 omnium
876 2530 1034 2610 optionem
1057 2531 1127 2596 dare
1145 2528 1251 2613 vobis·

67 2612 236 2688 audituris,
252 2616 336 2696 ,quid
360 2615 474 2695 primo,
499 2615 572 2695 quid
597 2616 748 2689 secundo,
772 2628 826 2674 aut
850 2626 1006 2694 postremo
1033 2614 1102 2674 loco
1128 2614 1232 2675 audire

66 2700 263 2781 praeoptetis.
304 2700 437 2759 Proinde
462 2700 562 2758 videte
589 2697 730 2776 quidnam
755 2698 873 2770 velitis,
895 2711 931 2757 ut
947 2699 979 2759 id
996 2696 1127 2778 primum
1143 2696 1231 2758 vobis

68 2784 174 2843 dicam.
190 2785 239 2843 Ile
257 2783 376 2844 violatis
393 2783 511 2864 legibus
530 2781 620 2842 vultis
637 2781 790 2861 primum?
807 2783 875 2840 Hoc
892 2781 987 2863 igitur
1004 2782 1145 2841 dicemus.
1164 2781 1229 2843 Oro

63 2880 170 2928 autem
185 2880 217 2929 et
234 2869 357 2947 postulo
374 2866 489 2927 avobis
505 2888 549 2938 ea,
568 2887 644 2945 quae
662 2865 711 2948 (ut
724 2864 799 2924 mihi
816 2862 999 2947 persuadeo)
1017 2886 1111 2944 aequa
1130 2864 1228 2941 onmi-

63 2972 108 3011 no
124 2963 206 3011 sunt
224 2950 322 3011 Nemo
339 2965 483 3028 vestrum,
500 2950 715 3023 Athenienses,
733 2961 892 3031 propterea
912 2950 996 3029 quod
1015 2944 1228 3008 Charidemum

63 3034 189 3133 ignorat
204 3028 237 3094 et
249 3036 286 3095 de
303 3035 458 3115 republica
476 3033 554 3094 bene
568 3032 709 3093 meritum
725 3046 823 3114 putat,
842 3035 969 3112 quadarn
987 3033 1079 3093 animi
1095 3032 1227 3114 pertina-

64 3140 113 3179 cra
129 3118 273 3180 inductus
291 3133 411 3180 nostros
427 3115 466 3179 de
479 3118 597 3200 legibus
615 3138 771 3178 sermones
788 3117 992 3197 iniquioribus
1009 3116 1132 3177 auribus
1150 3116 1246 3176 acci--

64 3203 146 3283 piat,
162 3224 264 3283 neque
282 3217 407 3284 propter
424 3202 456 3262 id
473 3202 521 3262 vel
539 3223 571 3261 se
590 3201 688 3281 ipsum
707 3201 882 3277 defraudet,
909 3225 970 3282 quo
987 3203 1087 3262 minus
1104 3222 1161 3282 pro
1179 3201 1228 3261 iu-

63 3286 230 3347 risiurandi
246 3289 395 3371 religione
421 3286 600 3347 sententiam
619 3285 712 3360 lerat,
735 3285 783 3347 vel
801 3308 849 3346 me
867 3286 1011 3368 impediat
1027 3286 1060 3347 iu
1077 3285 1113 3346 iis
1133 3284 1247 3366 expli.»
1308 3333 1313 3339 .

64 3371 187 3446 caudis,
206 3394 283 3453 quae
302 3394 356 3433 vos
375 3373 503 3432 edocere
522 3370 655 3431 decrevi:
682 3372 736 3430 sed
753 3371 794 3430 ita
811 3371 977 3443 auscultet,
994 3384 1030 3431 ut
1046 3370 1229 3441 consideret,

65 3476 155 3534 quam
172 3478 269 3537 aequa
287 3456 391 3516 dicam.
432 3456 479 3515 Ac
496 3454 550 3515 uhi
567 3454 669 3536 legum
694 3455 880 3528 meminero,
905 3455 1015 3515 omissa
1031 3453 1229 3535 cogitatione,

62 3553 190 3619 propter
214 3554 374 3619 quemaut
391 3541 524 3620 qualem
539 3538 835 3601 senatusconsultum
853 3538 892 3599 sit
907 3537 1037 3612 lactum,
1062 3538 1093 3597 id
1117 3537 1228 3609 solum,

61 3642 164 3702 neque
181 3625 265 3685 aliud
284 3625 455 3705 quicquam,
475 3624 664 3703 consideret,
684 3637 828 3685 contrane
846 3646 884 3684 an
902 3624 1068 3684 secundum
1086 3622 1168 3704 leges
1186 3621 1244 3682 sit·

60 3706 196 3769 sactum?
242 3706 319 3769 Cum
337 3731 409 3769 vero
427 3730 475 3771 res
502 3709 539 3769 ab
559 3729 596 3768 eo
614 3721 712 3790 gestas
738 3729 897 3770 excussero
916 3721 1007 3787 atque
1019 3725 1226 3777 ¹recensuero,

60 3812 124 3869 quo
143 3805 234 3872 pacto
253 3794 318 3854 sitis
336 3793 373 3854 ab
393 3814 429 3853 eo
449 3792 582 3873 decepti:
607 3793 735 3874 cogitet,
754 3805 856 3853 utrum
873 3814 921 3852 res
940 3793 1047 3864 saetas,
1065 3813 1103 3850 an
1122 3811 1224 3871 emen7
1242 3838 1255 3865 ,
1303 3827 1305 3832 ,

59 3875 131 3936 titas
151 3876 266 3937 dicam·
275 3878 335 3937 Ubi
354 3898 446 3957 porro
465 3876 675 3956 disquisivero,
692 3888 796 3947 utrum
814 3875 998 3956 erepublica
1018 3875 1067 3949 sit,
1078 3874 1133 3947 ‚vel
1150 3894 1223 3933 con·
1308 3916 1311 3921 -

49 3972 107 4033 -tra
125 3960 362 4041 rempublicam,
380 3962 453 4023 haec
472 3962 650 4019 decernere:
676 3960 794 4020 omissis
811 3962 936 4022 caeteris
955 3959 1113 4031 omnibus,
1129 3957 1242 4029 ratio⁸¹

59 4064 116 4103 nes
125 4045 174 4103 ··de
193 4045 241 4107 his
260 4046 361 4121 allatas
380 4044 536 4126 inspiciat,
559 4057 661 4105 utrum
679 4043 747 4103 illae
765 4059 850 4107 reete
865 4066 929 4105 sese
948 4043 1104 4115 babeant,
1118 4064 1156 4100 an
1173 4062 1222 4105 se-

60 4128 142 4201 eus?¹
181 4129 259 4193 Nam
275 4130 303 4191 si
320 4152 369 4189 me
398 4130 443 4189 his
461 4127 580 4189 animis'
592 4127 737 4201 audietis,
761 4143 826 4189 tum
842 4130 902 4210 ipsi
920 4126 1049 4207 optime,
1074 4147 1151 4207 quae
1169 4128 1222 4187 de-

59 4225 163 4287 ceant,¹
178 4213 368 4295 intelligetis,
387 4213 514 4295 singulis
529 4212 655 4272 seorsim
671 4212 880 4291 consideratis,
898 4225 928 4271 et
939 4231 1003 4271 non
1017 4211 1223 4281 simulomnia

60 4296 226 4377 confertim
244 4298 423 4384 obtueutes:
446 4311 511 4358 tum
530 4292 608 4381 ego,
623 4319 701 4377 quae
719 4297 808 4371 volo,
833 4295 977 4379 facillime·
988 4308 1097 4379 potero
1114 4295 1241 4381 dicere„¹¹
