2722 4754
23 79 30 107 ²
115 79 266 230 senff
390 119 769 217 jnuirosrnunls-
808 121 1025 201 ιιιιιιίιο·

117 271 171 341 cur
188 279 264 339 mibi
281 279 357 360 nihil
375 241 521 353 reddere,
546 299 647 361 noque
665 279 755 364 aequi
765 279 935 380 quicquum
948 284 1118 360 praestare
1122 246 1215 350 velit,
1234 276 1281 341 bis

116 387 199 428 ιιιιιιι·
217 359 365 446 intendite
383 363 535 438 animos,
530 365 676 438 ludices,
703 385 741 423 ne
760 385 813 424 vos
832 365 932 424 statim
957 364 1133 445 decipiant
1133 374 1284 439 oratores,
1336 426 1359 441 ,α

26 523 28 528 ,
66 458 70 466 “
117 472 194 530 quos
212 450 269 508 rste
288 460 392 507 contra
409 468 457 506 me
482 447 712 508 subornavitl
701 442 873 527 “tunquam
881 470 953 509 sane
978 449 1035 508 iste
1054 446 1141 507 srbr
1131 468 1164 504 ιιι
1183 445 1284 505 verbis

44 538 49 543 '
89 541 253 634 constat,
280 533 333 591 sed
352 553 488 613 semper,
513 532 690 613 quicquid
681 555 713 620 ιιι
737 539 871 593 mentem
895 519 1051 633 inciderit,
1076 530 1167 598 dicit:
1191 541 1302 628 atque]

117 617 227 700 passim
246 639 348 678 causas
366 617 525 701 absurdas,
549 617 653 676 nescio
672 615 761 717 quas,
789 631 819 678 ct
836 615 1028 701 suspiciones
1043 638 1077 676 ac
1096 613 1285 714 criminatio-

68 730 71 737 ⁴
118 721 173 763 nes
198 702 285 761 falsas
310 714 415 762 contra
440 723 488 762 mc
514 701 770 786 comminiscitur,
796 702 875 762 etin
893 714 957 762 tota
981 722 1014 761 re
1033 698 1163 760 homo
1153 697 1286 758 iniurius
1346 774 1348 781 γ

120 799 173 847 est
190 774 319 846 Plurimi
335 787 417 846 enim
435 787 607 871 audierunt,
627 807 694 863 cum
710 809 742 846 se
757 786 839 846 illam
856 787 894 847 ab
912 786 1037 845 homine
1054 782 1217 867 pecuniam
1238 803 1288 845 ac·
1341 794 1343 799 '

119 870 234 953 cepisse
253 885 384 954 negaret
420 872 513 946 Quod
532 894 599 931 cum
615 858 801 949 revincitur,
827 871 886 946 ait,
904 893 937 931 se
955 893 971 930 a
989 891 1046 930 suo
1063 889 1152 930 servo
1172 865 1301 926 habere

119 956 309 1056 pecuniam,
317 977 417 1036 neque
434 955 511 1014 mibi
529 957 577 1016 vel
602 956 639 1015 de
658 954 724 1028 illa,
750 955 798 1034 vel
818 956 855 1016 de
879 955 993 1016 relictis
1011 976 1027 1014 a
1047 947 1176 1013 Conone
1194 947 1312 1034 bonis

29 1094 34 1098 .
121 1041 282 1133 quicquam
300 1039 448 1121 impertiri
465 1040 550 1100 velle.
586 1030 619 1099 Si
638 1039 709 1131 quis
723 1027 838 1100 autem.
843 1062 911 1119 eum
929 1036 1137 1112 familiarium,
1164 1049 1196 1096 et
1214 1016 1289 1095 siro-

77 1140 81 1149 '
119 1147 187 1186 rum
207 1138 238 1184 et
255 1145 410 1207 ιιιεοιιιιιι,
428 1137 531 1206 rogat,
550 1118 746 1205 quamobrem
763 1111 936 1186 redditurus
955 1145 1019 1184 non
1037 1123 1092 1197 sit,
1118 1135 1186 1182 curn
1206 1120 1288 1177 iura·
1350 1156 1353 1161 ·

49 1257 52 1269 .
89 1209 177 1293 rit,
204 1231 236 1269 se
255 1229 405 1288 exaequo
423 1230 542 1269 mecum
566 1209 749 1284 divisurum,
775 1221 805 1268 et
822 1223 906 1290 pacta
925 1208 1014 1269 etiam
1032 1206 1164 1266 nuncin
1183 1204 1288 1265 medio

122 1295 199 1354 sint.
217 1306 301 1375 pacta
321 1314 385 1355 esse
404 1293 514 1354 violata
532 1295 573 1354 ait
590 1298 606 1354 l
625 1314 689 1353 me:
708 1313 740 1352 se
758 1295 874 1377 magnis
893 1316 909 1353 a
927 1313 975 1366 me
993 1288 1112 1352 iniuriis
1131 1289 1288 1362 affectum,

38 1388 100 1448 246
122 1399 239 1480 neque
237 1399 289 1438 me
307 1400 441 1458 unquam
460 1379 609 1439 adversari
628 1377 701 1450 sibi,
719 1391 784 1437 tum
803 1343 933 1442 dicendo
951 1391 1016 1438 tum
1034 1375 1174 1473 agendo,
1193 1372 1289 1436 desti

11 1509 44 1548 Ι.
122 1463 203 1524 tisse.
228 1464 273 1523 Ac
291 1462 462 1544 praetextus
482 1463 605 1563 quidem
623 1462 704 1522 illius
723 1462 850 1522 bisunt
875 1458 969 1537 Quae
981 1473 1082 1521 autem
1100 1458 1185 1558 dicqt,
1205 1457 1290 1516 ludi-

123 1568 189 1622 ces,
207 1547 332 1606 nibil
302 1548 360 1607 nrsi
379 1548 603 1607 commentitiae
622 1558 693 1636 sunt
710 1548 898 1628 suspiciones
918 1560 948 1607 et
965 1550 1088 1617 causae,
1108 1557 1139 1604 et
1156 1541 1288 1623 iniustae

96 1697 105 1700 ,
123 1631 343 1730 improbitates,
361 1632 399 1689 ad
417 1632 580 1690 fraudanda
600 1653 649 1703 ea,
667 1628 743 1710 quae
761 1631 835 1690 mihi
852 1630 1006 1709 reeblenda
1024 1641 1111 1702 sunt,
1130 1614 1288 1726 compara-

94 1761 100 1771 .
122 1718 186 1776 tae':
210 1714 242 1774 in
260 1715 296 1774 iis
300 1720 406 1814 uero,
430 1736 506 1795 quae
526 1737 583 1798 ego
602 1715 770 1776 adversus
761 1716 848 1776 rstius
871 1716 1026 1775 mendacia
1045 1713 1160 1785 dicam,
1186 1710 1288 1771 omni-

48 1828 71 1862 ⁴.
122 1800 179 1860 bus
196 1793 329 1880 suspicio
350 1800 432 1859 nulla
451 1800 515 1859 erit.
549 1801 623 1861 Eius
643 1799 723 1858 enim
719 1800 958 1901 impudentiam
975 1810 1079 1882 aperto
1098 1798 1288 1857 demonstra-

55 1925 59 1931 »
121 1884 163 1945 bo
181 1884 413 1965 proferendis
388 1885 483 1967 signis
501 1884 578 1944 veris
599 1900 629 1946 et
646 1884 762 1945 nemini
779 1886 909 1968 ignotis,
936 1897 967 1944 et
983 1883 1111 1945 testibus
1131 1883 1169 1941 dc
1189 1880 1288 1940 omni-

123 1969 179 2031 bus
196 1969 288 2030 rebus
306 1970 517 2049 producendis.
551 1968 713 2050 Ριίιιιιιιιι
704 1969 812 2062 rgitur,
832 1971 1009 2070 ludices,
983 1989 1041 2042 aro,
1060 1987 1132 2027 eum
1151 1966 1288 2049 cognatis

67 2103 72 2129 -.
96 2124 98 2129 ¹
123 2065 155 2115 et
171 2044 367 2136 familiaribus
386 2055 448 2114 suis
468 2065 499 2114 et
524 2055 616 2155 meis,
642 2075 744 2115 rerum
770 2055 923 2136 omnium,
948 2067 984 2113 ut
1001 2074 1035 2113 ea
1053 2066 1121 2112 sese
1146 2051 1288 2122 habeant,

51 2183 54 2186 ⁴
102 2139 219 2221 probe
237 2138 356 2220 gnaris,
374 2139 488 2219 quique
506 2139 571 2199 ab
561 2140 651 2200 mitio
670 2148 790 2221 semper
806 2132 1020 2212 interfuerunt,
1039 2136 1197 2197 'arbitrium
1202 2156 1290 2237 ‘pro-
1347 2165 1355 2175 ·

38 2220 58 2305 Ἰ
123 2233 228 2304 pterea
246 2222 364 2282 deferre
382 2223 534 2294 noluisse,
560 2225 642 2305 quod
663 2235 746 2283 certo
757 2223 871 2323 sciret,
897 2245 929 2284 sc
947 2224 1048 2285 statim
1067 2221 1232 2303 evestigio
1250 2219 1289 2278 ab

33 2318 35 2325 '
73 2306 166 2387 feis
184 2307 251 2366 fore
269 2307 511 2388 coarguendum,
533 2330 559 2367 ει
550 2307 665 2388 ‘'quid
670 2308 864 2369 mentiretur.
892 2330 974 2369 nunc
990 2308 1117 2367 fortasse
1135 2316 1235 2387 putat,
1253 2324 1289 2364 se

121 2391 202 2472 apud
219 2411 272 2451 vos
291 2391 488 2452 mentientem
506 2412 569 2452 non
588 2390 864 2476 deprehensum'
827 2416 872 2453 ιιι.
904 2396 1025 2454 Rursus
1040 2391 1120 2464 di'co,
1137 2411 1198 2450 non
1217 2409 1286 2448 esse

71 2499 76 2506 ·
123 2469 370 2559 consentaneum,
388 2495 436 2556 me
451 2477 526 2564 tibi,
545 2473 782 2561 Olympiodore,
800 2479 987 2539 adversatum
1007 2493 1099 2551 esse,
1101 2487 1133 2536 et
1150 2488 1290 2535 commu-

123 2560 205 2621 niter
221 2582 281 2619 una
298 2573 399 2620 tecum
425 2560 541 2621 sumtus
539 2562 684 2662 fecisse,
710 2562 830 2641 quoties
857 2578 979 2623 neccsse
997 2555 1070 2635 fuit,
1096 2573 1188 2640 atque
1205 2559 1291 2618 ultro

104 2645 169 2727 *ab
178 2644 297 2713 actione
317 2644 478 2719 destitisse,
495 2660 527 2708 te
539 2632 680 2722 'absente
698 2660 770 2709 cum
781 2659 812 2706 et
823 2660 875 2707 tua
888 2648 1005 2708 sublata
1019 2656 1108 2718 esset,
1125 2656 1291 2725 propterea

51 2734 59 2762 ³
100 2732 111 2788 .'
124 2729 229 2811 quod
227 2733 291 2791 eius
295 2724 413 2790 abesse
430 2730 537 2793 rudrcil
553 2754 650 2806 causa,
674 2752 736 2796 non
744 2728 877 2815 publico
896 2733 1029 2817 nornine,
1047 2729 1203 2793 videreris
1238 2727 1291 2786 Li-
1330 2732 1343 2744 “

66 2830 100 2889 ’ᾗ
125 2814 212 2879 cebat
230 2814 311 2879 enirn
329 2814 454 2875 mihim
479 2816 634 2876 semissem
661 2816 836 2876 hereditatis
855 2837 961 2899 agere.
987 2820 1087 2896 neque
1114 2808 1293 2873 mortalium

17 2958 22 2962 ,
100 2899 283 2979 'quisquam
301 2899 528 2974 adversabatur,
547 2913 578 2960 et
595 2920 653 2979 tpsr
670 2902 701 2961 1d
719 2902 881 2969 adversarii
906 2900 1122 2972 concedebant
1158 2899 1239 2958 Sed·
1253 2917 1292 2956 eo

39 3056 41 3060 .
67 2987 75 2994 ”
123 2983 203 3045 facto
230 2984 330 3053 statim
355 2984 551 3064 peierassem·
577 2985 713 3044 iuratam
732 2985 863 3045 enimet
886 2987 1058 3068 pepigeram
1087 2997 1208 3057 tecum,
1233 3003 1291 3040 nos

63 3099 74 3131 ,·
124 3067 226 3127 omnia
244 3069 398 3133 communi
424 3068 552 3141 consilio
571 3081 713 3142 acturos,
732 3091 929 3150 quaecunque
948 3071 1023 3129 mihi
1043 3083 1073 3129 et
1091 3069 1148 3128 tibi
1167 3067 1292 3133 consul-

58 3210 64 3222 ,
125 3145 257 3211 tantibus
277 3151 390 3232 optima
403 3151 479 3213 facta
492 3152 631 3231 viderent
618 3156 675 3214 t.ur
692 3154 826 3214 Proinde
840 3155 907 3235 plus
922 3177 1012 3256 quam
1026 3152 1206 3236 nugatoriae
1220 3163 1295 3211 sunt

95 3294 97 3298 .
125 3235 330 3295 cavillationes
349 3249 380 3296 et
399 3239 537 3309 causae,
547 3251 673 3337 propter
690 3261 762 3338 quas
781 3251 814 3298 te'
831 3238 906 3323 nihil
925 3240 1013 3319 aequi
1016 3238 1109 3297 nihi
1127 3236 1294 3319 praestitu-
1314 3231 1319 3242 ¹

126 3329 192 3379 rum
197 3321 371 3400 profiteris.
387 3320 543 3420 Numquid
563 3322 651 3381 etiam
671 3323 831 3395 existimas,
848 3343 896 3383 me
910 3325 1129 3404 permissurum
1145 3321 1203 3380 tibi
1215 3320 1294 3380 fuis-

104 3411 107 3419 '
125 3424 168 3478 se,
187 3403 443 3494 Olympiodore,‘'
434 3428 465 3464 ιιι
484 3419 638 3486 postremo
655 3409 699 3467 de
707 3407 873 3466 hereditate
892 3408 1017 3481 iudicio,
1035 3421 1070 3467 ut
1085 3419 1138 3466 aut
1151 3429 1195 3479 ea,
1214 3425 1294 3504 quae

124 3488 204 3570 apud
223 3485 338 3550 iudices
358 3489 529 3563 dicebas,
520 3503 565 3550 tta
578 3504 692 3551 temere
712 3492 843 3551 diceres.
869 3505 921 3551 aut
922 3514 1066 3592 quarum
1084 3505 1187 3551 rerem
1205 3490 1296 3551 testi-

126 3573 228 3633 monia
247 3574 439 3654 proferebas,
463 3588 498 3634 ut
515 3573 556 3634 ita
573 3589 688 3635 temere
706 3576 874 3656 proferres,
899 3576 958 3635 nisi
982 3576 1171 3636 collusissent
1190 3589 1296 3635 tecum
1327 3620 1331 3627 .

53 3679 57 3687 “
113 3666 160 3718 ‘et
176 3681 191 3720 a
209 3670 240 3717 te
258 3658 430 3719 stetissem?
464 3659 567 3718 Nam
557 3672 625 3733 rste,
643 3660 769 3733 ludices,
793 3683 860 3720 cum
880 3661 946 3733 alia,
965 3682 1041 3740 quae
1060 3661 1188 3720 bona
1160 3681 1189 3719 er
1209 3671 1298 3720 erant

127 3741 219 3823 atque
236 3744 411 3817 commoda,
436 3743 572 3816 dicebat,
598 3758 673 3804 tum
682 3743 734 3803 illo
755 3745 844 3804 etiam
862 3745 972 3804 abusus
992 3758 1054 3818 est,
1079 3766 1127 3804 me
1157 3747 1297 3817 domum,
1346 3743 1351 3752 ’

127 3848 217 3906 quam
234 3848 290 3908 pro
309 3848 375 3886 mea
392 3828 535 3908 portione
553 3849 744 3908 acceperam,
771 3850 838 3888 ase
856 3829 1053 3901 conduxrsse
1072 3843 1105 3889 et
1121 3830 1206 3889 mrlle
1226 3831 1297 3889 dra-

111 3910 280 3971 chmarum
297 3911 452 3972 semissem
473 3913 511 3971 de
538 3912 639 3971 servili
663 3913 800 3993 pecunia
821 3936 887 3973 ase
906 3914 999 3992 luisse
1022 3927 1213 3974 mutuatum:
1240 3935 1297 3973 ne-

75 4008 77 4013 ·
126 4016 185 4074 que
200 3996 260 4056 hoc
274 3996 373 4056 solum
392 3996 521 4069 dicebat,
539 3997 626 4057 sed'
606 4020 642 4056 us
657 3998 798 4058 derebus
816 3998 989 4058 testimonia
1002 3998 1200 4079 proferebat.
1206 3999 1298 4074 Quo-

63 4153 65 4157 ·
124 4092 192 4138 rum
211 4100 267 4164 ego
286 4080 362 4155 nihil
376 4080 489 4153 refelli,
508 4088 608 4162 n'equc
628 4102 663 4141 ex
678 4104 725 4143 mc
744 4083 903 4163 quisquam
922 4084 1095 4143 mortalium
1113 4103 1224 4144 vocem
1241 4107 1296 4144 au-

73 4234 82 4247 .
126 4162 252 4263 ἀίιῑι,
242 4178 300 4225 rsto
320 4177 438 4225 causam
451 4172 547 4268 agent
549 4189 584 4240 e,
534 4167 655 4228 ivel
673 4190 794 4248 parvam
810 4168 858 4227 vel
877 4172 1029 4251 ungriam:
1064 4170 1118 4228 sed
1138 4191 1210 4230 vera
1230 4188 1296 4230 esse

125 4246 238 4324 omnia,
262 4270 469 4371 quaecunque
467 4250 528 4357 isti
547 4252 647 4365 dicere
666 4252 785 4367 libitum
803 4253 910 4330 fuerat,
928 4276 995 4314 sum
1011 4255 1119 4316 fassus.
1155 4253 1295 4316 Coniun-
