2722 4754
58 168 96 195 '‘
168 215 229 297 seo
308 287 310 290 Ι
396 171 400 190 '
518 160 895 298 oeuosruenis

83 384 88 390 ’
168 371 356 421 caeterorum
373 357 625 437 propinquorum
633 357 777 430 felicitas,
790 359 871 461 quod
890 358 1027 438 aequales
1045 370 1118 419 tuos
1136 369 1255 417 tantum
1273 357 1324 418 vir

138 456 236 530 tute
250 442 366 507 vincas·
392 443 445 502 sed
469 442 579 502 horum
597 444 715 502 multo
712 442 833 530 magis,
859 463 935 523 quos
953 456 1004 515 tu,
1028 455 1088 502 tam
1108 432 1323 522 praestantibus

138 503 304 598 dotibus·
301 540 463 601 ornatus,
472 526 593 587 delectu
612 527 716 617 habito
736 548 772 586 ex
791 527 963 601 omnibus,
973 527 1103 587 amicitia
1123 540 1176 587 tua
1195 525 1324 607 dignaris.

71 609 73 614 ’
141 616 243 685 Nam
261 613 338 673 illos
346 611 470 676 fortuna
487 625 588 674 tecum
606 603 779 686 eoniunrit,
804 610 864 671 hos
879 633 932 672 sua
950 611 1045 672 virtus
1061 611 1121 672 tibi
1140 613 1323 672 commenda-

108 719 122 729 ·‘
165 699 223 759 vit:
248 721 301 777 qur
292 696 399 757 haud
417 697 480 756 ιιίο
498 709 705 769 amatoresne,
724 719 761 756 an
780 696 838 756 soli
855 717 918 756 verr
909 696 1049 765 iudices
1067 697 1131 756 sint
1148 695 1323 763 nominandi

164 783 246 843 Nam⁴
260 781 338 841 mihix
354 781 476 860 quidem
494 780 618 842 videtur
630 779 719 860 initiq
742 781 881 855 fortuna,
907 781 1065 841 contemtis
1084 778 1251 860 improbis,
1276 780 1322 840 ho-

164 881 322 929 nostorum
337 867 469 925 virerum
488 878 604 925 mentes
622 861 739 925 irrita-re
757 865 874 937 voleus,
892 879 1028 927 naturam
1045 879 1128 926 tuam
1145 863 1253 924 secisse
1268 864 1320 924 for-

70 965 73 975 '
152 959 297 1013 mosam:
317 972 380 1011 non
396 949 565 1030 quodacile
584 951 621 1010 ad
640 950 824 1030 voluptatem
844 943 969 1032 decepta
986 950 1210 1031 prolaberetur,
1227 949 1278 1008 sed
1293 963 1322 1012 ιι

165 1038 300 1118 amplexa
317 1038 459 1096 virtutem
477 1035 605 1118 gloriam
625 1046 870 1114 consequeretur
906 1036 1096 1115 Quamquam
1115 1047 1219 1110 autem
1235 1034 1319 1094 multo

164 1124 251 1204 plura
275 1122 312 1181 de
326 1134 373 1181 ιι-
386 1140 625 1199 commemorare
648 1140 784 1200 possem:
799 1119 862 1179 hic
880 1119 955 1180 mihi
981 1119 1147 1180 finiendam
1173 1128 1317 1197 esseputo

81 1204 143 1262 403
162 1206 382 1278 laudationem,
405 1205 533 1278 veritus,
558 1226 597 1264 ne
616 1204 746 1264 meatui
769 1205 953 1283 praedicatio
976 1218 1101 1264 naturae
1126 1203 1273 1263 humanae
1289 1204 1317 1263 li

132 1326 137 1345 1
162 1293 252 1353 mites
272 1292 425 1353 excedere
434 1290 590 1351 videatur·
614 1289 691 1348 Nam
708 1310 805 1368 usque
828 1291 904 1350 adeo
924 1288 1096 1349 dicendi
1067 1311 1116 1347 vis
1132 1287 1169 1347 ab
1188 1288 1316 1367 adspectu

161 1377 303 1457 vincitur,
320 1387 355 1436 ut
372 1375 430 1448 his,
449 1395 525 1454 quae
543 1374 600 1434 suh
619 1394 741 1434 sensum
758 1374 917 1463 oculorum
936 1376 1068 1474 cadupt,
1081 1374 1176 1433 fidem
1195 1391 1259 1432 esse
1274 1372 1315 1432 ab·

83 1499 102 1518 ,ι
162 1448 328 1544 rogandam
345 1479 435 1520 nemo
450 1472 556 1539 putet.
566 1460 742 1522 eorundem
760 1480 833 1519 vero
851 1459 966 1533 laudes,
983 1460 1075 1519 etiam
1088 1459 1173 1517 iusto
1188 1476 1316 1530 minores,

106 1554 111 1558 “
161 1567 225 1606 non
243 1565 310 1604 esse
326 1565 410 1604 veras
430 1544 608 1642 opinentur.
635 1543 719 1602 Ηίι
709 1543 804 1624 igitur
821 1565 902 1604 nunc
920 1545 1057 1618 omissis,
1086 1565 1122 1603 ea
1139 1541 1198 1602 tibi
1215 1543 1314 1622 praeei-

105 1703 107 1706 ι
160 1651 233 1712 pere
252 1629 395 1719 conabor,
412 1648 467 1709 per
485 1647 561 1708 quae
579 1627 670 1687 vitam
688 1633 770 1687 tuam
789 1627 1016 1696 honoratiorem
1035 1628 1160 1688 efficias
1194 1627 1238 1686 Te
1253 1647 1312 1687 vero

159 1717 250 1795 velim
269 1736 320 1787 ea,
344 1734 421 1794 quae
440 1712 602 1785 dicentur,
620 1732 683 1771 non
702 1712 804 1772 obiter
825 1714 1080 1787 animadvertere,
1104 1711 1344 1791 nequeenim..

159 1821 268 1873 mare,
284 1819 351 1861 me
359 1798 540 1858 ostentandi
557 1798 659 1878 potius
685 1797 818 1896 ipgenii,
846 1821 935 1880 quam
953 1801 998 1859 tui
1015 1797 1152 1860 iurandi
1159 1795 1259 1856 studio
1275 1796 1314 1856 his

158 1885 258 1975 verbis
277 1905 342 1946 esse
359 1904 466 1943 usum.
484 1895 518 1941 ut
536 1902 593 1941 nec
611 1903 627 1941 a
645 1883 778 1943 ιιιῐιιιι
788 1881 926 1959 aberres,
945 1905 1003 1945 ιιι
1019 1905 1076 1965 pro
1096 1881 1220 1963 optimis
1237 1881 1313 1942 obvia

159 1992 298 2050 quaeque
316 1969 468 2050 amplexus
487 1967 585 2049 peius
591 1967 649 2026 tibi
668 1967 814 2027 consulas.
849 1969 988 2030 Etenim
985 1991 1122 2049 qnorum
1150 1967 1272 2027 obscura
1288 1979 1314 2027 et

147 2055 279 2117 „humilis
299 2060 405 2115 natura
428 2059 489 2127 e'st,
515 2053 664 2124 bosnec,
686 2052 712 2111 si
730 2052 804 2133 quid
822 2073 885 2112 non
909 2066 993 2115 recte
1011 2054 1159 2127 fecerint,
1183 2032 1312 2134 obiurga-

94 2146 96 2153 ’
156 2163 238 2199 mus:
264 2153 294 2199 at
311 2161 441 2219 quorum
459 2139 542 2213 laus,
565 2137 607 2198 ita
624 2136 670 2197 uti
686 2149 763 2210 tua,
779 2137 812 2196 in
829 2138 939 2199 illustri
956 2139 1033 2201 loeo
1046 2140 1104 2199 sita
1122 2149 1184 2210 est,
1203 2135 1247 2196 his
1263 2137 1312 2196 ho-

82 2258 86 2264 ·
145 2224 398 2323 ¹nestissimarum
407 2244 509 2283 rerum
526 2223 574 2282 vel
587 2221 756 2304 neglexisse
768 2221 894 2302 aliquid,
907 2224 1021 2304 probro
1039 2224 1137 2284 datur.
1154 2222 1321 2291 Praeterea,

126 2336 128 2341 ·
155 2309 257 2387 quiin
276 2308 342 2368 aliis
360 2302 547 2382 orationibus
566 2308 734 2367 iudicandis
753 2306 1002 2408 hallucinantur,
1016 2331 1079 2370 una
1096 2313 1213 2368 tantum
1231 2307 1313 2366 dere

154 2413 217 2452 non
236 2393 350 2473 optime
374 2405 530 2455 statuunt:
551 2384 692 2472 quivero
717 2388 845 2478 consilia
864 2393 904 2452 de
918 2393 1011 2454 vitae
1021 2394 1130 2455 officiis
1153 2412 1216 2452 non
1232 2402 1311 2450 recte

154 2476 307 2576 accipiunt
323 2490 375 2536 aut
399 2491 617 2551 contemnunt,
642 2479 752 2538 erroris
769 2474 826 2538 sui
835 2497 891 2557 per
916 2499 1037 2540 omnem
1060 2499 1164 2540 seeum
1191 2487 1312 2535 aetatem

152 2562 339 2622 monimenta
357 2562 580 2637 circumferunt
613 2561 643 2621 A
662 2563 779 2642 quihus
792 2560 932 2637 omnihus
951 2575 981 2624 te
999 2563 1134 2625 alienum
1152 2574 1243 2640 atque
1259 2560 1311 2620 im·
1334 2580 1337 2593 ¹

152 2667 275 2716 munem
294 2666 358 2706 esse
384 2632 486 2718 decet,
512 2668 546 2706 ac
567 2647 763 2727 providere,
772 2661 802 2709 et
819 2648 991 2728 perspicere
1017 2650 1117 2728 quid
1111 2647 1265 2707 maximam
1282 2643 1312 2703 in

151 2731 241 2790 rebus
265 2730 402 2805 humanis
426 2732 487 2791 vim
513 2730 666 2805 obtineat,
690 2745 721 2792 et
739 2754 800 2812 quo
825 2746 908 2792 recte
932 2731 1126 2813 feliciterque
1152 2731 1310 2808 constituto

63 2822 83 2896 ’λ
151 2815 294 2874 maximos
312 2817 344 2874 in
362 2816 435 2887 vita
438 2817 554 2876 fructus
571 2817 788 2896 percipiamus,
807 2838 869 2895 quo
887 2817 959 2879 item
978 2818 1121 2900 neglecto
1141 2829 1195 2876 aut
1212 2800 1308 2896 depra-

68 2907 96 2937 ’-
150 2911 219 2972 vato
237 2899 269 2959 in
288 2900 494 2960 acerbissimas
520 2900 701 2977 oalamitates
723 2903 901 2962 incidamus.
925 2895 1049 2988 Neque
1061 2902 1146 2963 enim
1175 2901 1307 2960 obsutum

150 2996 215 3057 est,
232 2985 300 3043 eius
314 2983 363 3043 rei
372 3004 484 3061 ffcuram
495 2984 634 3065 inprimis
652 3002 727 3046 esse
722 2984 1004 3085 suscipiendam,
1000 3008 1086 3069 quae
1099 2970 1285 3079 plurimum
1275 3005 1302 3042 ιιι
1345 2991 1347 2996 ’

125 3079 127 3082 ’
147 3080 318 3165 utramque
325 3081 455 3154 partem
457 3069 613 3129 momenti
620 3085 654 3131 et
674 3070 783 3129 virium
801 3069 920 3131 habet
934 3073 1070 3132 Mentem
1088 3085 1193 3131 autem
1209 3071 1303 3129 huma

92 3173 97 3181 ’
147 3173 263 3213 narum
277 3173 377 3211 rerum
397 3154 537 3213 omnium
565 3173 636 3213 esse
655 3139 886 3215 moderatricem
909 3156 1115 3236 reperiemus,
1145 3178 1240 3236 quam
1249 3155 1303 3214 sola'

146 3235 340 3317 philosophia
358 3249 400 3295 et
397 3240 487 3297 recto
517 3238 636 3298 erudire
655 3251 692 3299 ιι
700 3259 847 3298 exercere
871 3254 978 3321 queat.
1002 3241 1077 3301 Eius
1107 3261 1183 3323 ergo
1201 3253 1232 3299 te
1249 3257 1302 3298 non
1347 3242 1351 3247 ’

139 3333 300 3410 expertem
320 3341 385 3379 esso
403 3334 545 3401 oportere
564 3342 692 3395 censeo,
718 3337 779 3382 aut
781 3323 824 3383 ab
842 3344 876 3384 ea
892 3326 1042 3401 sectanda
1052 3325 1228 3397 laboribus,
1246 3324 1300 3403 qui·
1325 3392 1328 3396 ,

104 3415 106 3418 ’
145 3402 225 3464 hus
221 3425 255 3465 ea
271 3405 401 3485 paranda
420 3419 475 3479 est,
494 3404 647 3475 deterreri.
682 3404 885 3489 cogitandum
902 3410 1023 3490 potius,
1040 3432 1097 3492 per
1114 3428 1262 3493 ignaviam
1277 3420 1302 3467 et
1345 3423 1347 3426 ⁴

91 3541 94 3544 .
145 3489 314 3549 socordiam
333 3510 389 3548 nec
406 3491 560 3550 facillima
557 3513 702 3576 quaeque
720 3513 810 3571 posse
828 3495 1060 3574 comprehendi,
1078 3494 1240 3556 tolerantia
1257 3515 1300 3552 au·

115 3604 118 3609 ·
144 3575 206 3633 tem
225 3587 257 3633 et
274 3574 421 3634 industria
439 3575 544 3634 nihil
534 3598 566 3635 ιι
591 3597 692 3636 rerum
710 3589 816 3637 natura
844 3599 909 3638 esse
933 3577 1106 3663 bonorum,
1133 3602 1174 3660 qu
1155 3580 1214 3639 uin
1229 3598 1301 3637 com-

142 3672 278 3739 paretur:
296 3672 387 3737 atque
405 3661 542 3721 omnium
561 3681 626 3720 esse
644 3658 909 3743 absurdissimum,
926 3656 1126 3744 parandarum
1147 3685 1240 3745 opum
1258 3684 1300 3722 au

134 3743 295 3826 .gendique
313 3743 433 3803 roboris
452 3757 484 3805 ιι
499 3765 600 3804 rerum
625 3746 768 3805 similium
792 3749 898 3807 ardere
924 3750 1106 3830 cupiditate,
1132 3762 1301 3855 propterea-

141 3849 201 3908 que
220 3829 329 3888 multas
346 3848 501 3888 aerumnas
521 3827 637 3909 perpeti
642 3823 765 3912 (quae
763 3833 867 3915 omnia
889 3834 1025 3903 mortalia
1043 3847 1135 3909 sunt,
1144 3833 1300 3912 mentique

43 3961 50 3970 ι
96 3951 97 3954 =
140 3914 253 3973 servire
271 3911 483 3995 consuerunt),
499 3927 535 3972 ut
550 3935 623 3974 vero
639 3914 702 3994 ipsa
715 3934 817 3989 mens,
830 3939 907 3996 quae
920 3932 1036 3981 caetera
1050 3921 1216 4002 gubernat,
1234 3937 1301 3999 quae

140 4018 302 4077 nunquam
314 3997 443 4070 deserit,
469 4018 548 4076 quae
561 3999 659 4058 totius
674 4000 753 4060 vitae
772 4002 832 4061 dux
851 4016 881 4062 et
888 4004 1039 4095 magistra
1059 4018 1125 4077 est,
1144 4004 1300 4075 excolatur,

72 4084 75 4099 ’
111 4082 203 4140 ἰιι
221 4083 383 4142 elaborare
417 4082 618 4142 Praeclarum
612 4103 713 4157 jsane,
732 4099 767 4145 et
779 4079 920 4147 fortunae
937 4087 1119 4149 beneficio'
1108 4103 1195 4151 inter
1212 4087 1300 4149 excel-

117 4162 235 4232 ιιιιιι
255 4182 319 4227 ess'e
331 4166 544 4255 admirationi·
557 4169 615 4227 sed
628 4169 730 4228 mu‘lto
745 4172 928 4250 praeclarius
948 4186 1003 4246 est,¹
1020 4188 1131 4256 suapte
1148 4165 1300 4245 industria,

56 4243 118 4307 404
139 4252 284 4330 quicquid
300 4247 444 4314 eximium
456 4253 510 4326 sit,
529 4273 593 4312 esse
607 4268 785 4316 assecutum.
802 4257 879 4316 Nam
897 4257 947 4318 illa
967 4258 1058 4342 etiam
1077 4260 1232 4343 improbis
1243 4277 1307 4319 non'

59 4401 67 4410 ,
136 4347 205 4396 raro
223 4356 291 4398 sese
300 4338 414 4400 offert
437 4337 512 4400 haec
529 4357 600 4398 vero
626 4339 741 4400 nemini
758 4342 853 4447 adest
860 4328 925 4402 nisi
942 4335 1068 4406 virtute
1079 4343 1305 4461 praestantissi-
