2722 4754
439 172 866 287 ‘nnuc-unone..
913 154 951 235 ’-
1066 155 1085 185 ⁷
1126 215 1157 275 ,·
1211 202 1276 265 133

53 350 56 357 ’
89 347 242 409 duntaxat
266 351 430 431 prudentia
454 351 496 412 sic
522 344 662 433 capedire
688 345 906 426 existimarem,
927 355 992 414 sed
1017 354 1270 438 Aristophontem

89 431 200 506 etiam,
231 434 372 517 itemque
394 435 548 497 Eubulum
573 438 816 520 omnitempore
842 440 1004 505 conciliare
1029 442 1163 502 voluisse
1188 445 1269 504 illam
1301 470 1305 479 ’
1354 438 1358 442 ’

89 517 272 594 amicitiam,
292 534 333 596 et,
352 543 420 593 cum
438 517 503 581 aliis
518 524 556 583 de
568 524 660 583 rebus
679 546 769 606 saepe
787 524 868 585 inter
884 546 916 584 se
936 527 1141 602 dissentirent,
1160 529 1192 589 in
1209 531 1269 592 hoc

89 623 216 683 semper
235 608 439 666 concordasse
457 607 573 669 scirem.
604 630 680 688 quos
700 623 732 670 tu
752 607 905 682 uiuentes,
924 612 1146 692 oVulpecula,
1165 608 1267 676 assen-

75 703 153 757 tans
173 687 360 766 sectabere,
378 690 540 753 defunctis*
556 693 726 754 obtrectare
743 700 807 755 non
826 695 987 755 erubescis.
1022 697 1098 757 Nam
1117 703 1201 779 quod
1219 723 1268 762 me
1294 704 1353 763 180

41 774 43 781 '
90 775 127 835 de
143 773 309 836 Thebanis
319 797 464 836 accusas:
488 777 573 852 illos,
599 779 740 860 quiante
758 802 806 840 me
825 780 1001 846 societatem
1021 781 1100 841 illam
1120 786 1269 866 probare-⁴

87 869 170 934 r'unt,
189 861 294 921 multo
313 861 407 943 magis
426 883 515 942 quam
532 885 581 924 me
599 886 728 925 accusas.
762 865 822 926 Sed
842 865 914 924 illue
931 861 1038 932 redeo:
1056 867 1268 949 Amphissensi
1304 926 1307 931 .

87 945 171 1007 bello
192 968 253 1028 per
271 947 363 1008 istum
382 946 511 1007 excitato
535 962 570 1011 et.
583 949 751 1011 inimicitiis
780 951 922 1010 adversus
939 950 1101 1011 Thebanos
1120 972 1176 1034 per
1192 958 1267 1019 alios

86 1031 156 1091 eius
175 1032 337 1094 adiutores
355 1031 514 1113 perlectis,
540 1034 701 1110 accidisse,
726 1049 761 1096 ut
778 1035 936 1117 Philippus
954 1057 1011 1097 nos
1025 1041 1269 1120 aggrederetur:
1286 1052 1289 1056 '

76 1139 147 1198 qua
168 1119 212 1179 dc
231 1140 321 1195 causa
346 1118 398 1181 isti
414 1116 506 1178 urbes
534 1119 615 1179 inter
639 1141 672 1179 se
699 1120 937 1195 committebant
973 1122 1065 1196 Quod
1091 1123 1150 1182 nisi
1175 1124 1266 1205 paulo

58 1192 163 1263 'ante
181 1184 429 1285 evigilasseinus,
456 1225 495 1263 nc
512 1226 690 1285 recuperare
709 1207 832 1285 quidem
850 1206 928 1266 vires
946 1207 1089 1267 licuisset.
1109 1223 1150 1268 'eo
1169 1230 1267 1289 usque
1278 1211 1295 1267 ¹,

56 1282 144 1348 'issi
161 1311 230 1350 rem
247 1291 463 1370 perduxerant.
494 1290 535 1350 Ut
553 1311 626 1350 vero
645 1291 696 1350 alii
714 1292 745 1350 in
764 1291 838 1350 alio's
857 1286 976 1351 inieritis
995 1291 1128 1368 animati,
1146 1292 1265 1355 his,'dc-
1331 1311 1336 1318 '

77 1371 192 1443 ¹cretis
204 1374 315 1442 auditis
335 1387 366 1434 et
383 1374 648 1456 responsionibus,
666 1377 775 1437 scietis.
793 1377 861 1460 Ag'e
881 1396 953 1457 cape
968 1376 1047 1437 ,haec
1065 1389 1095 1438 et
1112 1378 1189 1462 lege.

513 1513 832 1575 'nuenarun.
1032 1584 1035 1591 Ι
1101 1468 1118 1521 υ

178 1626 367 1712 Herop'ptho¹
383 1642 540 1710 praetore,
565 1632 673 1690 XXVI.
700 1631 749 1690 die
767 1630 944 1706 Februarii,
966 1631 1051 1693 tribu
1075 1624 1280 1713 praesidente

88 1711 287 1787 Erechtheis,
305 1714 343 1773 de
361 1715 512 1776 sententia
531 1730 652 1776 senatus
672 1729 703 1776 et
721 1717 848 1776 ducum:
867 1717 1020 1792 Quoniam
1034 1717 1191 1800 Philippus
1211 1740 1265 1801 op-

87 1796 161 1878 pida
172 1800 328 1879 quaedam
347 1799 475 1859 finitima
494 1802 662 1882 occupavit,
681 1802 827 1880 quaedam
843 1802 1017 1883 populatur,
1034 1815 1126 1882 atque
1137 1804 1168 1862 in
1184 1825 1266 1866 sum-

88 1904 138 1943 ma
158 1885 199 1943 ad
215 1882 349 1945 Atticam
374 1884 574 1947 invadendam
593 1909 625 1947 se
638 1887 785 1958 instruit,
809 1883 1073 1966 loedusnostrum
1092 1908 1147 1968 pro
1168 1889 1265 1948 nihilo

88 1968 221 2043 ducens,
240 1981 270 2030 et
287 1971 503 2032 iusiurandum
516 1973 633 2032 solvere
652 1967 785 2032 instituit
797 1993 831 2031 ac
845 1991 959 2053 pacem,
976 1971 1068 2031 fidem
1086 1985 1193 2031 mutuo
1214 1973 1266 2032 da·
1323 2014 1325 2021 ·

89 2066 151 2114 tam
171 2055 331 2137 frangens:
350 2056 469 2137 placere
488 2058 606 2118 senatui
623 2057 818 2138 populoque,
836 2069 871 2116 ut
888 2055 1035 2141 legatilad
1054 2077 1123 2116 eum
1142 2058 1264 2117 mittan-

91 2152 151 2212 tur,
171 2140 225 2220 qni
245 2162 313 2203 cum
334 2163 370 2202 eo
389 2156 485 2225 agant·
498 2156 529 2202 et
543 2164 611 2202 cum
629 2132 802 2214 hortentur,
819 2141 1010 2222 potissimum
1023 2155 1058 2202 ut
1071 2138 1264 2202 concordiam
1349 2196 1351 2203 .

94 2225 253 2287 nobiscum
268 2228 381 2289 'factam
397 2241 427 2287 et
442 2241 527 2309 pacta
546 2241 683 2288 tueatur:
701 2227 748 2286 sin
766 2223 878 2299 min'us,
895 2241 930 2288 ut
944 2227 1074 2308 spatium
1094 2227 1264 2289 deliberan-
1355 2224 1360 2255 ³

41 2302 43 2307 ¹
92 2310 124 2370 di
141 2311 286 2392 praebeat
302 2313 487 2394 reipublicae
506 2328 537 2376 et
555 2314 690 2374 inducias
718 2320 815 2392 u'sque
834 2313 871 2370 ad
888 2333 1024 2372 mensem
1038 2312 1174 2393 Aprilem
1192 2333 1264 2393 pro-
1302 2358 1305 2362 -

91 2410 190 2478 roget
224 2398 309 2458 Lecti
334 2412 407 2459 sunt
431 2420 447 2459 e
473 2412 596 2460 senatu:
632 2399 731 2458 Simus
756 2397 1018 2481 Anagyrrhasius,
1054 2397 1265 2484 Euthydemus
1299 2468 1304 2479 1

61 2533 75 2546 ,
92 2480 254 2557 Phliasius,
272 2483 439 2566 Bulagoras
458 2484 664 2566 Alopecensis.
983 2497 985 2502 '
1056 2497 1062 2507 “
1303 2482 1312 2519 ’·

416 2612 587 2682 serub
631 2636 941 2683 maenarum

183 2733 361 2823 Heropytbo
379 2738 530 2821 praetore,
548 2739 647 2820 pridie
660 2735 783 2813 Calend.
797 2737 929 2820 Apriles,
948 2736 1072 2800 debelii
1092 2737 1183 2817 ducis,
1195 2757 1264 2799 sen-

92 2823 215 2883 tentia:
232 2824 380 2899 Quoniam
396 2822 555 2906 Philippus
573 2825 736 2885 Thebanos
755 2824 921 2884 alienares
939 2819 1028 2882 nobis
1041 2821 1190 2907 instituit,
1207 2822 1265 2902 ita-
1349 2814 1354 2838 ’

41 2978 67 2988 ..
92 2926 154 2986 quc
173 2930 207 2968 sc
224 2910 355 2989 paravit,
382 2924 419 2970 ut
436 2913 467 2971 iu
487 2910 692 2983 Atticae'loca
715 2907 850 2990 proxima
869 2930 937 2969 cnm
956 2908 1041 2968 omni
1064 2905 1198 2967 exercitu
1216 2907 1264 2966 in-
1335 2946 1340 2952 -

93 2993 265 3074 gradiatur,
292 2994 324 3055 in
344 2997 536 3076 quosoedus
560 2995 720 3057 nobiscum
747 2996 841 3055 ictum
866 2992 1119 3074 violat.:‹placere
1146 2991 1264 3066 senatui
1303 3024 1334 3072 ,κ

92 3078 288 3159 populoque,
313 3094 350 3140 ut
366 3082 403 3141 ad
423 3090 499 3142 eum*
521 3082 681 3140 mittantur
691 3082 885 3153 ‘caduceator
903 3091 934 3140 ct
952 3076 1060 3162 legati,
1085 3077 1137 3157 qui
1151 3088 1279 3158 petant,

95 3175 216 3236 etcum
229 3164 409 3240 hortentur,
432 3157 467 3228 ut
485 3166 621 3227 inducias
639 3160 747 3238 faciat,
770 3177 806 3226 ut
824 3185 840 3224 e
858 3184 891 3225 rc
909 3175 978 3225 nata
996 3164 1128 3244 populus
1147 3158 1265 3243 delibe-
1285 3160 1348 3228 '13¹1

42 3294 47 3304 .
93 3261 148 3308 ret
181 3248 286 3333 (Nunc
305 3252 387 3311 enim
406 3245 558 3313 eum'non
581 3251 749 3312 instituisse
768 3270 857 3331 opem
875 3251 954 3310 serre
972 3248 1005 3308 in
1022 3249 1083 3308 ulla
1105 3268 1139 3308 re
1158 3247 1264 3308 mode·
1320 3317 1322 3320 Α

56 3336 59 3341 ’
93 3332 170 3418 rata)
186 3336 272 3396 Lecti
291 3348 364 3415 sunt
384 3350 538 3398 asenatu:
558 3337 726 3410 Nearchus,
746 3335 902 3396 Sosinomi
923 3335 965 3408 F,
973 3333 1170 3417 Polycrates,
1191 3333 1264 3414 Epi-

98 3414 288 3500 pbronis²F.,
308 3436 338 3484 et
356 3425 538 3484 eaduceator
553 3423 713 3484 Eunomus
732 3420 952 3506 Anaphlystius
972 3440 988 3480 e
1006 3419 1129 3501 populo.
1216 3479 1217 3483 ,

178 3506 285 3568 Recita
304 3500 395 3568 etiam
411 3530 564 3606 respousa.
620 3528 625 3540 ’
684 3509 693 3524 ⁴
1211 3507 1214 3515 ¹

304 3655 522 3726 RESPONSA
557 3654 668 3705 DATA
700 3652 1054 3735 A't'nnnlnststnt's
1130 3691 1132 3697 .

99 3812 103 3817 .
174 3763 243 3823 llex
260 3765 464 3825 Macedonum
476 3761 648 3846 Philippus
677 3763 803 3824 Senatui
827 3761 1004 3845 populoque
1030 3759 1213 3820 Atheniensi
1237 3759 1264 3816 S.

90 3849 162 3924 Quo
190 3848 294 3911 animo
326 3849 446 3910 fueritis
471 3854 624 3932 erga‘uos
650 3849 688 3909 ab
713 3849 803 3910 initio
830 3846 949 3920 allecti,
984 3867 1048 3905 non
1074 3844 1199 3928 hgnoro,
1236 3856 1268 3904 ct
1348 3876 1353 3893 ·

87 3933 164 4014 qnid
182 3935 286 3996 studio
306 3935 459 4006 habeatis,
494 3936 682 4018 coniungere
699 3932 1035 4009 vobiscum'Tbessalos
1055 3943 1087 3991 et
1103 3928 1266 4011 Thebanos

86 4033 182 4100 atque
199 4023 285 4083 adeo
302 4015 465 4083 Boeotios'
478 4022 568 4081 etiam
595 4013 761 4102 cupientes.
806 4019 956 4096 Quicum
975 4015 1111 4077 saniores
1129 4015 1209 4088 sint,—
1235 4037 1266 4074 cr

87 4119 220 4167 vestram
245 4106 389 4190 amplecti
413 4120 523 4170 sectam
548 4106 873 4187 vobisque-subiicere
893 4125 930 4166 se
954 4113 1107 4175 recusent,
1122 4113 1224 4190 ,atque
1247 4123 1264 4160 a

86 4205 175 4274 parte
193 4193 335 4257 utilitatis
355 4206 553 4267 stentznunc
570 4188 684 4254 mutata
702 4181 863 4265 sententia,
882 4189 980 4249 missis
998 4185 1155 4270 legatntc't
1172 4187 1264 4246 caelu-

88 4280 280 4355 eeatoribus,
308 4279 488 4363 pactionum
505 4280 693 4341 mentionem
712 4277 809 4338 facitis
830 4289 861 4337 et
878 4270 1153 4357 inducias'pctitis',
1182 4271 1265 4334 nulla

86 4388 144 4447 per
163 4388 224 4439 nos¹
233 4367 351 4453 iniuria
370 4365 510 4429 lacessiti.
552 4368 771 4429 Verumtamen
790 4384 864 4446 ego,
880 4358 988 4443 legatis
1006 4357 1133 4451 eudin‘s,
1160 4375 1265 4417 anneto
