2722 4754
35 174 71 257 ’,
138 198 198 285 iso
421 170 1017 287 nnnrosrunms'onsmo

129 346 204 422 nia,
222 366 323 427 neque
341 343 536 418 bominibus,
554 366 655 426 neque
671 347 734 407 nlla
752 368 785 407 re
803 348 860 409 alia
878 371 1003 431 prorsus
1021 349 1221 413 adiuverunt:
1238 354 1308 434 qni-

137 438 193 496 bus
212 424 277 493 iure
296 430 469 509 meritoque
487 429 555 489 irati
573 431 711 499 alacriter
729 434 800 494 estis
814 434 957 503 xobsecuti
973 435 1123 517 Philippo.
1141 437 1194 498 llla
1213 428 1310 523 igitur

136 536 202 582 tum
221 537 363 578 concessa
381 538 438 596 pax
454 514 547 575 hisee
556 517 709 576 decausis
728 540 792 579 non
810 540 858 578 me
877 519 927 603 (ut
943 518 1001 580 istc
1020 522 1238 608 calumniatur)
1253 547 1307 585 au.

137 620 222 667 ctore
239 603 314 661 facta
334 600 400 661 suit.
418 602 549 687 Istorum
568 615 669 661 antem
687 602 811 663 iniurias
826 618 857 664 ct
875 606 1061 686 corruptelas
1080 608 1112 667 in
1129 609 1181 668 illa
1198 608 1307 679 harim

137 689 293 753 turbarum
311 684 353 769 (si
370 687 438 766 quis
456 699 541 759 recte
558 686 736 770 investiget)
754 708 857 749 causas
877 688 943 750 esse
962 691 1177 771 deprehendet
1201 695 1306 776 Atque

137 779 211 836 baec
236 772 336 833 omnia
360 773 463 833 studio
487 771 621 832 veritatis
650 773 817 833 accuratius
843 796 1011 857 persequor
1035 791 1066 837 et
1090 786 1306 843 commemoro:

136 864 179 921 Ut
196 861 277 919 enim
296 858 422 917 maxime
448 858 547 936 aliqua
566 857 597 915 in
617 858 664 917 eis·
686 871 808 937 peccata
829 881 894 920 esse
918 862 1153 936 videantur,·ea
1170 864 1249 925 nihil
1266 867 1308 929 ad

136 945 311 1023 mentique
330 945 468 1005 attinent
484 943 560 1001 Nam
580 943 633 1021 qui
651 943 765 1022 primus
785 957 816 1004 et
829 946 1010 1007 sententiam
1029 948 1105 1007 dixit
1122 962 1154 1010 et
1170 951 1304 1011 mentio-

136 1055 207 1110 nem
219 1031 263 1089 de
281 1050 354 1110 pace
373 1029 461 1101 fecit,
486 1027 547 1087 fuit
563 1028 776 1107 Aristodemus
795 1030 920 1091 histrio:
947 1032 1000 1111 qui
1017 1035 1163 1094 successit
1179 1047 1214 1095 et
1230 1037 1304 1097 scri-

137 1119 198 1201 psit
215 1129 247 1175 et
262 1124 331 1179 curs:
350 1115 411 1174 isto
427 1134 512 1173 suam
532 1133 654 1192 operam
672 1113 787 1205 ineam
804 1138 870 1177 rem
888 1117 1015 1191 locavit,
1039 1118 1228 1181 Philocrates
1247 1121 1305 1183 fuit

80 1278 92 1289 .
137 1201 324 1286 Hagnusius,
341 1212 423 1271 tuns,
440 1197 604 1270 Aeschine,
620 1199 869 1287 particeps,'non
886 1224 989 1262 meus:
1006 1224 1080 1277 non,
1096 1199 1124 1264 si
1139 1206 1200 1266 tibi
1214 1227 1304 1267 anem

42 1325 49 1339 ι
138 1289 228 1351 tienti
245 1286 297 1346 ilia
314 1296 509 1364 rumpantur:
532 1282 754 1365 subscriptores
773 1300 805 1347 et
828 1289 1044 1370 suffragatores
1063 1289 1149 1349 fuere
1168 1313 1304 1372 quacun·

53 1366 55 1371 .
139 1395 198 1456 que
218 1373 255 1432 de
273 1392 362 1433 causa
380 1367 531 1451 (omittam
552 1369 632 1427 enhn
650 1368 758 1430 hocin
783 1372 967 1455 praesentia)
985 1373 1122 1434 Eubulus
1142 1389 1174 1436 et
1192 1373 1304 1457 Cephi-

32 1472 43 1482 ·
138 1460 279 1540 sophon:
291 1458 357 1538 Ego
376 1475 449 1514 vero
468 1453 545 1516 nibil
562 1476 707 1543 usquam:¹
727 1456 813 1531 Quae
832 1459 959 1519 comita
977 1458 1138 1520 sintet-re
1156 1462 1220 1542 ipsa
1239 1482 1305 1523 esse

138 1545 320 1628 probentur:
348 1562 384 1601 eo
402 1539 488 1600 venit
508 1538 733 1620 impudentiae,
754 1556 791 1602 ut
809 1545 909 1605 dicere
927 1565 991 1604 non
1007 1545 1144 1619 dubitet,
1166 1562 1306 1607 me‘cnm

131 1631 220 1713 'pacis
235 1640 390 1687 auctorem
408 1625 513 1698 fuisse,
530 1637 596 1685 tum
608 1644 683 1686 uero
700 1626 865 1705 obstitisse,
884 1650 945 1711 quo
958 1629 1060 1690 minus
1073 1632 1137 1691 eam
1152 1632 1310 1712 respubli-

139 1739 172 1778 ca
189 1716 302 1775 faceret
318 1710 475 1772 communi
491 1711 679 1771 Graecomm
697 1714 828 1777 consilio
844 1715 989 1776 adhibito.
1012 1712 1079 1776 'Tn
1096 1738 1169 1777 vero
1183 1714 1223 1800 -(o
1243 1736 1313 1797 qno

67 1874 72 1879 .
114 1817 169 1862 ·te
187 1798 319 1861 nornine
336 1808 419 1861 recte
444 1795 651 1896 appellepsi),
675 1820 745 1857 cnm
770 1801 890 1860 adesses
908 1815 940 1862 et
962 1800 1096 1876 videres,
1121 1815 1206 1862 tanta
1222 1824 1258 1862 re
1277 1815 1318 1864 et

138 1887 284 1948 societate
299 1905 318 1943 a
335 1904 385 1943 me
401 1881 526 1964 spoliari
545 1882 715 1957 civitatem,
734 1898 875 1965 quantam
892 1887 985 1947 modo
1002 1888 1116 1970 tragice
1131 1887 1317 1948 vociferan-

124 1975 180 2033 -do
197 1969 391 2040 recensebat:
411 1974 583 2048 'usquamne
608 1968 782 2050 indignatas
801 1990 849 2045 es,
873 1984 925 2032 aut
947 1992 1127 2053 progressus
1141 1995 1206 2047 ea,
1229 1994 1313 2053 qnae

132 2079 222 2118 nnnc
238 2075 370 2128 accusas,
388 2053 542 2135 explicasti
560 2066 613 2113 aut
629 2056 893 2117 commemorasti?
917 2055 1015 2136 Atqni
1032 2058 1059 2117 si
1077 2079 1146 2140 ego,
1163 2059 1316 2121 mercede

140 2167 155 2204 a
170 2142 312 2221 Philippo
331 2140 511 2213 conductus,
530 2139 717 2200 Graecorum
735 2141 990 2222 conspirationem
1005 2134 1204 2224 prohibeam:
1221 2143 1253 2203 id
1266 2144 1309 2215 ti,

59 2230 116 2290 149
141 2230 173 2289 bi
190 2226 343 2305 reliquum
361 2237 453 2297 erat,
464 2237 501 2283 ut
516 2244 579 2283 non
597 2237 730 2307 taceres,
741 2226 800 2288 sed
819 2227 985 2287 clamitares
1004 2241 1041 2288 et¹
1050 2229 1259 2289 testificareris
1277 2244 1310 2293 et

58 2341 61 2351 ’
139 2315 186 2376 his
205 2310 399 2395 significares.
428 2309 463 2369 ld
481 2309 564 2389 qnod
583 2330 739 2389 nunquam
756 2311 874 2386 fecisti,
891 2316 992 2393 neque
1012 2335 1076 2373 eam
1095 2334 1132 2373 ex
1150 2327 1181 2374 te
1199 2334 1323 2377 vocem-

69 2418 73 2425 '
141 2399 268 2460 audivit·
281 2397 457 2476 quisquam:
483 2416 540 2469 nec
558 2395 589 2453 id
607 2416 679 2455 sanc
697 2397 814 2457 mirum.
847 2397 964 2478 Neqne'
975 2399 1056 2459 enim
1074 2399 1189 2482 legatio
1207 2400 1304 2461 fuerat

139 2499 205 2547 tum
219 2483 261 2543 ad
277 2481 378 2541 ullum·
394 2480 580 2540 Graecorum
604 2478 861 2542 missa:.sed'iain
881 2484 954 2544 olim
979 2505 1085 2545 eorum
1109 2485 1203 2544 animi
1220 2498 1303 2565 pate-

140 2572 231 2643 bant,
248 2587 349 2646 neque
367 2564 425 2625 iste
443 2564 508 2625 sani
526 2564 688 2644 quicquam
707 2567 782 2627 dixit
799 2589 834 2628 ea
851 2569 888 2627 de
905 2591 947 2630 re.
981 2569 1030 2629 Ad
1049 2570 1124 2630 haec
1140 2570 1302 2631 mendaciis

94 2708 101 2719 .
140 2655 201 2717 suis
219 2650 437 2732 rempublicam
454 2649 597 2710 acerrime
616 2650 821 2713 calumniatur.
851 2652 927 2713 Nam
945 2655 971 2714 si
989 2654 1150 2725 voaasimul
1166 2654 1302 2715 caeteros

142 2741 276 2800 Graecos
295 2738 333 2797 ad
351 2736 466 2795 bellum
483 2735 688 2809 arcessebatis,
706 2737 796 2797 simul
814 2739 872 2819 ipsi
890 2737 1006 2821 legatos
1024 2740 1061 2799 ad
1074 2740 1249 2821 Philippum
1267 2740 1304 2800 de

140 2830 214 2908 pa'ce
231 2818 414 2885 mittebatis}
432 2820 581 2902 Eurybati
598 2821 723 2894 facinus,
742 2843 806 2882 non
823 2824 1007 2905 reipublicae
1026 2825 1160 2885 officium
1178 2837 1232 2885 aut
1248 2823 1303 2884 be-

141 2932 252 2972 norum
277 2905 622 2991 hominumfaciebatis.
649 2906 710 2966 Sed
728 2930 790 2968 non
810 2910 850 2969 ita
870 2922 930 2982 est,
959 2923 1093 2970 nonest
1129 2911 1198 2986 Qua
1223 2909 1305 2970 enim

102 3054 110 3073 x
142 3016 230 3061 causa
249 3014 301 3053 eos
320 2991 372 3052 illo
392 2990 529 3071 tempore
552 2992 772 3053 arcessissctis?
796 2993 846 3054 Ad
864 2994 989 3074 pacem?
1015 3008 1045 3054 at
1063 3018 1128 3055 eam
1152 2994 1306 3056 habebant

142 3100 255 3141 omnes.
280 3077 331 3137 Ad
348 3075 486 3137 bellum?
504 3089 534 3136 at
551 3077 609 3158 ipsi
628 3078 665 3137 de
683 3100 757 3158 pace
774 3080 916 3162 agebatis.
951 3082 1055 3160 ltaque
1073 3102 1174 3160 neque
1191 3080 1307 3162 primae

141 3166 222 3247 pasis
240 3184 288 3224 me
307 3163 355 3222 uel
374 3162 481 3222 ducem
499 3161 547 3221 vel
571 3158 726 3223 auctorem
744 3185 810 3224 esse
829 3178 965 3226 constat:
988 3187 1090 3245 neque¹
1114 3170 1320 3247 caeterorumx

70 3250 75 3257 ”
110 3283 119 3289 -
141 3250 321 3332 quicquam,
341 3269 417 3327 quae
435 3248 467 3319 in
485 3267 533 3306 me
553 3248 714 3321 confinxit,
731 3270 837 3310 rerum
857 3271 921 3311 esse
941 3251 1120 3311 ostenditur.
1138 3253 1307 3330 Postquam

72 3396 86 3403 ,
141 3348 242 3396 autem
260 3355 364 3414 pacem
379 3333 454 3393 fecit
470 3332 651 3412 respublica,
669 3333 718 3393 bic
732 3334 843 3395 iterum
862 3335 1062 3409 considerate,
1082 3329 1156 3415 quid
1172 3348 1307 3413 uterque

141 3433 280 3480 nostrum
297 3440 387 3501 agere
405 3417 579 3478 instituerit
596 3417 705 3478 Exhis
724 3421 805 3479 enim
824 3421 935 3494 scietis,
954 3423 1021 3500 quis
1039 3421 1141 3495 fuerit,
1159 3421 1213 3500 qni
1231 3419 1307 3478 Phi-

122 3507 223 3586 lippo
242 3505 274 3563 in
293 3503 434 3563 omnibus
458 3503 691 3586 suffragaretur:
717 3518 748 3564 et
765 3506 832 3584 quis
858 3520 987 3567 vestram
1011 3528 1130 3566 cansam
1158 3505 1259 3588 egerit
1275 3516 1308 3565 et

139 3584 278 3672 publicae
296 3589 449 3649 studuerit
464 3588 603 3648 utilitati·
614 3590 686 3673 Ego·
700 3590 794 3672 igitur
811 3605 934 3652 senator
951 3592 1106 3651 decretum
1124 3591 1195 3663 feci,
1211 3601 1248 3649 ut
1260 3588 1308 3648 le-¹

140 3677 202 3759 gati
221 3675 442 3755 quamprimum
461 3673 492 3732 in
511 3695 544 3733 ea
563 3674 629 3733 loca
646 3676 839 3757 navigarent,
865 3677 896 3735 in
916 3676 1027 3756 quibus
1041 3697 1113 3737 esse
1129 3674 1308 3755 Philippum

140 3761 296 3835 audirent,
322 3773 353 3819 ct
370 3759 579 3819 iusiurandum
599 3760 768 3841 exigerent:
792 3760 837 3819 illi
854 3782 927 3822 vero
945 3782 1002 3821 nec
1018 3774 1089 3843 post
1106 3757 1309 3822 senatuscon-

140 3846 253 3906 sultum
268 3866 373 3906 meum
391 3845 424 3905 id
441 3844 539 3905 facere
558 3844 730 3905 voluerunt.
747 3847 780 3905 ld
794 3868 883 3924 quam
900 3847 1014 3906 adrem
1033 3847 1147 3906 valuit?
1166 3847 1234 3927 Ego
1253 3864 1310 3904 vos

140 3931 274 4005 docebo,
292 3930 504 3990 Athenienses.
539 3929 680 4010 Philippo
700 3931 891 4012 expediebat,
909 3930 1074 4010 plurimum
1092 3931 1242 4012 temporis
1262 3929 1311 3989 in„

139 4016 295 4077 tercedere
314 4016 396 4075 inter
418 4010 765 4091 iusiurandumsvobis',
784 4039 873 4097 quam
891 4016 1057 4076 minimum.
1077 4013 1312 4091 Quamobrem?

141 4101 222 4176 Quia
240 4123 293 4161 vos
312 4099 375 4161 non
394 4100 430 4160 ab
449 4121 483 4160 ea
502 4100 551 4160 dis
571 4103 731 4175 duntaxat,
756 4124 814 4181 qna
831 4101 1023 4175 iuraveratis,
1039 4103 1103 4161 'sed
1122 4101 1160 4161 ab
1179 4094 1315 4180 ea,''qua

141 4186 347 4267 speraveritis,
365 4185 432 4246 fore
450 4206 564 4266 pacem,
584 4205 688 4245 omnes
707 4186 779 4247 belli
797 4188 1014 4266 apparationes.
1025 4185 1237 4246 deserueratis.
1256 4185 1315 4245 ltta

141 4284 241 4331 autem
260 4272 291 4331 id
308 4272 436 4331 maxime
453 4282 602 4351 perpetuo
626 4270 823 4331 moliebatur:
850 4273 933 4352 quod
953 4271 1141 4331 existimabat
1158 4271 1207 4354 (id
1227 4270 1317 4351 quod

110 4382 113 4389 ¹
141 4378 246 4417 verum
264 4355 355 4439 fuit),
374 4376 451 4437 quac
467 4368 589 4416 noemae
605 4354 676 4415 urbi
694 4355 853 4438 eripuisset
870 4369 940 4419 ante
964 4356 1318 4432 datuminsiurandnm,
