<?xml version="1.0" encoding="UTF-8"?>
<!DOCTYPE html PUBLIC "-//W3C//DTD XHTML 1.0 Transitional//EN"
    "http://www.w3.org/TR/xhtml1/DTD/xhtml1-transitional.dtd">
<html xmlns="http://www.w3.org/1999/xhtml" xml:lang="en" lang="en">
 <head>
  <title>
</title>
<meta http-equiv="Content-Type" content="text/html;charset=utf-8" />
  <meta name='ocr-system' content='tesseract 3.04.00' />
  <meta name='ocr-capabilities' content='ocr_page ocr_carea ocr_par ocr_line ocrx_word'/>
</head>
<body>
  <div class='ocr_page' id='page_1' title='image "./demosthenisquae04schgoog_0620.png"; bbox 0 0 2722 4754; ppageno 0'>
   <div class='ocr_carea' id='block_1_1' title="bbox 340 160 1350 263">
    <p class='ocr_par' dir='ltr' id='par_1_1' title="bbox 340 160 1350 263">
     <span class='ocr_line' id='line_1_1' title="bbox 340 160 1350 263; baseline 0.009 -9"><span class='ocrx_word' id='word_1_1' title='bbox 340 180 1032 258; x_wconf 63' lang='lat' dir='ltr'><strong>=.·÷ssoltTn-a·n·un&#39;11t³1onm121</strong></span> <span class='ocrx_word' id='word_1_2' title='bbox 1183 206 1259 263; x_wconf 72' lang='grc' dir='ltr'><strong>ιιι</strong></span> <span class='ocrx_word' id='word_1_3' title='bbox 1305 181 1308 185; x_wconf 75' lang='grc'>’</span> <span class='ocrx_word' id='word_1_4' title='bbox 1344 160 1350 246; x_wconf 74' lang='lat' dir='ltr'><em>ss</em></span> 
     </span>
    </p>
   </div>
   <div class='ocr_carea' id='block_1_2' title="bbox 91 326 1264 518">
    <p class='ocr_par' dir='ltr' id='par_1_2' title="bbox 91 326 1264 518">
     <span class='ocr_line' id='line_1_2' title="bbox 92 326 1262 430; baseline 0.009 -26"><span class='ocrx_word' id='word_1_5' title='bbox 92 357 128 405; x_wconf 92' lang='lat' dir='ltr'><strong>et</strong></span> <span class='ocrx_word' id='word_1_6' title='bbox 145 366 241 405; x_wconf 69' lang='lat' dir='ltr'><strong>nenio</strong></span> <span class='ocrx_word' id='word_1_7' title='bbox 254 352 388 425; x_wconf 89' lang='lat' dir='ltr'><strong>unquam</strong></span> <span class='ocrx_word' id='word_1_8' title='bbox 408 347 568 426; x_wconf 81' lang='lat' dir='ltr'><strong>quicquam</strong></span> <span class='ocrx_word' id='word_1_9' title='bbox 587 347 628 408; x_wconf 85' lang='lat' dir='ltr'><strong>sit</strong></span> <span class='ocrx_word' id='word_1_10' title='bbox 645 361 846 426; x_wconf 68' lang='lat' dir='ltr'><strong>conquestus,</strong></span> <span class='ocrx_word' id='word_1_11' title='bbox 876 369 980 410; x_wconf 83' lang='lat' dir='ltr'><strong>nonno</strong></span> <span class='ocrx_word' id='word_1_12' title='bbox 999 335 1137 430; x_wconf 86' lang='lat' dir='ltr'><strong>aequum</strong></span> <span class='ocrx_word' id='word_1_13' title='bbox 1149 326 1217 420; x_wconf 81' lang='lat' dir='ltr'><strong>est</strong></span> <span class='ocrx_word' id='word_1_14' title='bbox 1212 372 1262 415; x_wconf 81' lang='lat' dir='ltr'><strong>me</strong></span> 
     </span>
     <span class='ocr_line' id='line_1_3' title="bbox 91 431 1264 518; baseline 0.006 -29"><span class='ocrx_word' id='word_1_15' title='bbox 91 445 234 511; x_wconf 84' lang='lat' dir='ltr'><strong>propter</strong></span> <span class='ocrx_word' id='word_1_16' title='bbox 231 431 324 489; x_wconf 83' lang='lat' dir='ltr'><strong>illum</strong></span> <span class='ocrx_word' id='word_1_17' title='bbox 342 431 562 491; x_wconf 67' lang='lat' dir='ltr'>Atheniensem</span> <span class='ocrx_word' id='word_1_18' title='bbox 581 453 666 505; x_wconf 83' lang='lat' dir='ltr'><strong>esse,</strong></span> <span class='ocrx_word' id='word_1_19' title='bbox 697 445 859 512; x_wconf 78' lang='lat' dir='ltr'><strong>antequam</strong></span> <span class='ocrx_word' id='word_1_20' title='bbox 878 435 906 494; x_wconf 88' lang='lat' dir='ltr'><strong>ei</strong></span> <span class='ocrx_word' id='word_1_21' title='bbox 925 436 962 508; x_wconf 91' lang='lat' dir='ltr'><strong>de</strong></span> <span class='ocrx_word' id='word_1_22' title='bbox 980 455 1092 518; x_wconf 82' lang='lat' dir='ltr'>genere</span> <span class='ocrx_word' id='word_1_23' title='bbox 1110 435 1187 497; x_wconf 80' lang='lat' dir='ltr'><strong>lacta</strong></span> <span class='ocrx_word' id='word_1_24' title='bbox 1203 435 1264 496; x_wconf 87' lang='lat' dir='ltr'><strong>fuit</strong></span> 
     </span>
    </p>
   </div>
   <div class='ocr_carea' id='block_1_3' title="bbox 92 516 1262 661">
    <p class='ocr_par' dir='ltr' id='par_1_3' title="bbox 92 516 1262 661">
     <span class='ocr_line' id='line_1_4' title="bbox 92 516 1262 613; baseline 0.007 -39"><span class='ocrx_word' id='word_1_25' title='bbox 92 516 324 589; x_wconf 79' lang='lat' dir='ltr'><strong>controversia?</strong></span> <span class='ocrx_word' id='word_1_26' title='bbox 358 517 441 575; x_wconf 92' lang='lat' dir='ltr'><strong>Haec</strong></span> <span class='ocrx_word' id='word_1_27' title='bbox 458 536 529 576; x_wconf 81' lang='lat' dir='ltr'><strong>vere</strong></span> <span class='ocrx_word' id='word_1_28' title='bbox 547 539 564 577; x_wconf 86' lang='lat' dir='ltr'><strong>a</strong></span> <span class='ocrx_word' id='word_1_29' title='bbox 580 539 630 577; x_wconf 90' lang='lat' dir='ltr'><strong>me</strong></span> <span class='ocrx_word' id='word_1_30' title='bbox 648 517 708 576; x_wconf 84' lang='lat' dir='ltr'><strong>diei</strong></span> <span class='ocrx_word' id='word_1_31' title='bbox 725 531 761 578; x_wconf 91' lang='lat' dir='ltr'><strong>ut</strong></span> <span class='ocrx_word' id='word_1_32' title='bbox 778 530 916 593; x_wconf 82' lang='lat' dir='ltr'><strong>constet,</strong></span> <span class='ocrx_word' id='word_1_33' title='bbox 951 519 1062 613; x_wconf 82' lang='lat' dir='ltr'><strong>borum¹</strong></span> <span class='ocrx_word' id='word_1_34' title='bbox 1081 520 1169 581; x_wconf 86' lang='lat' dir='ltr'><strong>etiam</strong></span> <span class='ocrx_word' id='word_1_35' title='bbox 1188 541 1262 582; x_wconf 74' lang='lat' dir='ltr'><strong>roca</strong></span> 
     </span>
     <span class='ocr_line' id='line_1_5' title="bbox 92 613 1152 661; baseline 0.008 -2"><span class='ocrx_word' id='word_1_36' title='bbox 92 613 198 661; x_wconf 88' lang='lat' dir='ltr'><strong>testes.</strong></span> <span class='ocrx_word' id='word_1_37' title='bbox 1147 631 1152 637; x_wconf 71' lang='grc'><em>“</em></span> 
     </span>
    </p>
   </div>
   <div class='ocr_carea' id='block_1_4' title="bbox 573 723 1345 824">
    <p class='ocr_par' dir='ltr' id='par_1_4' title="bbox 573 698 1345 824">
     <span class='ocr_line' id='line_1_6' title="bbox 573 723 1345 824; baseline -0.005 -28"><span class='ocrx_word' id='word_1_38' title='bbox 573 753 781 824; x_wconf 61' lang='grc' dir='ltr'><strong>ιιιιιι.</strong></span> <span class='ocrx_word' id='word_1_39' title='bbox 821 723 840 792; x_wconf 79' lang='grc'><strong>,’</strong></span> <span class='ocrx_word' id='word_1_40' title='bbox 1123 777 1126 781; x_wconf 89' lang='grc'><strong>-</strong></span> <span class='ocrx_word' id='word_1_41' title='bbox 1283 762 1345 819; x_wconf 79' lang='lat'><strong>333</strong></span> 
     </span>
    </p>
   </div>
   <div class='ocr_carea' id='block_1_5' title="bbox 93 854 1317 1367">
    <p class='ocr_par' dir='ltr' id='par_1_5' title="bbox 93 854 1317 1367">
     <span class='ocr_line' id='line_1_7' title="bbox 181 854 1305 935; baseline 0.008 -23"><span class='ocrx_word' id='word_1_42' title='bbox 181 855 357 928; x_wconf 88' lang='lat' dir='ltr'><strong>Praeterea,</strong></span> <span class='ocrx_word' id='word_1_43' title='bbox 371 877 443 918; x_wconf 82' lang='lat' dir='ltr'><strong>-cum</strong></span> <span class='ocrx_word' id='word_1_44' title='bbox 462 855 491 914; x_wconf 90' lang='lat' dir='ltr'><strong>ei</strong></span> <span class='ocrx_word' id='word_1_45' title='bbox 504 854 598 935; x_wconf 90' lang='lat' dir='ltr'><strong>liberi</strong></span> <span class='ocrx_word' id='word_1_46' title='bbox 616 855 757 934; x_wconf 81' lang='lat' dir='ltr'><strong>quaterni</strong></span> <span class='ocrx_word' id='word_1_47' title='bbox 775 866 877 914; x_wconf 83' lang='lat' dir='ltr'><strong>essent</strong></span> <span class='ocrx_word' id='word_1_48' title='bbox 894 854 975 928; x_wconf 88' lang='lat' dir='ltr'><strong>nati,</strong></span> <span class='ocrx_word' id='word_1_49' title='bbox 992 858 1108 917; x_wconf 85' lang='lat' dir='ltr'><strong>uteriui¹</strong></span> <span class='ocrx_word' id='word_1_50' title='bbox 1124 859 1185 921; x_wconf 90' lang='lat' dir='ltr'><strong>mei</strong></span> <span class='ocrx_word' id='word_1_51' title='bbox 1201 860 1274 920; x_wconf 68' lang='grc' dir='ltr'><strong>ιη·-</strong></span> <span class='ocrx_word' id='word_1_52' title='bbox 1302 898 1305 904; x_wconf 89' lang='grc'><strong>-</strong></span> 
     </span>
     <span class='ocr_line' id='line_1_8' title="bbox 93 939 1317 1044; baseline 0.004 -44"><span class='ocrx_word' id='word_1_53' title='bbox 93 952 184 1013; x_wconf 87' lang='lat' dir='ltr'><strong>tres,</strong></span> <span class='ocrx_word' id='word_1_54' title='bbox 194 953 224 999; x_wconf 89' lang='lat' dir='ltr'><strong>et</strong></span> <span class='ocrx_word' id='word_1_55' title='bbox 241 940 371 1013; x_wconf 85' lang='lat' dir='ltr'><strong>mortui,</strong></span> <span class='ocrx_word' id='word_1_56' title='bbox 382 940 509 1040; x_wconf 81' lang='lat' dir='ltr'><strong>sepeliit</strong></span> <span class='ocrx_word' id='word_1_57' title='bbox 528 961 580 999; x_wconf 86' lang='lat' dir='ltr'><strong>eos</strong></span> <span class='ocrx_word' id='word_1_58' title='bbox 599 941 631 998; x_wconf 89' lang='lat' dir='ltr'><strong>in</strong></span> <span class='ocrx_word' id='word_1_59' title='bbox 649 939 752 1020; x_wconf 88' lang='lat' dir='ltr'><strong>patriis</strong></span> <span class='ocrx_word' id='word_1_60' title='bbox 771 939 1000 1013; x_wconf 87' lang='lat' dir='ltr'><strong>monimentis,</strong></span> <span class='ocrx_word' id='word_1_61' title='bbox 1002 962 1090 1021; x_wconf 86' lang='lat' dir='ltr'><strong>quae,</strong></span> <span class='ocrx_word' id='word_1_62' title='bbox 1109 946 1263 1044; x_wconf 73' lang='lat' dir='ltr'><strong>quotquot</strong></span> <span class='ocrx_word' id='word_1_63' title='bbox 1312 982 1317 997; x_wconf 58' lang='lat' dir='ltr'><em>s</em></span> 
     </span>
     <span class='ocr_line' id='line_1_9' title="bbox 94 1025 1263 1128; baseline 0.003 -44"><span class='ocrx_word' id='word_1_64' title='bbox 94 1047 113 1084; x_wconf 93' lang='lat' dir='ltr'><strong>e</strong></span> <span class='ocrx_word' id='word_1_65' title='bbox 132 1025 243 1084; x_wconf 83' lang='lat' dir='ltr'><strong>familia</strong></span> <span class='ocrx_word' id='word_1_66' title='bbox 262 1039 343 1096; x_wconf 87' lang='lat' dir='ltr'><strong>sunt,</strong></span> <span class='ocrx_word' id='word_1_67' title='bbox 361 1025 553 1123; x_wconf 79' lang='lat' dir='ltr'><strong>participant·</strong></span> <span class='ocrx_word' id='word_1_68' title='bbox 568 1046 672 1124; x_wconf 87' lang='lat' dir='ltr'><strong>neque</strong></span> <span class='ocrx_word' id='word_1_69' title='bbox 691 1026 818 1084; x_wconf 85' lang='lat' dir='ltr'><strong>istorum</strong></span> <span class='ocrx_word' id='word_1_70' title='bbox 833 1025 994 1104; x_wconf 82' lang='lat' dir='ltr'><strong>quisquam</strong></span> <span class='ocrx_word' id='word_1_71' title='bbox 1012 1049 1164 1128; x_wconf 46' lang='lat' dir='ltr'><strong>unquam·</strong></span> <span class='ocrx_word' id='word_1_72' title='bbox 1163 1028 1263 1089; x_wconf 82' lang='lat' dir='ltr'><strong>vetuit</strong></span> 
     </span>
     <span class='ocr_line' id='line_1_10' title="bbox 95 1106 1262 1192; baseline 0.004 -24"><span class='ocrx_word' id='word_1_73' title='bbox 95 1123 150 1169; x_wconf 91' lang='lat' dir='ltr'><strong>aut</strong></span> <span class='ocrx_word' id='word_1_74' title='bbox 167 1106 342 1189; x_wconf 78' lang='lat' dir='ltr'><strong>prohibuit,</strong></span> <span class='ocrx_word' id='word_1_75' title='bbox 361 1116 460 1188; x_wconf 77' lang='lat' dir='ltr'><strong>ireque</strong></span> <span class='ocrx_word' id='word_1_76' title='bbox 478 1131 548 1169; x_wconf 91' lang='lat' dir='ltr'><strong>eum</strong></span> <span class='ocrx_word' id='word_1_77' title='bbox 567 1110 596 1168; x_wconf 93' lang='lat' dir='ltr'><strong>in</strong></span> <span class='ocrx_word' id='word_1_78' title='bbox 617 1110 663 1168; x_wconf 91' lang='lat' dir='ltr'><strong>ius</strong></span> <span class='ocrx_word' id='word_1_79' title='bbox 683 1110 807 1169; x_wconf 85' lang='lat' dir='ltr'><strong>vocavit</strong></span> <span class='ocrx_word' id='word_1_80' title='bbox 836 1110 920 1184; x_wconf 79' lang='lat' dir='ltr'><strong>Quis</strong></span> <span class='ocrx_word' id='word_1_81' title='bbox 937 1131 1010 1170; x_wconf 83' lang='lat' dir='ltr'><strong>vero</strong></span> <span class='ocrx_word' id='word_1_82' title='bbox 1030 1125 1093 1185; x_wconf 88' lang='lat' dir='ltr'><strong>est,</strong></span> <span class='ocrx_word' id='word_1_83' title='bbox 1112 1113 1165 1192; x_wconf 93' lang='lat' dir='ltr'><strong>qui</strong></span> <span class='ocrx_word' id='word_1_84' title='bbox 1183 1135 1199 1172; x_wconf 90' lang='lat' dir='ltr'><strong>a</strong></span> <span class='ocrx_word' id='word_1_85' title='bbox 1217 1114 1262 1173; x_wconf 84' lang='lat' dir='ltr'><strong>fa-</strong></span> 
     </span>
     <span class='ocr_line' id='line_1_11' title="bbox 95 1192 1262 1275; baseline 0.005 -22"><span class='ocrx_word' id='word_1_86' title='bbox 95 1195 179 1271; x_wconf 82' lang='lat' dir='ltr'><strong>milia</strong></span> <span class='ocrx_word' id='word_1_87' title='bbox 203 1192 343 1253; x_wconf 85' lang='lat' dir='ltr'><strong>alien-is</strong></span> <span class='ocrx_word' id='word_1_88' title='bbox 335 1217 372 1253; x_wconf 90' lang='grc' dir='ltr'><strong>ιιι</strong></span> <span class='ocrx_word' id='word_1_89' title='bbox 392 1195 495 1275; x_wconf 88' lang='lat' dir='ltr'><strong>patriis</strong></span> <span class='ocrx_word' id='word_1_90' title='bbox 514 1194 635 1274; x_wconf 86' lang='lat' dir='ltr'><strong>sepeliri</strong></span> <span class='ocrx_word' id='word_1_91' title='bbox 654 1194 849 1254; x_wconf 89' lang='lat' dir='ltr'><strong>monimentis</strong></span> <span class='ocrx_word' id='word_1_92' title='bbox 867 1194 1021 1275; x_wconf 68' lang='lat' dir='ltr'><strong>patiatur?</strong></span> <span class='ocrx_word' id='word_1_93' title='bbox 1046 1196 1094 1258; x_wconf 89' lang='lat' dir='ltr'><strong>Ut</strong></span> <span class='ocrx_word' id='word_1_94' title='bbox 1111 1210 1213 1264; x_wconf 81' lang='lat' dir='ltr'><strong>autem</strong></span> <span class='ocrx_word' id='word_1_95' title='bbox 1231 1210 1262 1260; x_wconf 84' lang='lat' dir='ltr'><strong>et</strong></span> 
     </span>
     <span class='ocr_line' id='line_1_12' title="bbox 94 1264 915 1367; baseline 0 -29"><span class='ocrx_word' id='word_1_96' title='bbox 94 1264 177 1339; x_wconf 81' lang='lat' dir='ltr'><strong>baec</strong></span> <span class='ocrx_word' id='word_1_97' title='bbox 189 1299 293 1367; x_wconf 80' lang='lat' dir='ltr'><strong>verca</strong></span> <span class='ocrx_word' id='word_1_98' title='bbox 312 1299 360 1338; x_wconf 90' lang='lat' dir='ltr'><strong>me</strong></span> <span class='ocrx_word' id='word_1_99' title='bbox 380 1279 438 1338; x_wconf 89' lang='lat' dir='ltr'><strong>dici</strong></span> <span class='ocrx_word' id='word_1_100' title='bbox 457 1293 592 1352; x_wconf 88' lang='lat' dir='ltr'><strong>constet,</strong></span> <span class='ocrx_word' id='word_1_101' title='bbox 609 1279 915 1361; x_wconf 27' lang='lat' dir='ltr'><strong>cape&#39;teotimonium.</strong></span> 
     </span>
    </p>
   </div>
   <div class='ocr_carea' id='block_1_6' title="bbox 477 1401 963 1495">
    <p class='ocr_par' dir='ltr' id='par_1_6' title="bbox 477 1401 963 1495">
     <span class='ocr_line' id='line_1_13' title="bbox 477 1401 963 1495; baseline -0.004 -23"><span class='ocrx_word' id='word_1_102' title='bbox 477 1426 881 1495; x_wconf 72' lang='grc' dir='ltr'><strong>ιιειιιιοιιιυιι.</strong></span> <span class='ocrx_word' id='word_1_103' title='bbox 957 1401 963 1417; x_wconf 64' lang='grc'><strong>“</strong></span> 
     </span>
    </p>
   </div>
   <div class='ocr_carea' id='block_1_7' title="bbox 82 1528 1331 2965">
    <p class='ocr_par' dir='ltr' id='par_1_7' title="bbox 82 1528 1339 2965">
     <span class='ocr_line' id='line_1_14' title="bbox 182 1528 1262 1632; baseline 0.002 -40"><span class='ocrx_word' id='word_1_104' title='bbox 182 1534 229 1592; x_wconf 90' lang='lat' dir='ltr'><strong>De</strong></span> <span class='ocrx_word' id='word_1_105' title='bbox 247 1545 331 1612; x_wconf 87' lang='lat' dir='ltr'><strong>patre</strong></span> <span class='ocrx_word' id='word_1_106' title='bbox 350 1531 460 1612; x_wconf 77' lang='lat' dir='ltr'><strong>igitur,</strong></span> <span class='ocrx_word' id='word_1_107' title='bbox 483 1531 592 1590; x_wconf 88' lang='lat' dir='ltr'><strong>suisse</strong></span> <span class='ocrx_word' id='word_1_108' title='bbox 587 1552 666 1590; x_wconf 91' lang='lat' dir='ltr'><strong>eum</strong></span> <span class='ocrx_word' id='word_1_109' title='bbox 684 1529 926 1630; x_wconf 70' lang='lat' dir='ltr'><strong>Atheniensem,</strong></span> <span class='ocrx_word' id='word_1_110' title='bbox 948 1528 1024 1589; x_wconf 90' lang='lat' dir='ltr'><strong>haec</strong></span> <span class='ocrx_word' id='word_1_111' title='bbox 1039 1529 1156 1605; x_wconf 91' lang='lat' dir='ltr'><strong>babeo,</strong></span> <span class='ocrx_word' id='word_1_112' title='bbox 1178 1554 1262 1632; x_wconf 33' lang='lat' dir='ltr'><strong>quoae</strong></span> 
     </span>
     <span class='ocr_line' id='line_1_15' title="bbox 96 1613 1262 1703; baseline 0.001 -27"><span class='ocrx_word' id='word_1_113' title='bbox 96 1619 227 1677; x_wconf 87' lang='lat' dir='ltr'><strong>dicam·</strong></span> <span class='ocrx_word' id='word_1_114' title='bbox 245 1630 277 1676; x_wconf 93' lang='lat' dir='ltr'><strong>et</strong></span> <span class='ocrx_word' id='word_1_115' title='bbox 293 1629 401 1675; x_wconf 87' lang='lat' dir='ltr'><strong>testes</strong></span> <span class='ocrx_word' id='word_1_116' title='bbox 406 1616 536 1703; x_wconf 69' lang='lat' dir='ltr'><strong>prodruri</strong></span> <span class='ocrx_word' id='word_1_117' title='bbox 553 1614 623 1687; x_wconf 81' lang='lat' dir='ltr'><strong>eos,</strong></span> <span class='ocrx_word' id='word_1_118' title='bbox 660 1635 737 1693; x_wconf 90' lang='lat' dir='ltr'><strong>quos</strong></span> <span class='ocrx_word' id='word_1_119' title='bbox 755 1613 805 1673; x_wconf 89' lang='lat' dir='ltr'><strong>isti</strong></span> <span class='ocrx_word' id='word_1_120' title='bbox 824 1614 883 1694; x_wconf 89' lang='lat' dir='ltr'><strong>ipsi</strong></span> <span class='ocrx_word' id='word_1_121' title='bbox 900 1614 980 1673; x_wconf 85' lang='lat' dir='ltr'><strong>cives</strong></span> <span class='ocrx_word' id='word_1_122' title='bbox 999 1624 1067 1674; x_wconf 84' lang='lat' dir='ltr'><strong>esse&#39;</strong></span> <span class='ocrx_word' id='word_1_123' title='bbox 1083 1618 1262 1696; x_wconf 70' lang='lat' dir='ltr'><strong>pronuntia·-</strong></span> 
     </span>
     <span class='ocr_line' id='line_1_16' title="bbox 95 1695 1331 1781; baseline 0 -19"><span class='ocrx_word' id='word_1_124' title='bbox 95 1716 180 1775; x_wconf 84' lang='lat' dir='ltr'><strong>runt,</strong></span> <span class='ocrx_word' id='word_1_125' title='bbox 199 1725 251 1781; x_wconf 83' lang='lat' dir='ltr'><strong>qut</strong></span> <span class='ocrx_word' id='word_1_126' title='bbox 242 1701 480 1772; x_wconf 88' lang='lat' dir='ltr'><strong>testificantur,</strong></span> <span class='ocrx_word' id='word_1_127' title='bbox 499 1723 567 1760; x_wconf 88' lang='lat' dir='ltr'><strong>eum</strong></span> <span class='ocrx_word' id='word_1_128' title='bbox 587 1721 674 1758; x_wconf 88' lang='lat' dir='ltr'><strong>suum</strong></span> <span class='ocrx_word' id='word_1_129' title='bbox 693 1698 793 1756; x_wconf 81' lang='lat' dir='ltr'><strong>luisse</strong></span> <span class='ocrx_word' id='word_1_130' title='bbox 805 1699 1029 1760; x_wconf 85' lang='lat' dir='ltr'><strong>consobrinum.</strong></span> <span class='ocrx_word' id='word_1_131' title='bbox 1060 1695 1191 1761; x_wconf 81' lang='lat' dir='ltr'><strong>Constat</strong></span> <span class='ocrx_word' id='word_1_132' title='bbox 1209 1724 1262 1762; x_wconf 86' lang='lat' dir='ltr'><strong>au·</strong></span> <span class='ocrx_word' id='word_1_133' title='bbox 1324 1726 1331 1735; x_wconf 85' lang='lat'>·</span> 
     </span>
     <span class='ocr_line' id='line_1_17' title="bbox 87 1783 1264 1866; baseline -0.001 -19"><span class='ocrx_word' id='word_1_134' title='bbox 87 1801 179 1859; x_wconf 69' lang='lat' dir='ltr'><strong>⁴tem,</strong></span> <span class='ocrx_word' id='word_1_135' title='bbox 213 1808 281 1844; x_wconf 86' lang='lat' dir='ltr'><strong>eum</strong></span> <span class='ocrx_word' id='word_1_136' title='bbox 299 1797 347 1844; x_wconf 92' lang='lat' dir='ltr'><strong>tot</strong></span> <span class='ocrx_word' id='word_1_137' title='bbox 365 1797 395 1843; x_wconf 88' lang='lat' dir='ltr'><strong>et</strong></span> <span class='ocrx_word' id='word_1_138' title='bbox 413 1798 460 1844; x_wconf 91' lang='lat' dir='ltr'><strong>tot</strong></span> <span class='ocrx_word' id='word_1_139' title='bbox 477 1790 572 1844; x_wconf 85' lang='lat' dir='ltr'><strong>annos</strong></span> <span class='ocrx_word' id='word_1_140' title='bbox 591 1784 640 1843; x_wconf 92' lang='lat' dir='ltr'><strong>bic</strong></span> <span class='ocrx_word' id='word_1_141' title='bbox 659 1783 768 1842; x_wconf 83' lang='lat' dir='ltr'><strong>vixisse</strong></span> <span class='ocrx_word' id='word_1_142' title='bbox 786 1796 818 1842; x_wconf 92' lang='lat' dir='ltr'><strong>et</strong></span> <span class='ocrx_word' id='word_1_143' title='bbox 835 1806 988 1862; x_wconf 87' lang='lat' dir='ltr'><strong>uunquam</strong></span> <span class='ocrx_word' id='word_1_144' title='bbox 1007 1806 1136 1866; x_wconf 84' lang='lat' dir='ltr'><strong>usquam</strong></span> <span class='ocrx_word' id='word_1_145' title='bbox 1153 1799 1189 1846; x_wconf 88' lang='lat' dir='ltr'><strong>ut</strong></span> <span class='ocrx_word' id='word_1_146' title='bbox 1206 1785 1264 1846; x_wconf 91' lang='lat' dir='ltr'><strong>bo·</strong></span> 
     </span>
     <span class='ocr_line' id='line_1_18' title="bbox 98 1867 1264 1971; baseline -0.001 -41"><span class='ocrx_word' id='word_1_147' title='bbox 98 1873 207 1952; x_wconf 88' lang='lat' dir='ltr'><strong>spitem</strong></span> <span class='ocrx_word' id='word_1_148' title='bbox 227 1892 292 1929; x_wconf 89' lang='lat' dir='ltr'><strong>esse</strong></span> <span class='ocrx_word' id='word_1_149' title='bbox 312 1869 549 1949; x_wconf 83' lang='lat' dir='ltr'><strong>deprehensum:</strong></span> <span class='ocrx_word' id='word_1_150' title='bbox 567 1871 620 1928; x_wconf 91' lang='lat' dir='ltr'><strong>sed</strong></span> <span class='ocrx_word' id='word_1_151' title='bbox 633 1870 677 1928; x_wconf 93' lang='lat' dir='ltr'><strong>ad</strong></span> <span class='ocrx_word' id='word_1_152' title='bbox 683 1867 739 1926; x_wconf 91' lang='lat' dir='ltr'><strong>bos</strong></span> <span class='ocrx_word' id='word_1_153' title='bbox 751 1881 897 1949; x_wconf 85' lang='lat' dir='ltr'><strong>cognatos</strong></span> <span class='ocrx_word' id='word_1_154' title='bbox 916 1891 988 1928; x_wconf 91' lang='lat' dir='ltr'><strong>suos</strong></span> <span class='ocrx_word' id='word_1_155' title='bbox 1007 1869 1192 1952; x_wconf 77' lang='lat' dir='ltr'><strong>confugisse,</strong></span> <span class='ocrx_word' id='word_1_156' title='bbox 1210 1869 1264 1971; x_wconf 68' lang='lat' dir='ltr'><strong>qul</strong></span> 
     </span>
     <span class='ocr_line' id='line_1_19' title="bbox 98 1944 1265 2052; baseline -0.001 -36"><span class='ocrx_word' id='word_1_157' title='bbox 98 1979 169 2016; x_wconf 88' lang='lat' dir='ltr'><strong>eum</strong></span> <span class='ocrx_word' id='word_1_158' title='bbox 195 1969 226 2015; x_wconf 89' lang='lat' dir='ltr'><strong>et</strong></span> <span class='ocrx_word' id='word_1_159' title='bbox 249 1967 441 2034; x_wconf 88' lang='lat' dir='ltr'><strong>receperunt,</strong></span> <span class='ocrx_word' id='word_1_160' title='bbox 463 1967 498 2013; x_wconf 91' lang='lat' dir='ltr'><strong>et</strong></span> <span class='ocrx_word' id='word_1_161' title='bbox 523 1944 681 2014; x_wconf 80' lang='lat' dir='ltr'><strong>facultates</strong></span> <span class='ocrx_word' id='word_1_162' title='bbox 704 1952 745 2011; x_wconf 91' lang='lat' dir='ltr'><strong>ei</strong></span> <span class='ocrx_word' id='word_1_163' title='bbox 756 1952 971 2052; x_wconf 81' lang='lat' dir='ltr'><strong>impertierunt</strong></span> <span class='ocrx_word' id='word_1_164' title='bbox 995 1966 1030 2012; x_wconf 90' lang='lat' dir='ltr'><strong>ut</strong></span> <span class='ocrx_word' id='word_1_165' title='bbox 1051 1973 1178 2014; x_wconf 84' lang='lat' dir='ltr'><strong>suorum</strong></span> <span class='ocrx_word' id='word_1_166' title='bbox 1201 1955 1265 2015; x_wconf 86' lang='lat' dir='ltr'><strong>uni.</strong></span> 
     </span>
     <span class='ocr_line' id='line_1_20' title="bbox 97 2037 1265 2120; baseline 0.001 -21"><span class='ocrx_word' id='word_1_167' title='bbox 97 2041 137 2099; x_wconf 92' lang='lat' dir='ltr'><strong>lis</strong></span> <span class='ocrx_word' id='word_1_168' title='bbox 163 2061 255 2120; x_wconf 86' lang='lat' dir='ltr'><strong>porro</strong></span> <span class='ocrx_word' id='word_1_169' title='bbox 280 2039 468 2118; x_wconf 88' lang='lat' dir='ltr'><strong>temporibus</strong></span> <span class='ocrx_word' id='word_1_170' title='bbox 495 2052 583 2098; x_wconf 90' lang='lat' dir='ltr'><strong>natus</strong></span> <span class='ocrx_word' id='word_1_171' title='bbox 608 2038 691 2111; x_wconf 83' lang='lat' dir='ltr'><strong>luit,</strong></span> <span class='ocrx_word' id='word_1_172' title='bbox 716 2050 766 2103; x_wconf 86' lang='lat' dir='ltr'><strong>ut,</strong></span> <span class='ocrx_word' id='word_1_173' title='bbox 803 2037 919 2108; x_wconf 85' lang='lat' dir='ltr'><strong>etiamsi</strong></span> <span class='ocrx_word' id='word_1_174' title='bbox 945 2061 980 2098; x_wconf 82' lang='lat' dir='ltr'><strong>ex</strong></span> <span class='ocrx_word' id='word_1_175' title='bbox 1004 2038 1096 2097; x_wconf 86' lang='lat' dir='ltr'><strong>altera</strong></span> <span class='ocrx_word' id='word_1_176' title='bbox 1121 2040 1265 2100; x_wconf 78' lang='lat' dir='ltr'><strong>duntaxat</strong></span> 
     </span>
     <span class='ocr_line' id='line_1_21' title="bbox 82 2114 1264 2206; baseline -0.001 -22"><span class='ocrx_word' id='word_1_177' title='bbox 82 2132 183 2206; x_wconf 77' lang='lat' dir='ltr'><strong>‘parte</strong></span> <span class='ocrx_word' id='word_1_178' title='bbox 202 2124 274 2183; x_wconf 87' lang='lat' dir='ltr'><strong>civis</strong></span> <span class='ocrx_word' id='word_1_179' title='bbox 292 2123 415 2195; x_wconf 87' lang='lat' dir='ltr'><strong>fuisset,</strong></span> <span class='ocrx_word' id='word_1_180' title='bbox 448 2123 542 2182; x_wconf 68' lang='lat' dir='ltr'><strong>ciuem</strong></span> <span class='ocrx_word' id='word_1_181' title='bbox 563 2145 631 2182; x_wconf 87' lang='lat' dir='ltr'><strong>eum</strong></span> <span class='ocrx_word' id='word_1_182' title='bbox 651 2121 755 2181; x_wconf 85' lang='lat' dir='ltr'><strong>haberi</strong></span> <span class='ocrx_word' id='word_1_183' title='bbox 768 2114 965 2181; x_wconf 78' lang='lat' dir='ltr'><strong>conueniret:</strong></span> <span class='ocrx_word' id='word_1_184' title='bbox 1000 2145 1068 2182; x_wconf 88' lang='lat' dir='ltr'><strong>eum</strong></span> <span class='ocrx_word' id='word_1_185' title='bbox 1087 2119 1174 2182; x_wconf 82' lang='lat' dir='ltr'><strong>natus</strong></span> <span class='ocrx_word' id='word_1_186' title='bbox 1193 2137 1264 2184; x_wconf 86' lang='lat' dir='ltr'><strong>ante</strong></span> 
     </span>
     <span class='ocr_line' id='line_1_22' title="bbox 98 2203 1264 2298; baseline -0.001 -29"><span class='ocrx_word' id='word_1_187' title='bbox 98 2209 260 2289; x_wconf 78' lang='lat' dir='ltr'><strong>Euclidem</strong></span> <span class='ocrx_word' id='word_1_188' title='bbox 279 2207 378 2266; x_wconf 87' lang='lat' dir='ltr'><strong>suerit.</strong></span> <span class='ocrx_word' id='word_1_189' title='bbox 413 2206 473 2265; x_wconf 87' lang='lat' dir='ltr'><strong>De</strong></span> <span class='ocrx_word' id='word_1_190' title='bbox 485 2220 579 2266; x_wconf 89' lang='lat' dir='ltr'><strong>matre</strong></span> <span class='ocrx_word' id='word_1_191' title='bbox 602 2219 702 2265; x_wconf 87' lang='lat' dir='ltr'><strong>autem</strong></span> <span class='ocrx_word' id='word_1_192' title='bbox 726 2226 791 2264; x_wconf 90' lang='lat' dir='ltr'><strong>mea</strong></span> <span class='ocrx_word' id='word_1_193' title='bbox 817 2203 900 2287; x_wconf 86' lang='lat' dir='ltr'><strong>(nam</strong></span> <span class='ocrx_word' id='word_1_194' title='bbox 919 2217 950 2264; x_wconf 88' lang='lat' dir='ltr'><strong>et</strong></span> <span class='ocrx_word' id='word_1_195' title='bbox 966 2204 1043 2265; x_wconf 88' lang='lat' dir='ltr'><strong>bane</strong></span> <span class='ocrx_word' id='word_1_196' title='bbox 1062 2206 1264 2298; x_wconf 83' lang='lat' dir='ltr'><strong>exagitarunt)</strong></span> 
     </span>
     <span class='ocr_line' id='line_1_23' title="bbox 98 2281 1264 2368; baseline -0.002 -15"><span class='ocrx_word' id='word_1_197' title='bbox 98 2295 157 2355; x_wconf 89' lang='lat' dir='ltr'><strong>iam</strong></span> <span class='ocrx_word' id='word_1_198' title='bbox 175 2281 269 2352; x_wconf 76' lang='lat' dir='ltr'><strong>dicam</strong></span> <span class='ocrx_word' id='word_1_199' title='bbox 290 2305 321 2351; x_wconf 89' lang='lat' dir='ltr'><strong>et</strong></span> <span class='ocrx_word' id='word_1_200' title='bbox 338 2291 483 2351; x_wconf 85' lang='lat' dir='ltr'><strong>orationis</strong></span> <span class='ocrx_word' id='word_1_201' title='bbox 502 2300 587 2350; x_wconf 85' lang='lat' dir='ltr'><strong>meae</strong></span> <span class='ocrx_word' id='word_1_202' title='bbox 596 2290 705 2350; x_wconf 85' lang='lat' dir='ltr'><strong>citabo</strong></span> <span class='ocrx_word' id='word_1_203' title='bbox 723 2302 840 2349; x_wconf 88' lang='lat' dir='ltr'><strong>testes·</strong></span> <span class='ocrx_word' id='word_1_204' title='bbox 840 2291 987 2368; x_wconf 86' lang='lat' dir='ltr'><strong>quamvis</strong></span> <span class='ocrx_word' id='word_1_205' title='bbox 1001 2310 1064 2349; x_wconf 91' lang='lat' dir='ltr'><strong>non</strong></span> <span class='ocrx_word' id='word_1_206' title='bbox 1080 2291 1174 2350; x_wconf 89' lang='lat' dir='ltr'><strong>modo</strong></span> <span class='ocrx_word' id='word_1_207' title='bbox 1189 2306 1264 2351; x_wconf 58' lang='lat' dir='ltr'><strong>conss</strong></span> 
     </span>
     <span class='ocr_line' id='line_1_24' title="bbox 98 2365 1264 2455; baseline -0.002 -16"><span class='ocrx_word' id='word_1_208' title='bbox 98 2392 144 2440; x_wconf 88' lang='lat' dir='ltr'><strong>tra</strong></span> <span class='ocrx_word' id='word_1_209' title='bbox 162 2380 280 2437; x_wconf 86' lang='lat' dir='ltr'><strong>decreta</strong></span> <span class='ocrx_word' id='word_1_210' title='bbox 298 2377 450 2434; x_wconf 83' lang='lat' dir='ltr'><strong>sorensem</strong></span> <span class='ocrx_word' id='word_1_211' title='bbox 467 2388 624 2455; x_wconf 88' lang='lat' dir='ltr'><strong>quaestum</strong></span> <span class='ocrx_word' id='word_1_212' title='bbox 642 2365 732 2434; x_wconf 88' lang='lat' dir='ltr'><strong>nobis</strong></span> <span class='ocrx_word' id='word_1_213' title='bbox 747 2373 895 2434; x_wconf 90' lang='lat' dir='ltr'><strong>obiecerit</strong></span> <span class='ocrx_word' id='word_1_214' title='bbox 907 2374 1086 2448; x_wconf 84' lang='lat' dir='ltr'><strong>Eubulides,</strong></span> <span class='ocrx_word' id='word_1_215' title='bbox 1103 2376 1264 2437; x_wconf 87' lang='lat' dir='ltr'><strong>sedetiam</strong></span> 
     </span>
     <span class='ocr_line' id='line_1_25' title="bbox 100 2459 1264 2543; baseline 0 -22"><span class='ocrx_word' id='word_1_216' title='bbox 100 2476 205 2525; x_wconf 85' lang='lat' dir='ltr'><strong>contra</strong></span> <span class='ocrx_word' id='word_1_217' title='bbox 224 2463 323 2543; x_wconf 80' lang='lat' dir='ltr'><strong>leges,</strong></span> <span class='ocrx_word' id='word_1_218' title='bbox 352 2481 428 2540; x_wconf 89' lang='lat' dir='ltr'><strong>quae</strong></span> <span class='ocrx_word' id='word_1_219' title='bbox 448 2462 578 2521; x_wconf 87' lang='lat' dir='ltr'><strong>convicii</strong></span> <span class='ocrx_word' id='word_1_220' title='bbox 596 2460 721 2542; x_wconf 88' lang='lat' dir='ltr'><strong>crimine</strong></span> <span class='ocrx_word' id='word_1_221' title='bbox 740 2459 838 2519; x_wconf 88' lang='lat' dir='ltr'><strong>teneri</strong></span> <span class='ocrx_word' id='word_1_222' title='bbox 857 2459 964 2519; x_wconf 89' lang='lat' dir='ltr'><strong>iubent</strong></span> <span class='ocrx_word' id='word_1_223' title='bbox 982 2481 1069 2532; x_wconf 87' lang='lat' dir='ltr'><strong>eum,</strong></span> <span class='ocrx_word' id='word_1_224' title='bbox 1097 2459 1150 2540; x_wconf 85' lang='lat' dir='ltr'><strong>qni</strong></span> <span class='ocrx_word' id='word_1_225' title='bbox 1169 2481 1264 2540; x_wconf 82' lang='lat' dir='ltr'><strong>quae</strong></span> 
     </span>
     <span class='ocr_line' id='line_1_26' title="bbox 99 2543 1280 2645; baseline -0.002 -38"><span class='ocrx_word' id='word_1_226' title='bbox 99 2562 180 2608; x_wconf 90' lang='lat' dir='ltr'><strong>stum</strong></span> <span class='ocrx_word' id='word_1_227' title='bbox 199 2548 229 2606; x_wconf 93' lang='lat' dir='ltr'><strong>in</strong></span> <span class='ocrx_word' id='word_1_228' title='bbox 248 2548 316 2605; x_wconf 84' lang='lat' dir='ltr'><strong>foro</strong></span> <span class='ocrx_word' id='word_1_229' title='bbox 335 2546 435 2604; x_wconf 89' lang='lat' dir='ltr'><strong>ulli</strong></span> <span class='ocrx_word' id='word_1_230' title='bbox 406 2546 537 2618; x_wconf 80' lang='lat' dir='ltr'><strong>cuium,</strong></span> <span class='ocrx_word' id='word_1_231' title='bbox 563 2566 616 2604; x_wconf 89' lang='lat' dir='ltr'><strong>scu</strong></span> <span class='ocrx_word' id='word_1_232' title='bbox 637 2545 718 2617; x_wconf 85' lang='lat' dir='ltr'><strong>viro,</strong></span> <span class='ocrx_word' id='word_1_233' title='bbox 743 2564 795 2607; x_wconf 88' lang='lat' dir='ltr'><strong>seu</strong></span> <span class='ocrx_word' id='word_1_234' title='bbox 816 2543 953 2645; x_wconf 83' lang='lat' dir='ltr'><strong>mulieri,</strong></span> <span class='ocrx_word' id='word_1_235' title='bbox 974 2545 1156 2625; x_wconf 74' lang='grc' dir='ltr'><strong>ειΡιοΙιιιιίι</strong></span> <span class='ocrx_word' id='word_1_236' title='bbox 1199 2545 1280 2617; x_wconf 84' lang='lat' dir='ltr'><strong>Nos·</strong></span> 
     </span>
     <span class='ocr_line' id='line_1_27' title="bbox 99 2613 1265 2702; baseline -0.002 -10"><span class='ocrx_word' id='word_1_237' title='bbox 99 2654 172 2692; x_wconf 85' lang='lat' dir='ltr'><strong>vero</strong></span> <span class='ocrx_word' id='word_1_238' title='bbox 191 2633 337 2702; x_wconf 82' lang='lat' dir='ltr'><strong>fatemur,</strong></span> <span class='ocrx_word' id='word_1_239' title='bbox 366 2643 397 2689; x_wconf 91' lang='lat' dir='ltr'><strong>et</strong></span> <span class='ocrx_word' id='word_1_240' title='bbox 414 2631 518 2689; x_wconf 80' lang='lat' dir='ltr'><strong>fascias</strong></span> <span class='ocrx_word' id='word_1_241' title='bbox 537 2621 668 2689; x_wconf 67' lang='lat' dir='ltr'><strong>tendere</strong></span> <span class='ocrx_word' id='word_1_242' title='bbox 688 2650 743 2688; x_wconf 88' lang='lat' dir='ltr'><strong>nos</strong></span> <span class='ocrx_word' id='word_1_243' title='bbox 763 2640 794 2688; x_wconf 91' lang='lat' dir='ltr'><strong>et</strong></span> <span class='ocrx_word' id='word_1_244' title='bbox 811 2629 946 2688; x_wconf 83' lang='lat' dir='ltr'><strong>victitare</strong></span> <span class='ocrx_word' id='word_1_245' title='bbox 960 2641 1030 2690; x_wconf 86' lang='lat' dir='ltr'><strong>non</strong></span> <span class='ocrx_word' id='word_1_246' title='bbox 1053 2629 1100 2688; x_wconf 89' lang='lat' dir='ltr'><strong>uti</strong></span> <span class='ocrx_word' id='word_1_247' title='bbox 1117 2613 1265 2689; x_wconf 62' lang='lat' dir='ltr'><strong>nolumus</strong></span> 
     </span>
     <span class='ocr_line' id='line_1_28' title="bbox 100 2713 1265 2816; baseline -0.003 -40"><span class='ocrx_word' id='word_1_248' title='bbox 100 2718 221 2816; x_wconf 85' lang='lat' dir='ltr'><strong>Quodsi</strong></span> <span class='ocrx_word' id='word_1_249' title='bbox 245 2716 301 2775; x_wconf 85' lang='lat' dir='ltr'><strong>tibi</strong></span> <span class='ocrx_word' id='word_1_250' title='bbox 328 2728 505 2796; x_wconf 83' lang='lat' dir='ltr'><strong>argumento</strong></span> <span class='ocrx_word' id='word_1_251' title='bbox 533 2728 594 2786; x_wconf 87' lang='lat' dir='ltr'><strong>est,</strong></span> <span class='ocrx_word' id='word_1_252' title='bbox 622 2736 679 2773; x_wconf 89' lang='lat' dir='ltr'><strong>nos</strong></span> <span class='ocrx_word' id='word_1_253' title='bbox 706 2734 768 2772; x_wconf 92' lang='lat' dir='ltr'><strong>uon</strong></span> <span class='ocrx_word' id='word_1_254' title='bbox 794 2718 858 2772; x_wconf 85' lang='lat' dir='ltr'><strong>esse</strong></span> <span class='ocrx_word' id='word_1_255' title='bbox 884 2715 980 2772; x_wconf 73' lang='lat' dir='ltr'><strong>circs</strong></span> <span class='ocrx_word' id='word_1_256' title='bbox 1009 2734 1068 2794; x_wconf 86' lang='lat' dir='ltr'><strong>ego</strong></span> <span class='ocrx_word' id='word_1_257' title='bbox 1093 2713 1150 2772; x_wconf 90' lang='lat' dir='ltr'><strong>tibi</strong></span> <span class='ocrx_word' id='word_1_258' title='bbox 1174 2714 1265 2774; x_wconf 82' lang='lat' dir='ltr'><strong>buius</strong></span> 
     </span>
     <span class='ocr_line' id='line_1_29' title="bbox 100 2779 1265 2898; baseline -0.002 -37"><span class='ocrx_word' id='word_1_259' title='bbox 100 2803 227 2862; x_wconf 91' lang='lat' dir='ltr'><strong>omnino</strong></span> <span class='ocrx_word' id='word_1_260' title='bbox 252 2801 436 2859; x_wconf 87' lang='lat' dir='ltr'><strong>contrarium</strong></span> <span class='ocrx_word' id='word_1_261' title='bbox 456 2800 610 2880; x_wconf 81' lang='lat' dir='ltr'><strong>probabo,</strong></span> <span class='ocrx_word' id='word_1_262' title='bbox 634 2821 696 2858; x_wconf 92' lang='lat' dir='ltr'><strong>non</strong></span> <span class='ocrx_word' id='word_1_263' title='bbox 722 2779 833 2857; x_wconf 89' lang='lat' dir='ltr'><strong>licere</strong></span> <span class='ocrx_word' id='word_1_264' title='bbox 830 2790 1003 2898; x_wconf 82' lang='lat' dir='ltr'><strong>peregrino</strong></span> <span class='ocrx_word' id='word_1_265' title='bbox 1024 2798 1057 2858; x_wconf 89' lang='lat' dir='ltr'><strong>in</strong></span> <span class='ocrx_word' id='word_1_266' title='bbox 1079 2797 1148 2858; x_wconf 86' lang='lat' dir='ltr'><strong>foro</strong></span> <span class='ocrx_word' id='word_1_267' title='bbox 1170 2818 1265 2878; x_wconf 86' lang='lat' dir='ltr'><strong>quae·</strong></span> 
     </span>
     <span class='ocr_line' id='line_1_30' title="bbox 100 2880 1122 2965; baseline -0.005 -19"><span class='ocrx_word' id='word_1_268' title='bbox 100 2901 180 2948; x_wconf 91' lang='lat' dir='ltr'><strong>stum</strong></span> <span class='ocrx_word' id='word_1_269' title='bbox 198 2887 304 2945; x_wconf 89' lang='lat' dir='ltr'><strong>lacere.</strong></span> <span class='ocrx_word' id='word_1_270' title='bbox 340 2881 419 2965; x_wconf 87' lang='lat' dir='ltr'><strong>Cape</strong></span> <span class='ocrx_word' id='word_1_271' title='bbox 443 2885 573 2964; x_wconf 89' lang='lat' dir='ltr'><strong>primum</strong></span> <span class='ocrx_word' id='word_1_272' title='bbox 592 2906 625 2943; x_wconf 88' lang='lat' dir='ltr'><strong>ae</strong></span> <span class='ocrx_word' id='word_1_273' title='bbox 644 2884 711 2965; x_wconf 82' lang='lat' dir='ltr'><strong>lege</strong></span> <span class='ocrx_word' id='word_1_274' title='bbox 731 2883 804 2942; x_wconf 90' lang='lat' dir='ltr'><strong>mibi</strong></span> <span class='ocrx_word' id='word_1_275' title='bbox 822 2880 946 2943; x_wconf 87' lang='lat' dir='ltr'><strong>Solonis</strong></span> <span class='ocrx_word' id='word_1_276' title='bbox 964 2883 1096 2965; x_wconf 86' lang='lat' dir='ltr'><strong>legem.</strong></span> <span class='ocrx_word' id='word_1_277' title='bbox 1119 2887 1122 2893; x_wconf 84' lang='lat'>&#39;</span> 
     </span>
    </p>
   </div>
   <div class='ocr_carea' id='block_1_8' title="bbox 187 3032 1266 3216">
    <p class='ocr_par' dir='ltr' id='par_1_8' title="bbox 187 3032 1266 3216">
     <span class='ocr_line' id='line_1_31' title="bbox 629 3032 741 3076; baseline 0.009 -1"><span class='ocrx_word' id='word_1_278' title='bbox 629 3034 648 3075; x_wconf 78' lang='grc' dir='ltr'><strong>ι</strong></span> <span class='ocrx_word' id='word_1_279' title='bbox 666 3032 685 3075; x_wconf 82' lang='grc' dir='ltr'>Ε</span> <span class='ocrx_word' id='word_1_280' title='bbox 704 3033 741 3076; x_wconf 87' lang='lat' dir='ltr'><strong>x.</strong></span> 
     </span>
     <span class='ocr_line' id='line_1_32' title="bbox 187 3118 1266 3216; baseline 0.003 -22"><span class='ocrx_word' id='word_1_281' title='bbox 187 3134 268 3216; x_wconf 89' lang='lat' dir='ltr'><strong>Cape</strong></span> <span class='ocrx_word' id='word_1_282' title='bbox 287 3136 376 3197; x_wconf 87' lang='lat' dir='ltr'><strong>etiam</strong></span> <span class='ocrx_word' id='word_1_283' title='bbox 395 3135 624 3216; x_wconf 84' lang='lat' dir='ltr'><strong>Aristophoutis</strong></span> <span class='ocrx_word' id='word_1_284' title='bbox 649 3134 755 3216; x_wconf 83' lang='lat' dir='ltr'><strong>legem.</strong></span> <span class='ocrx_word' id='word_1_285' title='bbox 770 3138 774 3141; x_wconf 73' lang='grc'>’</span> <span class='ocrx_word' id='word_1_286' title='bbox 790 3137 822 3192; x_wconf 82' lang='lat' dir='ltr'><strong>ls</strong></span> <span class='ocrx_word' id='word_1_287' title='bbox 842 3134 922 3192; x_wconf 89' lang='lat' dir='ltr'><strong>enim</strong></span> <span class='ocrx_word' id='word_1_288' title='bbox 948 3154 1012 3194; x_wconf 88' lang='lat' dir='ltr'><strong>eam</strong></span> <span class='ocrx_word' id='word_1_289' title='bbox 1035 3135 1111 3194; x_wconf 90' lang='lat' dir='ltr'><strong>adeo</strong></span> <span class='ocrx_word' id='word_1_290' title='bbox 1133 3118 1216 3196; x_wconf 78' lang='lat' dir='ltr'><strong>reete</strong></span> <span class='ocrx_word' id='word_1_291' title='bbox 1235 3149 1266 3197; x_wconf 88' lang='lat' dir='ltr'><strong>et</strong></span> 
     </span>
    </p>
   </div>
   <div class='ocr_carea' id='block_1_9' title="bbox 100 3220 1307 3366">
    <p class='ocr_par' dir='ltr' id='par_1_9' title="bbox 100 3220 1307 3366">
     <span class='ocr_line' id='line_1_33' title="bbox 100 3220 1307 3304; baseline 0 -24"><span class='ocrx_word' id='word_1_292' title='bbox 100 3221 290 3302; x_wconf 84' lang='lat' dir='ltr'><strong>populariter</strong></span> <span class='ocrx_word' id='word_1_293' title='bbox 308 3220 372 3282; x_wconf 80' lang='lat' dir='ltr'><strong>esse</strong></span> <span class='ocrx_word' id='word_1_294' title='bbox 390 3223 478 3304; x_wconf 81' lang='lat' dir='ltr'><strong>latam</strong></span> <span class='ocrx_word' id='word_1_295' title='bbox 498 3221 625 3293; x_wconf 87' lang='lat' dir='ltr'><strong>censuit,</strong></span> <span class='ocrx_word' id='word_1_296' title='bbox 643 3232 678 3278; x_wconf 91' lang='lat' dir='ltr'><strong>nt</strong></span> <span class='ocrx_word' id='word_1_297' title='bbox 694 3220 959 3302; x_wconf 77' lang='lat' dir='ltr'><strong>senatusconsulto</strong></span> <span class='ocrx_word' id='word_1_298' title='bbox 977 3221 1180 3280; x_wconf 88' lang='lat' dir='ltr'><strong>renovandam</strong></span> <span class='ocrx_word' id='word_1_299' title='bbox 1199 3224 1272 3281; x_wconf 74' lang='lat' dir='ltr'><strong>esse</strong></span> <span class='ocrx_word' id='word_1_300' title='bbox 1298 3284 1307 3294; x_wconf 25' lang='grc' dir='ltr'><em>Ι</em></span> 
     </span>
     <span class='ocr_line' id='line_1_34' title="bbox 101 3306 950 3366; baseline -0.009 -1"><span class='ocrx_word' id='word_1_301' title='bbox 101 3306 278 3366; x_wconf 87' lang='lat' dir='ltr'><strong>decreverit</strong></span> <span class='ocrx_word' id='word_1_302' title='bbox 926 3326 932 3336; x_wconf 65' lang='lat'><strong><em>¹</em></strong></span> <span class='ocrx_word' id='word_1_303' title='bbox 947 3330 950 3335; x_wconf 90' lang='lat'><em>·</em></span> 
     </span>
    </p>
   </div>
   <div class='ocr_carea' id='block_1_10' title="bbox 57 3437 1351 4247">
    <p class='ocr_par' dir='ltr' id='par_1_10' title="bbox 57 3437 1351 4232">
     <span class='ocr_line' id='line_1_35' title="bbox 629 3437 1351 3509; baseline 0 -12"><span class='ocrx_word' id='word_1_304' title='bbox 629 3453 741 3499; x_wconf 76' lang='lat' dir='ltr'><strong>iux</strong></span> <span class='ocrx_word' id='word_1_305' title='bbox 968 3503 978 3509; x_wconf 60' lang='grc'>,</span> <span class='ocrx_word' id='word_1_306' title='bbox 1176 3452 1178 3458; x_wconf 92' lang='grc'><strong><em>·</em></strong></span> <span class='ocrx_word' id='word_1_307' title='bbox 1288 3437 1351 3498; x_wconf 80' lang='grc'><strong>334</strong></span> 
     </span>
     <span class='ocr_line' id='line_1_36' title="bbox 187 3540 1267 3641; baseline 0 -23"><span class='ocrx_word' id='word_1_308' title='bbox 187 3560 334 3619; x_wconf 90' lang='lat' dir='ltr'><strong>Tuendae</strong></span> <span class='ocrx_word' id='word_1_309' title='bbox 351 3572 423 3619; x_wconf 88' lang='lat' dir='ltr'><strong>sunt</strong></span> <span class='ocrx_word' id='word_1_310' title='bbox 440 3540 534 3641; x_wconf 80' lang='lat' dir='ltr'><strong>igitur</strong></span> <span class='ocrx_word' id='word_1_311' title='bbox 549 3558 636 3617; x_wconf 85' lang='lat' dir='ltr'><strong>vobis</strong></span> <span class='ocrx_word' id='word_1_312' title='bbox 654 3558 755 3640; x_wconf 82' lang='lat' dir='ltr'><strong>leges:</strong></span> <span class='ocrx_word' id='word_1_313' title='bbox 789 3575 890 3634; x_wconf 92' lang='lat' dir='ltr'><strong>neque</strong></span> <span class='ocrx_word' id='word_1_314' title='bbox 909 3553 949 3628; x_wconf 89' lang='lat' dir='ltr'><strong>ii,</strong></span> <span class='ocrx_word' id='word_1_315' title='bbox 976 3554 1029 3635; x_wconf 90' lang='lat' dir='ltr'><strong>qui</strong></span> <span class='ocrx_word' id='word_1_316' title='bbox 1048 3569 1205 3634; x_wconf 87' lang='lat' dir='ltr'><strong>quaestum</strong></span> <span class='ocrx_word' id='word_1_317' title='bbox 1222 3556 1267 3618; x_wconf 87' lang='lat' dir='ltr'><strong>l&#39;a·</strong></span> 
     </span>
     <span class='ocr_line' id='line_1_37' title="bbox 71 3639 1269 3740; baseline -0.001 -36"><span class='ocrx_word' id='word_1_318' title='bbox 71 3700 80 3710; x_wconf 74' lang='grc'>,</span> <span class='ocrx_word' id='word_1_319' title='bbox 100 3645 198 3716; x_wconf 88' lang='lat' dir='ltr'><strong>ciunt,</strong></span> <span class='ocrx_word' id='word_1_320' title='bbox 217 3643 380 3727; x_wconf 82' lang='lat' dir='ltr'><strong>peregrini,</strong></span> <span class='ocrx_word' id='word_1_321' title='bbox 399 3647 461 3718; x_wconf 90' lang='lat' dir='ltr'><strong>sed,</strong></span> <span class='ocrx_word' id='word_1_322' title='bbox 481 3666 533 3724; x_wconf 81' lang='lat' dir='ltr'><strong>qur</strong></span> <span class='ocrx_word' id='word_1_323' title='bbox 525 3642 782 3713; x_wconf 77' lang='lat' dir='ltr'><strong>calumniantur,</strong></span> <span class='ocrx_word' id='word_1_324' title='bbox 800 3639 932 3740; x_wconf 81' lang='lat' dir='ltr'><strong>improbi</strong></span> <span class='ocrx_word' id='word_1_325' title='bbox 951 3652 1023 3701; x_wconf 88' lang='lat' dir='ltr'><strong>sunt</strong></span> <span class='ocrx_word' id='word_1_326' title='bbox 1041 3639 1179 3703; x_wconf 86' lang='lat' dir='ltr'><strong>habendi.</strong></span> <span class='ocrx_word' id='word_1_327' title='bbox 1213 3644 1269 3703; x_wconf 87' lang='lat' dir='ltr'><strong>Est</strong></span> 
     </span>
     <span class='ocr_line' id='line_1_38' title="bbox 59 3724 1268 3808; baseline -0.002 -19"><span class='ocrx_word' id='word_1_328' title='bbox 59 3754 61 3761; x_wconf 94' lang='lat'>·</span> <span class='ocrx_word' id='word_1_329' title='bbox 82 3738 84 3743; x_wconf 85' lang='lat'>&#39;</span> <span class='ocrx_word' id='word_1_330' title='bbox 103 3729 198 3802; x_wconf 90' lang='lat' dir='ltr'><strong>enim,</strong></span> <span class='ocrx_word' id='word_1_331' title='bbox 214 3728 377 3802; x_wconf 83' lang='lat' dir='ltr'><strong>Eubulide,</strong></span> <span class='ocrx_word' id='word_1_332' title='bbox 396 3730 451 3787; x_wconf 89' lang='lat' dir='ltr'><strong>alia</strong></span> <span class='ocrx_word' id='word_1_333' title='bbox 471 3749 594 3808; x_wconf 92' lang='lat' dir='ltr'><strong>quoque</strong></span> <span class='ocrx_word' id='word_1_334' title='bbox 613 3727 660 3785; x_wconf 90' lang='lat' dir='ltr'><strong>lex</strong></span> <span class='ocrx_word' id='word_1_335' title='bbox 679 3726 743 3785; x_wconf 88' lang='lat' dir='ltr'><strong>de&#39;</strong></span> <span class='ocrx_word' id='word_1_336' title='bbox 735 3726 861 3806; x_wconf 68' lang='lat' dir='ltr'><strong>ignavia,</strong></span> <span class='ocrx_word' id='word_1_337' title='bbox 881 3724 928 3783; x_wconf 90' lang='lat' dir='ltr'><strong>cui</strong></span> <span class='ocrx_word' id='word_1_338' title='bbox 948 3746 1016 3785; x_wconf 89' lang='lat' dir='ltr'><strong>cum</strong></span> <span class='ocrx_word' id='word_1_339' title='bbox 1022 3725 1099 3808; x_wconf 88' lang='lat' dir='ltr'><strong>ipse</strong></span> <span class='ocrx_word' id='word_1_340' title='bbox 1118 3725 1268 3803; x_wconf 84' lang='lat' dir='ltr'><strong>obnoxius</strong></span> 
     </span>
     <span class='ocr_line' id='line_1_39' title="bbox 58 3811 1269 3897; baseline -0.003 -23"><span class='ocrx_word' id='word_1_341' title='bbox 58 3817 64 3822; x_wconf 78' lang='grc'><em>“</em></span> <span class='ocrx_word' id='word_1_342' title='bbox 103 3815 174 3887; x_wconf 84' lang='lat' dir='ltr'><strong>sis,</strong></span> <span class='ocrx_word' id='word_1_343' title='bbox 184 3833 258 3886; x_wconf 90' lang='lat' dir='ltr'><strong>nos,</strong></span> <span class='ocrx_word' id='word_1_344' title='bbox 278 3816 329 3892; x_wconf 94' lang='lat' dir='ltr'><strong>qui</strong></span> <span class='ocrx_word' id='word_1_345' title='bbox 349 3814 586 3912; x_wconf 34' lang='lat' dir='ltr'><strong>opus-iacimus,</strong></span> <span class='ocrx_word' id='word_1_346' title='bbox 606 3811 743 3892; x_wconf 82' lang='lat' dir='ltr'><strong>exagitas.</strong></span> <span class='ocrx_word' id='word_1_347' title='bbox 779 3813 892 3868; x_wconf 82' lang='lat' dir='ltr'><strong>Verum</strong></span> <span class='ocrx_word' id='word_1_348' title='bbox 912 3829 1109 3888; x_wconf 87' lang='lat' dir='ltr'><strong>nuncusque</strong></span> <span class='ocrx_word' id='word_1_349' title='bbox 1128 3811 1269 3871; x_wconf 86' lang='lat' dir='ltr'><strong>adeom</strong></span> 
     </span>
     <span class='ocr_line' id='line_1_40' title="bbox 103 3855 1270 3974; baseline -0.003 -15"><span class='ocrx_word' id='word_1_350' title='bbox 103 3899 208 3959; x_wconf 79' lang='lat' dir='ltr'><strong>felices</strong></span> <span class='ocrx_word' id='word_1_351' title='bbox 228 3903 347 3971; x_wconf 86' lang='lat' dir='ltr'><strong>sumus,</strong></span> <span class='ocrx_word' id='word_1_352' title='bbox 372 3912 408 3958; x_wconf 92' lang='lat' dir='ltr'><strong>ut</strong></span> <span class='ocrx_word' id='word_1_353' title='bbox 431 3899 482 3956; x_wconf 89' lang='lat' dir='ltr'><strong>isti</strong></span> <span class='ocrx_word' id='word_1_354' title='bbox 494 3855 596 3957; x_wconf 90' lang='lat' dir='ltr'><strong>liceat</strong></span> <span class='ocrx_word' id='word_1_355' title='bbox 614 3909 695 3954; x_wconf 82' lang='lat' dir='ltr'><strong>extra</strong></span> <span class='ocrx_word' id='word_1_356' title='bbox 715 3915 831 3954; x_wconf 88' lang='lat' dir='ltr'><strong>causam</strong></span> <span class='ocrx_word' id='word_1_357' title='bbox 857 3892 1035 3964; x_wconf 83' lang='lat' dir='ltr'><strong>conviciari,</strong></span> <span class='ocrx_word' id='word_1_358' title='bbox 1059 3907 1150 3974; x_wconf 92' lang='lat' dir='ltr'><strong>atque</strong></span> <span class='ocrx_word' id='word_1_359' title='bbox 1168 3895 1270 3956; x_wconf 88' lang='lat' dir='ltr'><strong>omnia</strong></span> 
     </span>
     <span class='ocr_line' id='line_1_41' title="bbox 103 3976 1270 4082; baseline -0.003 -39"><span class='ocrx_word' id='word_1_360' title='bbox 103 3984 224 4082; x_wconf 64' lang='lat' dir='ltr'><strong>facere,</strong></span> <span class='ocrx_word' id='word_1_361' title='bbox 238 4005 276 4043; x_wconf 90' lang='lat' dir='ltr'><strong>ne</strong></span> <span class='ocrx_word' id='word_1_362' title='bbox 295 4005 395 4043; x_wconf 88' lang='lat' dir='ltr'><strong>mcum</strong></span> <span class='ocrx_word' id='word_1_363' title='bbox 414 3982 516 4041; x_wconf 83' lang='grc' dir='ltr'><strong>ιιιὶΙιὶ</strong></span> <span class='ocrx_word' id='word_1_364' title='bbox 507 3989 555 4042; x_wconf 82' lang='lat' dir='ltr'><strong>rus&#39;</strong></span> <span class='ocrx_word' id='word_1_365' title='bbox 572 3976 769 4042; x_wconf 67' lang='lat' dir='ltr'><strong>tribuaturi&#39;</strong></span> <span class='ocrx_word' id='word_1_366' title='bbox 764 4000 812 4039; x_wconf 89' lang='lat' dir='ltr'><strong>me</strong></span> <span class='ocrx_word' id='word_1_367' title='bbox 830 3991 930 4039; x_wconf 87' lang='lat' dir='ltr'><strong>antem</strong></span> <span class='ocrx_word' id='word_1_368' title='bbox 948 3976 1076 4038; x_wconf 80' lang='lat' dir='ltr'><strong>fortasse</strong></span> <span class='ocrx_word' id='word_1_369' title='bbox 1094 3979 1270 4071; x_wconf 84' lang='lat' dir='ltr'><strong>obiurgabi</strong></span> 
     </span>
     <span class='ocr_line' id='line_1_42' title="bbox 104 4061 1333 4166; baseline -0.002 -39"><span class='ocrx_word' id='word_1_370' title='bbox 104 4069 181 4140; x_wconf 90' lang='lat' dir='ltr'><strong>tis,</strong></span> <span class='ocrx_word' id='word_1_371' title='bbox 200 4068 225 4126; x_wconf 89' lang='lat' dir='ltr'><strong>si</strong></span> <span class='ocrx_word' id='word_1_372' title='bbox 244 4069 365 4142; x_wconf 85' lang='lat' dir='ltr'><strong>dixero,</strong></span> <span class='ocrx_word' id='word_1_373' title='bbox 401 4064 683 4166; x_wconf 85' lang='lat' dir='ltr'><strong>quemadmodum&#39;</strong></span> <span class='ocrx_word' id='word_1_374' title='bbox 673 4077 731 4124; x_wconf 79' lang='lat' dir='ltr'><strong>iste</strong></span> <span class='ocrx_word' id='word_1_375' title='bbox 750 4063 791 4122; x_wconf 91' lang='lat' dir='ltr'><strong>in</strong></span> <span class='ocrx_word' id='word_1_376' title='bbox 799 4062 920 4123; x_wconf 86' lang='lat' dir='ltr'><strong>urbe</strong></span> <span class='ocrx_word' id='word_1_377' title='bbox 894 4061 1073 4122; x_wconf 78' lang='lat' dir='ltr'><strong>circumiens</strong></span> <span class='ocrx_word' id='word_1_378' title='bbox 1090 4084 1154 4125; x_wconf 89' lang='lat' dir='ltr'><strong>rem</strong></span> <span class='ocrx_word' id='word_1_379' title='bbox 1172 4064 1272 4138; x_wconf 79' lang='lat' dir='ltr'><strong>faciat,</strong></span> <span class='ocrx_word' id='word_1_380' title='bbox 1315 4086 1333 4134; x_wconf 66' lang='lat' dir='ltr'><em>f</em></span> 
     </span>
     <span class='ocr_line' id='line_1_43' title="bbox 57 4148 1271 4247; baseline 0.001 -37"><span class='ocrx_word' id='word_1_381' title='bbox 57 4205 60 4210; x_wconf 89' lang='lat'><em>.</em></span> <span class='ocrx_word' id='word_1_382' title='bbox 105 4154 209 4232; x_wconf 91' lang='lat' dir='ltr'><strong>idque</strong></span> <span class='ocrx_word' id='word_1_383' title='bbox 219 4154 335 4215; x_wconf 90' lang='lat' dir='ltr'><strong>merito.</strong></span> <span class='ocrx_word' id='word_1_384' title='bbox 372 4153 526 4228; x_wconf 84' lang='lat' dir='ltr'><strong>Quorsum</strong></span> <span class='ocrx_word' id='word_1_385' title='bbox 546 4152 625 4211; x_wconf 86' lang='lat' dir='ltr'><strong>enim</strong></span> <span class='ocrx_word' id='word_1_386' title='bbox 645 4149 781 4247; x_wconf 87' lang='lat' dir='ltr'><strong>attinet,</strong></span> <span class='ocrx_word' id='word_1_387' title='bbox 797 4148 883 4208; x_wconf 86' lang='lat' dir='ltr'><strong>vobis</strong></span> <span class='ocrx_word' id='word_1_388' title='bbox 902 4168 936 4207; x_wconf 92' lang='lat' dir='ltr'><strong>ea</strong></span> <span class='ocrx_word' id='word_1_389' title='bbox 953 4167 1091 4222; x_wconf 87' lang='lat' dir='ltr'><strong>narrare,</strong></span> <span class='ocrx_word' id='word_1_390' title='bbox 1117 4170 1194 4229; x_wconf 89' lang='lat' dir='ltr'><strong>quae</strong></span> <span class='ocrx_word' id='word_1_391' title='bbox 1213 4149 1271 4232; x_wconf 87' lang='lat' dir='ltr'><strong>ipsi</strong></span> 
     </span>
    </p>
   </div>
   <div class='ocr_carea' id='block_1_11' title="bbox 104 4232 1272 4434">
    <p class='ocr_par' dir='ltr' id='par_1_11' title="bbox 104 4232 1270 4406">
     <span class='ocr_line' id='line_1_44' title="bbox 104 4232 1270 4336; baseline -0.003 -38"><span class='ocrx_word' id='word_1_392' title='bbox 104 4237 224 4298; x_wconf 81' lang='lat' dir='ltr'><strong>nostis?</strong></span> <span class='ocrx_word' id='word_1_393' title='bbox 244 4232 467 4301; x_wconf 86' lang='lat' dir='ltr'><strong>Considerate</strong></span> <span class='ocrx_word' id='word_1_394' title='bbox 459 4237 559 4320; x_wconf 77' lang='lat' dir='ltr'><strong>igitur</strong></span> <span class='ocrx_word' id='word_1_395' title='bbox 584 4237 678 4336; x_wconf 79' lang='lat' dir='ltr'><strong>Quod</strong></span> <span class='ocrx_word' id='word_1_396' title='bbox 697 4254 753 4293; x_wconf 91' lang='lat' dir='ltr'><strong>nos</strong></span> <span class='ocrx_word' id='word_1_397' title='bbox 772 4233 803 4292; x_wconf 93' lang='lat' dir='ltr'><strong>in</strong></span> <span class='ocrx_word' id='word_1_398' title='bbox 821 4234 890 4293; x_wconf 89' lang='lat' dir='ltr'><strong>soro</strong></span> <span class='ocrx_word' id='word_1_399' title='bbox 910 4244 1066 4311; x_wconf 89' lang='lat' dir='ltr'><strong>quaestum</strong></span> <span class='ocrx_word' id='word_1_400' title='bbox 1085 4234 1221 4321; x_wconf 87' lang='lat' dir='ltr'><strong>facimus,</strong></span> <span class='ocrx_word' id='word_1_401' title='bbox 1239 4235 1270 4294; x_wconf 83' lang='lat' dir='ltr'><strong>itl</strong></span> 
     </span>
     <span class='ocr_line' id='line_1_45' title="bbox 106 4316 1272 4434; baseline -0.005 -51"><span class='ocrx_word' id='word_1_402' title='bbox 106 4322 246 4434; x_wconf 85' lang='lat' dir='ltr'><strong>inprimis</strong></span> <span class='ocrx_word' id='word_1_403' title='bbox 263 4337 441 4406; x_wconf 78' lang='lat' dir='ltr'><strong>argumento</strong></span> <span class='ocrx_word' id='word_1_404' title='bbox 461 4342 526 4382; x_wconf 87' lang='lat' dir='ltr'><strong>esse</strong></span> <span class='ocrx_word' id='word_1_405' title='bbox 544 4334 630 4402; x_wconf 90' lang='lat' dir='ltr'><strong>puto,</strong></span> <span class='ocrx_word' id='word_1_406' title='bbox 648 4321 740 4379; x_wconf 89' lang='lat' dir='ltr'><strong>istum</strong></span> <span class='ocrx_word' id='word_1_407' title='bbox 757 4318 830 4378; x_wconf 82' lang='lat' dir='ltr'><strong>salsa</strong></span> <span class='ocrx_word' id='word_1_408' title='bbox 847 4316 964 4377; x_wconf 88' lang='lat' dir='ltr'><strong>nobis&#39;</strong></span> <span class='ocrx_word' id='word_1_409' title='bbox 955 4316 1123 4399; x_wconf 77' lang='lat' dir='ltr'><strong>impingere</strong></span> <span class='ocrx_word' id='word_1_410' title='bbox 1139 4320 1272 4381; x_wconf 88' lang='lat' dir='ltr'><strong>crimina.</strong></span> 
     </span>
    </p>
   </div>
   <div class='ocr_carea' id='block_1_12' title="bbox 917 4405 1120 4522">
    <p class='ocr_par' dir='ltr' id='par_1_12' title="bbox 917 4405 1120 4522">
     <span class='ocr_line' id='line_1_46' title="bbox 917 4405 1120 4522; baseline -0.026 -42.026"><span class='ocrx_word' id='word_1_411' title='bbox 917 4405 1120 4522; x_wconf 46' lang='lat'><strong>339*</strong></span> 
     </span>
    </p>
   </div>
   <div class='ocr_carea' id='block_1_13' title="bbox 0 0 1380 4754">
    <p class='ocr_par' dir='ltr' id='par_1_13' title="bbox 0 0 1380 4754">
     <span class='ocr_line' id='line_1_47' title="bbox 0 0 1380 4754; baseline 0 0"><span class='ocrx_word' id='word_1_412' title='bbox 0 0 1380 4754; x_wconf 95' lang='lat' dir='ltr'><strong> </strong></span> 
     </span>
    </p>
   </div>
  </div>
 </body>
</html>
