2722 4754
359 140 624 246 conans
635 130 988 285 unanimum*
1186 134 1276 253 ιιι·

80 297 138 399 hae
156 338 235 419 lege,
245 299 405 416 Alimusiq
422 335 537 437 populo
556 337 720 412 iudicante,
736 300 1104 418 improbaturEuxitbeus
1119 313 1252 424 quidam.
1294 408 1297 413 ,

82 426 129 498 ls,
155 445 223 482 cum
243 444 275 482 se
294 422 482 484 Eubulidis
473 422 590 482 mimici
581 417 738 484 factione
764 443 943 504 oppressum
962 443 1027 483 esse
1046 426 1187 502 diceret,
1199 452 1250 511 ap·
1324 501 1327 505 Ι

83 509 209 590 ιιιιιιιίι
225 508 359 581 iudices,
388 520 418 567 et
437 508 586 581 ostendit,
611 528 657 566 se·
663 521 694 567 et
710 520 794 606 patre
810 521 845 579 et
861 522 956 568 matre
962 510 1038 584 cive
1056 531 1122 572 csse
1141 525 1252 573 natum.

84 594 206 668 Quodsi
223 606 319 652 mater
336 613 419 665 mea,
446 591 573 691 inquit,
587 592 786 652 mercenarias
806 613 912 672 operas
931 594 1021 668 fecit,
1046 618 1082 656 ex
1096 598 1203 679 inopia
1220 599 1258 658 id'
1348 614 1360 621 “

84 680 165 739 lecit
193 677 284 736 Pater
301 690 400 738 autem
419 676 610 783 peregrinius
629 678 750 736 locutus
769 689 830 749 est,
857 680 939 757 quod
959 689 990 739 et
1007 692 1111 761 eaptus
1131 696 1161 743 et
1177 703 1252 745 ven·
1303 669 1309 680 ⁸

86 763 167 823 ditus
181 763 250 820 suit
266 762 373 841 Neque
392 771 464 824 iero
483 752 665 823 calamitates
684 762 924 842 exprobrandae,
944 766 997 824 sed
1016 782 1128 846 genera
1148 768 1260 850 exqui:
1291 808 1294 818 ·

66 842 178 908 renda
195 860 274 907 sunt.
642 891 649 914 .
1287 857 1291 867 '

232 1060 285 1115 Γ
721 1053 752 1079 ⁸'

88 1148 173 1246 Cum
196 1184 364 1244 Eubulides
397 1183 493 1243 multa
528 1182 604 1245 lalso
630 1181 718 1243 nobis
746 1184 909 1263 obiecerit,
942 1200 972 1247 et
990 1189 1127 1251 convicia
1152 1211 1254 1272 neque

86 1295 172 1343 vera,
196 1291 296 1349 neque
315 1268 395 1329 iusta·
411 1269 531 1328 fecerit:
559 1271 703 1348 operam
702 1270 801 1340 dabo
826 1283 861 1329 ut
879 1292 947 1332 vera
968 1260 998 1333 et
1016 1275 1094 1336 iusta
1113 1277 1254 1354 dicendo,
1318 1266 1328 1304 ³

88 1357 216 1427 ludices,
234 1355 403 1445 ostendam,
422 1354 517 1413 etius
537 1374 601 1413 esse
620 1354 709 1412 uobis
729 1353 868 1426 civitatis,
886 1369 916 1414 et
928 1358 1054 1439 indigne
1070 1361 1136 1420 ab'
1127 1375 1202 1421 isto·
1199 1382 1255 1429 -rue
1288 1363 1297 1382 ⁸

47 1494 50 1499 .
85 1453 246 1502 tractatum
266 1442 340 1499 esse.
359 1440 423 1499 Ort
441 1451 540 1499 autem
560 1459 614 1497 vos
634 1457 750 1511 omnes,
767 1440 913 1539 ludices,
916 1442 1043 1503 obsecro
1064 1459 1094 1506 et
1108 1442 1275 1521 obtestor,'

48 1520 53 1537 ¹
84 1541 122 1588 ut
141 1540 172 1586 et
190 1524 420 1605 magnitudine
417 1544 522 1583 causae
542 1524 631 1582 liuius
645 1523 839 1595 lconsideratu
858 1537 888 1584 et
904 1525 1081 1626 ignominia,
1100 1554 1168 1590 cum
1188 1550 1280 1610 qua,'.

86 1636 141 1692 qur
132 1610 419 1708 condemnantur,
438 1609 527 1666 etiam
546 1621 694 1687 pereunt,
712 1628 760 1670 me
779 1630 903 1687 quoque
921 1612 1011 1671 tacite
1028 1615 1176 1690 audiatis,
1194 1624 1256 1675 ma-

85 1698 200 1795 xime,
210 1716 236 1752 ιι
226 1694 320 1752 fieri
347 1705 467 1772 potest,
491 1693 604 1751 maiore
624 1714 692 1751 cum
717 1692 947 1768 benevolentia,
971 1719 1060 1775 quam
1079 1701 1171 1759 istum
1189 1699 1273 1783 (par-

88 1782 171 1868 enim
187 1791 242 1849 est,
255 1791 291 1836 ιιι
306 1771 338 1834 in
354 1777 490 1856 periculo
505 1791 593 1836 const
582 1777 678 1836 titutis
691 1778 798 1837 melius
813 1778 1008 1862 cupiatis),
984 1805 1031 1842 sin
1045 1785 1155 1858 minus,
1174 1798 1256 1845 certe
1328 1806 1346 1865 'g

87 1861 156 1925 cum
175 1864 247 1944 pari.
283 1863 332 1921 Fit
350 1875 470 1933 autem,
488 1863 710 1934 Indices,cu1n
729 1879 784 1922 vos
801 1864 926 1925 intueor
944 1879 975 1925 et
992 1868 1038 1927 ius
1058 1870 1184 1930 civitatis
1203 1871 1256 1929 ha·
1288 1862 1291 1872 ¹
1338 1872 1342 1879 '

86 1951 160 2009 bere
179 1969 228 2006 me
247 1947 419 2019 considero,
436 1959 471 2005 ut
488 1968 596 2006 securo
615 1944 717 2006 animo
735 1970 791 2008 sim
807 1961 838 2006 et
855 1970 992 2031 magnam
1010 1975 1103 2032 spem
1108 1952 1257 2017 victoriae
1293 2000 1295 2007 ,
1326 2026 1329 2034 ⁴

86 2032 274 2111 concipiam:
305 2033 358 2092 sed
383 2045 518 2112 tempora
545 2043 575 2090 et
602 2031 730 2090 civitatis
756 2032 787 2091 in
812 2036 1043 2095 condemnando
1070 2038 1256 2100 iracundiam
1333 2046 1337 2050 ’

76 2118 258 2185 ,formidem
292 2117 380 2175 Nam
394 2139 462 2176 cum
488 2138 524 2175 ex
550 2115 691 2175 omnibus
718 2117 891 2197 municipiis
914 2120 985 2180 iure
1011 2121 1101 2181 multi
1126 2124 1188 2183 sint
1205 2139 1265 2202 en*
1347 2127 1358 2135 ’

86 2203 186 2286 pulsi:
203 2204 329 2262 eadem
336 2213 381 2260 est
400 2203 437 2261 de
463 2200 551 2259 nobis
572 2202 677 2270 etiam,
708 2221 784 2278 quos
803 2200 951 2261 factiones
970 2214 1162 2284 oppressere,
1181 2207 1256 2287 opi·
1273 2210 1279 2219 ‘

88 2289 159 2360 niu,
186 2301 216 2345 et
234 2298 360 2367 propter
383 2286 503 2345 illorum
530 2285 844 2343 condemnationem
835 2307 867 2345 ιιι
885 2287 1015 2386 maiore,
1041 2297 1130 2368 qnam
1148 2312 1204 2385 pro
1223 2311 1274 2350 se*

88 2373 235 2454 quisque,
255 2370 389 2469 periculo
408 2390 569 2428 versamur
596 2370 706 2467 Quare
723 2369 791 2428 fieri
808 2371 915 2448 nequit
932 2373 1034 2447 aliter,
1054 2377 1128 2454 quin
1145 2376 1257 2458 niagno

75 2454 122 2518 'in
141 2469 223 2516 metu
243 2457 344 2515 dinus.
379 2455 465 2528 Quae
492 2475 673 2534 quamquam
698 2453 739 2515 ita
758 2468 845 2514 sunt:
872 2469 1040 2533 ettamen,
1066 2461 1192 2540 quaein
1209 2460 1267 2523 bis.
1322 2457 1325 2465 ’

58 2588 62 2594 ‚
90 2544 165 2625 ipsis
183 2563 277 2620 aequa
294 2552 383 2611 sunt,
401 2540 531 2620 primum
549 2538 636 2599 vobis
655 2539 758 2599 dicam.
793 2539 899 2622 Ego'‘
878 2564 932 2615 us,
961 2545 1014 2622 qui
1031 2544 1256 2628 peregrinitatis
1279 2553 1341 2614 328

91 2627 327 2698 convincuntur,
353 2626 594 2684 succensendum
614 2645 679 2684 esse
690 2625 872 2724 existimo,
886 2649 938 2707 qur
930 2625 1042 2689 vobis
1060 2652 1169 2711 neque
1186 2651 1256 2711 per-

91 2713 219 2785 suasis,
228 2732 327 2790 neque
348 2710 495 2782 exoratis,
521 2710 596 2769 clam
623 2723 653 2769 et
670 2710 700 2768 vi
726 2710 816 2769 sacris
836 2724 866 2771 et
888 2712 1043 2792 republica
1067 2719 1164 2775 vestra
1185 2727 1257 2775 sunt

89 2798 153 2858 usi:
172 2797 226 2856 sed
244 2795 424 2856 calamitosis
443 2790 619 2854 bominibus
637 2784 731 2875 seque
745 2795 824 2854 cives
837 2816 902 2856 esse
918 2801 1149 2869 ostendentibus
1166 2821 1256 2900 opem

90 2883 279 2960 salutemque
296 2881 469 2952 ferendam,
489 2893 519 2938 et
537 2880 746 2961 cogitandum,
765 2901 833 2939 cum
852 2881 1024 2942 insontibus
1042 2885 1131 2945 nobis
1149 2886 1256 2945 miser·
1261 2878 1266 2887 ⁸
1324 2894 1329 2908 “

43 2984 47 2991 ’
89 2969 166 3042 rime
185 2980 285 3026 actum
304 2966 350 3039 iri,
370 2966 414 3038 si,
433 2987 500 3024 cum
518 2979 615 3025 vestra
635 2965 814 3044 quibusdam
833 2968 1013 3027 auctoritate
1031 2991 1147 3049 poenae
1166 2969 1257 3028 meri-

40 3082 45 3091 ·
91 3067 125 3114 to
151 3051 343 3134 infligantur,
368 3072 424 3109 nos
448 3049 614 3110 una-inter
639 3070 690 3109 eos
716 3071 893 3115 censeamur
911 3065 942 3110 et
965 3067 1090 3133 propter
1113 3055 1279 3135 invidiam!

82 3139 187 3219 ipsius
204 3139 250 3196 rei
267 3136 407 3195 iniuriam
424 3135 579 3215 patiamur.
597 3134 746 3234 Equidem
760 3135 911 3214 putabam,
929 3134 1057 3211 ludices,
1075 3142 1183 3200 decere
1194 3141 1258 3200 Eu-

90 3222 228 3282 bulidem
246 3235 277 3282 et
295 3242 400 3280 omnes
419 3241 489 3292 eos,
515 3220 567 3298 qni
585 3221 714 3278 nuncin
740 3219 948 3302 abrogando
940 3244 1005 3283 rure
1024 3225 1152 3285 civitatis
1169 3246 1258 3284 accu-
1285 3284 1287 3288 .

93 3307 227 3369 sationes
244 3297 391 3378 iactitant,
410 3326 454 3378 ea,
472 3325 548 3384 quae
568 3317 720 3385 comperta
739 3303 901 3380 baberent,
914 3306 1024 3382 dicere,
1042 3330 1142 3388 neque
1159 3309 1258 3369 ullum
1282 3342 1286 3346 ·

93 3414 246 3453 rumorem
265 3393 295 3450 in
318 3391 381 3450 'tale
406 3389 550 3449 iudicium
577 3389 693 3448 afferre
728 3390 761 3448 Id
781 3388 861 3448 enim
888 3414 986 3471 usque
1010 3394 1086 3453 adeo
1111 3395 1258 3454 iniustum

95 3497 160 3538 esse
180 3479 251 3552 olim
273 3477 362 3536 etiam
387 3476 481 3556 leges
494 3487 681 3546 statuerunt,
707 3488 743 3533 ut
752 3475 860 3534 audita
886 3478 1040 3540 testificari
1057 3479 1153 3561 leges
1158 3479 1260 3539 sinant

42 3588 46 3594 ·
72 3613 78 3621 ,
94 3585 133 3623 ne
152 3564 182 3623 in
202 3562 319 3621 levibus
338 3559 464 3638 quidem
478 3559 590 3618 causis:
608 3560 725 3618 merito.
761 3555 938 3629 Cumeuim
957 3560 1076 3641 aliqui
1067 3587 1135 3636 ram,
1154 3564 1259 3643 quise

94 3670 157 3707 rem
185 3647 296 3707 vidisse
320 3644 519 3717 affirmarent,
544 3645 704 3704 mendaces
728 3643 790 3719 sint
814 3645 1010 3725 deprehensi:
1038 3657 1115 3707 num
1135 3649 1181 3708 illi
1205 3648 1260 3707 ba-

94 3734 192 3795 benda
211 3731 286 3791 fides
306 3743 360 3802 est,
378 3729 431 3828 qui
449 3749 483 3789 ea
502 3728 588 3800 dicit,
607 3751 683 3808 quae
702 3750 759 3788 nec
776 3730 841 3810 ipse
859 3732 963 3791 novit?
998 3732 1171 3806 Enimvero,
1190 3753 1259 3792 cum
1290 3734 1298 3743 '
1322 3750 1326 3761 ‘

39 3888 42 3893 ‚
95 3819 210 3879 nemim
202 3817 334 3888 liceat,
359 3814 475 3874 etiamsi
499 3814 665 3874 obnoxium
681 3835 755 3872 sese
780 3816 990 3891 constituerit,
1015 3839 1071 3898 per
1089 3839 1122 3877 ea
1147 3838 1259 3883 nocere

80 3905 255 3982 cuiquam,
274 3920 400 3981 quaese
419 3896 537 3959 audisse
556 3899 645 3958 dicit:
664 3897 717 3978 qui
735 3901 891 3974 convenit,
911 3901 939 3960 ei
956 3924 1009 3962 vos
1029 3901 1139 3962 habere
1157 3901 1260 3976 iidem,
1349 3943 1352 3957 .

94 3989 149 4068 qul
166 3987 252 4046 nullo
270 4006 326 4047 suo
344 3985 481 4065 periculo
500 4004 555 4043 nos
574 3984 771 4044 criminatur?
788 3985 979 4085 Postquam
970 3976 1065 4069 1gitur
1082 3988 1138 4047 iste
1157 3987 1260 4070 legum

94 4095 224 4156 gnarus,
249 4072 341 4151 idque
360 4069 471 4151 magis,
497 4082 586 4148 quam
610 4069 858 4168 conveniebat3'
849 4067 960 4130 iniuste
988 4070 1151 4152 multisque
1167 4073 1259 4133 rebus

95 4159 237 4240 superior
259 4155 422 4225 accusavit:
447 4174 569 4213 necesse
588 4154 662 4212 mibi
681 4167 727 4214 est
744 4155 820 4214 de''
798 4177 835 4214 us
860 4157 991 4236 primum
1017 4158 1151 4217 dicere
1141 4158 1259 4218 iniuriis

96 4259 127 4305 et
145 4241 356 4314 contumeliis,
382 4239 493 4320 quibus
511 4240 590 4319 apud
617 4240 784 4320 municipes
802 4246 868 4301 sum
896 4240 1030 4319 aflectus.
1064 4245 1141 4309 Peto
1159 4256 1260 4304 autem

94 4353 111 4390 a
129 4329 232 4402 vobis,
257 4327 478 4398 Athenienses,
504 4345 542 4384 ne
555 4325 684 4384 illorum
702 4324 881 4388 sententiam
900 4346 956 4406 pro
974 4324 1262 4411 argumento‘paite.
1320 4338 1323 4342 “
