2722 4754
88 171 209 286 ,ιιι
280 198 284 205 1
428 126 1058 275 ιιιιοειιιιιιιιοιιιιιιι
1088 268 1091 282 ἡ

63 342 122 436 117
147 337 354 400 drachmarum
380 329 496 412 singula
523 329 584 389 dati
609 330 725 390 damni:
751 344 782 391 et
798 353 897 407 nunc,
921 342 991 393 c‘um
1013 332 1141 417 ‘triginta
1159 335 1313 395 miliarum

62 469 67 476 »
145 422 319 503 inscriptio
309 419 379 492 sit,
397 417 434 476 de
452 428 534 476 tauta
552 415 680 496 pecunia
698 417 730 475 iu
747 419 917 518 periculum
934 418 1081 479 venimus
1125 415 1340 496 Calumniam,

64 557 67 562 ι
144 509 239 592 igitur
256 507 402 575 istorum,
427 499 620 580 quantisque
635 501 753 582 insidiis
779 524 835 562 uos
862 503 1044 581 invaserint,
1068 526 1105 563 ex
1122 505 1197 586 ipsis
1224 504 1315 570 rebus

122 595 124 603 '
145 590 345 690 cognoscetis
373 587 513 668 Inprimis
531 599 632 646 autem
650 587 824 647 testimonia
841 589 928 651 vobis
947 589 1182 665 recitabuntur,
1186 603 1224 650 ut
1242 611 1314 651 con

39 695 43 700 '
145 691 214 763 stet,
232 696 285 735 eos
303 675 427 734 missum
444 673 552 733 secisse
569 681 685 771 patrem
703 685 851 772 nostrum,
870 676 953 773 quod
972 677 1009 734 ad
1028 675 1143 736 tutelae
1161 676 1315 737 actionem

144 756 306 824 attinebat:
330 780 398 819 nam
417 760 476 819 boc
494 757 618 817 nomine
636 764 692 816 n'os
710 758 957 839 praescripsimus
984 772 1016 819 et
1032 761 1187 823 actionem
1206 761 1316 822 admit

144 850 266 908 tendam
285 867 350 906 esse
368 843 552 926 negavimus.
569 841 675 902 Recita
692 842 767 903 mibi
786 843 860 904 baec
875 845 1057 906 testimonia.

468 1011 475 1020 ι
546 992 913 1047 TESTIMONIA.

105 1160 109 1167 ,
162 1144 165 1148 -
228 1099 317 1162 Eos
307 1101 412 1183 igitur,
432 1098 559 1169 ludices,
576 1097 673 1180 egisse
691 1099 833 1172 tutelae,
835 1111 866 1158 et
882 1100 919 1159 ab
938 1101 1058 1161 actione
1076 1101 1242 1191 destitisse,
1263 1123 1315 1182 pa-

37 1212 41 1216 *
144 1190 284 1267 ctamque
296 1184 460 1266 pecuniam
477 1181 647 1282 abstulisse,
664 1185 776 1244 auditis
792 1205 808 1244 e
822 1184 1014 1246 testimoniis.
1024 1171 1103 1247 Nori
1122 1187 1195 1246 dare
1213 1200 1314 1247 antem

138 1275 227 1374 leges
244 1273 284 1330 de
310 1264 402 1329 rebus
426 1270 467 1328 ita
489 1267 563 1327 actis
589 1268 691 1328 denuo
718 1269 887 1345 actionem,
913 1272 1053 1351 equidem
1081 1271 1233 1344 arbitror,
1260 1292 1314 1332 ros

36 1379 44 1387 ’
143 1359 220 1424 scire
239 1376 361 1428 omnes,
385 1347 502 1415 etiamsi
521 1372 578 1452 ego
605 1353 682 1413 nibil
709 1375 744 1414 ea
763 1355 800 1414 de
817 1375 851 1414 re
870 1355 990 1417 dixero:
1015 1358 1086 1419 volo
1104 1370 1209 1417 tamen
1226 1356 1314 1417 vobis

77 1470 87 1519 3
144 1443 248 1523 ipsam
257 1461 381 1521 quoque
399 1440 502 1522 legem
515 1438 654 1515 recitare
667 1439 773 1502 Recita
789 1439 894 1523 leg‘em.
958 1497 969 1510 „
1047 1485 1051 1496 r

671 1592 784 1638 LEX.

125 1756 127 1760 ,
229 1694 369 1767 Auditis,
394 1695 528 1767 ludices,
551 1693 650 1776 legent
664 1682 828 1795 perspicup
847 1697 999 1759 dicentem
1018 1698 1157 1780 singula,
1182 1717 1313 1778 quorum

145 1781 224 1841 actio
242 1801 306 1839 non
325 1778 454 1839 detur?
469 1782 552 1838 luter
578 1785 655 1857 quae
673 1779 749 1878 illud
777 1781 866 1841 etiam
882 1797 944 1843 *est
955 1804 1051 1862 aeque
1075 1787 1175 1842 ratutu
1194 1803 1227 1841 ac
1245 1802 1315 1841 cae-

68 1870 73 1876 ”
143 1880 223 1926 tera:
249 1864 359 1943 quibus
378 1864 416 1922 de
434 1863 526 1922 rebu's
544 1863 675 1964 aliquem
703 1863 827 1924 missum
847 1866 955 1927 seceris
975 1882 1005 1927 et
1022 1867 1222 1950 transegeris,
1249 1887 1314 1925 non

143 1950 235 2010 licere
252 1949 379 2030 litigare
415 1943 519 2007 Cum
509 1947 604 2029 agitur
628 1949 741 2008 sicet
737 1969 843 2009 coram
866 1952 978 2011 multis
996 1952 1125 2012 testibus
1150 1950 1316 2010 transactio

54 2102 59 2107 ‚
142 2035 219 2095 facta
237 2034 295 2106 sit,
322 2045 352 2092 et
370 2045 473 2111 aperte
491 2052 547 2090 uos
567 2031 615 2090 lex
632 2032 783 2093 absolvat:
809 2056 846 2094 eo
865 2034 1072 2116 impudentiae
1089 2035 1244 2119 progressi
1262 2033 1317 2093 isti

143 2130 216 2199 sunt
233 2131 264 2199 et
281 2117 440 2189 audaciae,
457 2129 493 2176 ut
510 2119 740 2195 quatuordecim
758 2120 844 2179 annis
863 2133 951 2200 post,
968 2144 1058 2212 quam
1076 2134 1191 2200 patrem
1209 2139 1318 2179 meum
1351 2127 1357 2138 “

2 2233 8 2242 ι
143 2204 268 2263 missum
286 2201 440 2273 fecerunt,
459 2200 578 2261 duobus
599 2214 630 2260 et
646 2201 754 2292 viginti
772 2216 842 2282 post
860 2204 944 2265 litem
963 2206 1095 2278 motam,
1120 2227 1198 2265 cums
1206 2215 1319 2264 noster

142 2300 257 2368 parens
270 2288 395 2385 eodem,
413 2305 473 2363 quo
494 2304 562 2343 cum
579 2285 644 2346 istis
663 2277 865 2368 transegerat,
883 2302 963 2349 anno
982 2291 1023 2349 sit
1039 2304 1195 2362 mortuus,
1214 2301 1247 2348 et
1263 2302 1317 2349 tu-

133 2382 242 2444 tores,
268 2370 320 2449 qui
338 2382 415 2469 post·
426 2369 507 2429 illius
526 2368 644 2429 obitum
669 2384 773 2438 nostra
797 2372 909 2431 bona'
900 2396 932 2433 m
956 2396 1008 2433 sua
1026 2387 1178 2475 potestate
1196 2372 1318 2433 habue-

141 2469 225 2527 runt,
245 2467 275 2512 et
293 2466 388 2517 mater
405 2453 543 2535 ipsorum
560 2453 642 2519 item
653 2453 804 2528 obierit,
793 2477 870 2536 quae
888 2457 1079 2519 haecomnia
1097 2459 1196 2531 norat,
1215 2471 1248 2517 et
1265 2479 1317 2518 ar-

62 2529 68 2551 ’
100 2539 111 2583 ἰ
142 2540 218 2599 bitri
234 2552 264 2598 et
281 2552 375 2598 testes
392 2539 533 2639 plurique
552 2559 674 2612 omnes,
698 2553 833 2601 nostram
858 2538 1040 2629 imperitiam
1059 2556 1089 2604 et
1112 2542 1316 2603 necessariam

42 2667 46 2674 α
71 2688 76 2694 ,
140 2644 243 2685 rerum
262 2636 394 2684 actarum
421 2623 645 2705 ignorationem
664 2623 723 2683 sibi
741 2648 850 2708 magno
876 2627 1008 2687 suturam
1026 2626 1189 2715 commodo
1209 2625 1317 2686 existi-

134 2693 273 2793 mames,
300 2698 410 2767 ludicia
429 2708 518 2767 nobis
541 2706 615 2767 baec
640 2709 799 2783 dictarint,
824 2725 855 2771 et
867 2712 1042 2772 orationem
1064 2709 1166 2792 neque
1190 2712 1317 2783 iustam,

107 2790 125 2873 ’ἢ
141 2798 242 2873 ne'que
261 2813 406 2893 aequam·
396 2793 512 2853 afferre
531 2793 671 2852 audeant.
697 2794 823 2868 Dicunt,
841 2817 874 2856 se
892 2818 955 2856 non
973 2797 1146 2856 vendidisse
1163 2797 1314 2876 patrimo

5 2900 22 2947 ς
42 2875 47 2888 ⁸
126 2877 226 2961 *nium
245 2899 277 2937 ea
294 2879 436 2958 pecunia,
454 2892 542 2956 quam
562 2878 742 2958 acceperint,
754 2901 861 2960 neque
880 2883 1006 2941 cessisse
1019 2881 1126 2941 bouis:
1144 2882 1198 2940 sed
1217 2899 1316 2960 quae-

88 3002 90 3007 ι
125 2976 261 3043 'cunque
279 2964 338 3022 sibi
355 2963 459 3022 relicta
476 2962 609 3035 fuerint,
627 2962 748 3037 debita,
764 2987 842 3038 vasa,
853 2968 1019 3045 pecuniam
1038 2966 1185 3047 denique,
1205 2985 1237 3024 ea
1256 2985 1315 3024 sua

56 3064 125 3119 1189
135 3048 213 3126 ‚fieri
227 3071 229 3075 ¹
242 3049 315 3130 -Ego
328 3115 331 3119 ,
342 3068 424 3126 vcro,
439 3052 487 3106 me
511 3048 630 3107 audisse
654 3049 797 3121 memini,
820 3051 1026 3132 Xenopitbem
1053 3063 1084 3122 et
1101 3049 1314 3112 Nausicratem

138 3155 214 3201 suas*
224 3155 298 3213 ppes
318 3153 424 3203 omnes
442 3133 473 3191 iu
492 3149 561 3191 acre
578 3132 679 3192 alieno
697 3133 874 3213 reliquisse,
898 3149 929 3196 et
945 3137 1118 3216 possedisse
1135 3135 1315 3194 manifestas

120 3238 285 3298 perquam
310 3218 453 3317 ιιιίςιιιει
473 3217 597 3276 redacto
623 3230 724 3291 autem
743 3240 812 3278 aere
831 3220 950 3294 alieno,
976 3234 1007 3280 et
1024 3221 1100 3280 vasis
1128 3218 1313 3299 quibusdam

53 3328 57 3333 ·
139 3303 288 3374 venditis,
313 3301 469 3389 mancipiis
498 3289 605 3375 ctiam,
630 3302 751 3382 praedia
772 3317 802 3362 et
820 3306 909 3364 aedes
937 3305 1071 3364 mercati
1090 3315 1162 3363 sunt
1179 3315 1314 3372 tutores,

44 3406 47 3411 ·
68 3448 72 3454 ,
115 3387 242 3466 'quae
233 3388 284 3446 rsti
301 3399 491 3468 receperunt
523 3387 642 3460 Quodsi
660 3386 743 3459 nulla
760 3387 868 3448 fuisset
885 3389 969 3468 prius
987 3384 1055 3448 illis'
1066 3389 1104 3447 de
1121 3386 1212 3446 rebu's
1232 3407 1312 3445 con-

137 3473 285 3531 troversia
303 3493 404 3552 neque
422 3470 516 3530 malae
536 3455 829 3531 administrationis
818 3492 857 3532 ιιι
864 3473 978 3554 iudicio
998 3474 1199 3552 disceptatum
1218 3483 1312 3541 esset,

138 3555 196 3615 alia
214 3557 291 3616 ratio
310 3557 419 3617 foret?
431 3566 591 3636 postquam
612 3576 685 3614 vero
701 3567 797 3615 totam
822 3558 948 3617 tutelam
973 3568 1171 3629 accusarunt,
1198 3555 1312 3634 dieque

68 3648 83 3701 ἶ
138 3639 231 3700 dicta
239 3643 401 3741 pecuniam
430 3653 612 3740 exegerunt,
637 3641 671 3699 ea
697 3641 798 3700 omnia
820 3655 886 3702 tum
910 3654 1058 3702 transacta
1084 3652 1163 3700 sunt
1198 3639 1310 3738 Neque

139 3726 218 3785 euim
238 3727 287 3786 isti
306 3727 423 3786 scilicet
440 3726 477 3785 de
497 3725 622 3785 nomine
646 3725 760 3794 tutelae
777 3730 850 3785 tum
863 3726 1009 3809 agebant,
1033 3727 1087 3786 sed
1106 3727 1144 3785 tle
1163 3723 1311 3804 pecunia.

17 3882 20 3886 Δ
74 3824 76 3830 ·
136 3830 238 3890 neque
256 3811 301 3870 illi
319 3832 433 3871 nomen
450 3809 509 3869 boc
529 3809 670 3870 emebant
685 3831 856 3890 pecunia,
855 3834 922 3871 cum
941 3810 1157 3911 numerabant,
1176 3809 1250 3868 sed
1237 3807 1311 3867 cri-

81 3953 84 3956 .
137 3894 230 3954 minu
236 3896 434 3957 redimebant.
468 3894 514 3954 Ac
540 3894 653 3954 nullam
679 3896 829 3975 quidem
820 3897 886 3956 rstis
906 3897 970 3957 eius
989 3895 1065 3956 aeris
1084 3894 1195 3967 alieni,
1225 3892 1310 3992 qqod

65 3979 68 3982 ⁴
128 3978 206 4041 'autc
231 3973 467 4043 transactionem
499 3981 659 4063 redegerat
683 3992 784 4060 pater,
817 3993 870 4040 aut
896 3980 960 4040 eius
987 3980 1144 4081 denique
1149 3973 1310 4063 pecuniae,

46 4067 49 4070 ’
138 4082 235 4149 quam
248 4086 263 4124 e
281 4064 378 4126 tutela
397 4078 568 4146 acceperat,
595 4065 660 4125 dari
677 4065 769 4125 licere
788 4078 893 4125 contra
911 4087 968 4125 uos
986 4046 1137 4125 actionem
1156 4084 1191 4121 re
1210 4073 1310 4122 trans·-

5 4146 7 4155 ’
94 4166 105 4222 ᾗ
137 4162 215 4210 reta:
240 4171 281 4214 ex
294 4151 369 4231 ipsis
387 4151 512 4233 legibus
539 4163 569 4214 ct
595 4150 797 4211 transactione
811 4151 887 4210 satis
910 4168 971 4210 vos
992 4170 1097 4209 omnes
1126 4145 1310 4244 cognovisse

138 4234 275 4295 arbitror
311 4239 372 4296 lam
391 4257 454 4296 non
479 4256 570 4325 posse
588 4236 672 4309 fieri,
696 4249 783 4296 ntea
802 4236 930 4316 pecunia
959 4235 1101 4315 deinceps
1126 4243 1250 4312 recepta
1268 4229 1309 4289 sit

126 4308 213 4402 (loc
232 4321 315 4382 enim
341 4322 411 4385 isti
405 4318 549 4409 lingunt
567 4316 745 4406 decipiendi
758 4318 894 4459 gratini,
918 4319 953 4381 id
975 4321 1144 4381 ostendam
1187 4317 1306 4377 Patrem
