2722 4754
640 40 658 75 Ι

244 160 247 165 ’
327 138 624 253 7'nnv-u-asus
655 176 932 264 nncniruu..
1162 193 1223 255 ιιι

58 342 181 430 pecunia
200 343 251 407 sic'
263 345 312 406 usi
330 344 646 428 sunt,·quasi.iuisset
663 345 799 427 ipsorum
816 339 955 429 propris
976 344 1066 416 Adeo
1084 346 1136 408 isti
1153 361 1226 413 sunt

59 430 182 499 m'alelici
201 431 358 512 sophistae
377 446 408 493 et
425 432 564 493 homines
583 432 694 493 iniurii.
736 433 803 516 Ego
823 448 914 507 vero,
939 436 1044 495 lovem.
1059 432 1097 494 Ο.
1114 435 1153 494 Μ.
1177 446 1225 495 te-

50 521 116 599 ‘ster
133 535 308 598 omnesque
326 520 420 593 deos,
444 517 712 597 nemini-unquam
729 517 825 578 invidi
842 530 895 578 aut
911 519 1071 594 maledixi,
1096 519 1226 595 ludices,
1298 522 1307 533 ‘

57 601 235 683 si.aophista
252 624 319 664 esse
341 603 434 668 vellet
450 619 484 669 asc
498 625 640 663 nummos
655 603 781 673 Isocrati
797 605 948 683 pendere:
969 600 1115 684 insaniam
1133 605 1227 679 enim,

55 687 171 768 siquid
190 689 304 771 horum
322 710 431 749 curem.
460 689 522 755 Sed
539 702 650 762 tamen,
668 689 712 748 ita
728 708 776 748 me
794 688 910 769 lupiter
926 702 1016 764 amet,
1033 713 1097 759 non
1115 692 1241 773 decere⁴

47 771 183 846 cinno,
209 788 255 836 mt
270 774 410 834 homines
429 773 552 857 superbi
570 787 600 833 et
617 773 946 855 sapientiae‘opinione
963 775 1074 836 tumidi
1090 777 1224 847 alienum

47 858 200 945 appetant
216 874 269 921 aut
286 860 425 940 eripiant,
443 858 618 939 eloquentia
635 859 720 919 freti:
744 859 818 922 haec
837 859 917 921 enim
935 873 1007 919 sunt
1023 861 1154 940 improbi
1172 885 1224 923 so-

41 943 171 1046 phistae
191 958 224 1004 et
240 945 317 1005 male
334 945 506 1005 mulctandi.
523 945 660 1006 Lacritus
677 957 779 1005 autem
796 945 943 1006 iudicium
961 945 1020 1005 hoc
1038 944 1141 1019 subiit,
1159 969 1224 1009 non
1266 1009 1270 1015 ,
1335 1006 1337 1011 2

41 1049 115 1092 rure
133 1029 251 1104 fretus,
269 1052 337 1090 cum
356 1031 428 1090 satis
446 1030 530 1102 sciat,
548 1031 803 1110 quemadmodum
820 1030 854 1091 iu
871 1029 931 1090 boc
948 1043 1056 1091 mutuo
1074 1022 1106 1091 sb
1120 1052 1223 1113 gesse·
1261 1058 1271 1077 τ

41 1112 127 1176 riute
159 1116 216 1176 sed
231 1118 283 1188 se,
308 1137 364 1196 pro
389 1116 564 1195 eloquentia
588 1138 652 1188 sua,
673 1115 706 1175 in
728 1116 807 1179 mala
830 1116 928 1194 causa
942 1116 1029 1177 lacile
1052 1114 1223 1178 orationem

41 1202 269 1283 inuenturum,
296 1214 327 1260 et
344 1221 381 1260 eo
400 1221 472 1274 vos,
501 1222 562 1280 quo
587 1202 652 1282 ipse
669 1201 817 1275 voluerit,
844 1202 1053 1263 traducturum
1072 1201 1223 1284 opinatur.
1309 1216 1324 1245 ·‘

41 1286 135 1346 Haec
154 1288 237 1346 enim
254 1287 432 1368 pollicetur,
458 1296 538 1344 etse
558 1287 753 1366 eloquentem
772 1307 837 1346 csse
854 1287 988 1360 iactitat,
1014 1300 1046 1347 et
1063 1300 1223 1370 argentum

41 1372 204 1453 postulat,
229 1385 260 1431 et
278 1371 441 1452 discipulos
460 1371 597 1453 colligit,
620 1369 665 1429 bis
683 1371 755 1451 ipsis
773 1370 887 1433 artibus
908 1392 960 1432 eos
979 1373 1170 1448 eruditurum
1188 1392 1221 1433 se
1277 1406 1280 1411 ,

41 1455 226 1539 pollicens..
253 1457 446 1537 deprimunt
466 1457 572 1516 fratres
596 1476 668 1515 suos
693 1456 752 1516 hoc
771 1444 1058 1539 doetrinaegenere
1075 1456 1220 1531 instituit,

41 1562 141 1621 quam
160 1564 216 1604 uos
234 1541 353 1602 sentitis
371 1541 540 1623 improbam
559 1561 623 1601 esse
643 1553 674 1600 et
690 1540 844 1621 iniustam,
862 1541 996 1616 ludices,
1013 1544 1100 1603 utin
1118 1558 1220 1605 vestro
1271 1533 1278 1565 ⁸

41 1632 187 1688 mercatu
205 1627 365 1708 pecuniam
382 1628 533 1688 nauticam
550 1639 739 1698 mutuentur,
758 1648 852 1707 eaque
869 1629 1058 1704 defraudent,
1076 1642 1133 1691 ne'c
1150 1630 1220 1689 red·
1248 1680 1251 1685 ,
1327 1636 1330 1641 ’

41 1711 132 1773 dant.
168 1714 232 1789 Qui
248 1713 367 1793 possint
385 1734 450 1773 esse
469 1712 608 1772 homines
626 1712 829 1794 improbiores
846 1713 895 1773 vel
912 1713 1055 1796 magistro
1073 1715 1145 1788 tali,
1171 1714 1221 1774 vel

41 1799 167 1859 talibus
184 1797 357 1879 discipulis?
370 1798 529 1874 Quoniam
547 1797 641 1880 igitur
657 1799 787 1858 disertus
807 1811 863 1872 est,
881 1812 912 1858 et
930 1799 1106 1879 eloquentia
1122 1801 1219 1861 fretus

41 1904 86 1944 :ae
109 1883 194 1949 mille
220 1884 387 1958 drachmis,
414 1906 488 1964 quus
507 1883 650 1965 magistro
671 1884 775 1944 dedita
796 1883 900 1944 iubete
924 1905 995 1961 eum
1020 1885 1130 1945 docere
1153 1906 1220 1958 vos,
1314 1952 1319 1956 ,

41 1981 102 2030 aut
120 1990 175 2029 eos
191 1969 350 2051 pecuniam
369 1990 432 2029 non
450 1969 600 2049 accepisse
618 1967 759 2042 anobis,
786 1981 846 2028 -aut
870 1982 1025 2051 acceptant
1038 1970 1219 2044 reddidisse,

41 2067 101 2134 aut
117 2055 255 2115 nauticas
273 2054 461 2138 syngraphas
475 2066 553 2114 ratas
571 2073 715 2114 essenon
730 2068 883 2135 oportere,
900 2067 952 2115 aut
969 2055 1002 2115 in
1019 2054 1112 2115 alium
1129 2078 1219 2116 usum

47 2142 270 2202 convertendas
288 2161 354 2199 esse
372 2140 533 2219 pecunias,
559 2156 648 2219 quam
664 2139 699 2201 in
718 2160 801 2213 eum,
827 2140 865 2199 ad
883 2161 974 2220 quem
988 2160 1028 2213 ‚ex
1045 2140 1219 2222 syngrapha
1245 2170 1260 2203 s

49 2239 239 2306 aeceperunt
282 2225 401 2285 Horum
428 2225 633 2304 quodcunque
651 2224 799 2298 voluerit,
823 2221 1004 2305 pdrsuadeat
1020 2224 1125 2286 vobis:
1152 2238 1219 2286 tum
1244 2231 1286 2290 85

51 2324 173 2393 egomet
192 2331 315 2390 quoque
333 2310 496 2383 assentiar,
514 2309 767 2391 sapientissimum
786 2330 851 2371 esse
869 2332 958 2393 eum,
976 2309 1002 2369 si
1019 2309 1107 2370 vobis
1125 2311 1219 2373 fidem
1288 2335 1292 2341 ·

49 2394 156 2456 lecerit
174 2397 213 2457 de
231 2395 441 2457 contractibus
453 2395 640 2457 mercatoriis
658 2395 870 2457 iudicantibus.
891 2395 953 2455 Sed
971 2394 1136 2470 satis-scio,
1154 2417 1218 2457 non

46 2492 137 2559 posse
156 2481 237 2554 heri,
253 2481 468 2560 nequicquam
486 2480 595 2540 horum
613 2481 661 2541 vel
678 2480 797 2560 probet,
815 2481 866 2541 vel
881 2481 1068 2560 pershadeat
1091 2480 1153 2541 Sed
1171 2480 1217 2541 his

46 2560 194 2640 omissis,
210 2567 291 2649 agite
310 2587 365 2646 per
382 2566 473 2637 deos,
496 2554 632 2639 ludices,
657 2565 683 2625 si
701 2546 885 2645 comiaclum
904 2565 1078 2638 accidisset,
1104 2579 1136 2625 et
1153 2587 1218 2626 non

41 2647 133 2713 istius
153 2652 248 2712 frater
265 2651 425 2710 defunctus
444 2649 602 2730 pecuniam
620 2650 695 2709 mihi
713 2651 879 2724 debuisset,
898 2652 951 2710 sed
972 2671 1033 2733 ego
1048 2648 1133 2719 fratri
1152 2650 1218 2711 eius

41 2736 197 2797 talentum
215 2749 269 2796 aut
285 2730 441 2818 octoginta
458 2736 571 2809 minas,
588 2747 641 2801 aut
657 2736 725 2816 plus
743 2736 997 2799 minueres-num
1016 2736 1144 2816 putatis,
1161 2737 1243 2795 La„
1276 2777 1280 2782 -
1333 2781 1338 2789 ,

41 2822 161 2882 critum
179 2823 284 2883 eadem
301 2821 393 2881 verba
409 2820 503 2881 fuisse
521 2821 697 2894 allaturum,
722 2821 832 2900 quibus
850 2843 932 2882 nunc
949 2821 1060 2881 abusus
1081 2834 1143 2895 est,
1166 2833 1220 2880 aut
1315 2860 1318 2866 ·

41 2928 73 2967 se
87 2904 238 2967 heredem
258 2928 323 2966 esse
341 2919 531 2989 negaturum,
549 2906 708 2969 cedentem
725 2907 824 2967 fratris
843 2906 943 2980 bonis,
962 2920 1068 2970 etnon
1086 2905 1219 2967 acerbis-

41 2991 122 3052 dms
147 3013 240 3052 ame
266 3003 455 3066 exacturum,
483 2991 562 3051 sicut
580 2992 680 3074 exegit
696 2990 733 3053 ab
751 2992 833 3066 aliis,
858 2991 978 3071 siquis
1002 2991 1047 3052 illi
1071 2992 1217 3053 defuncto

41 3075 168 3150 lebuit,
183 3078 231 3138 vel
249 3076 419 3150 Phaselide,
435 3075 484 3137 uel
503 3076 575 3136 alibi
590 3075 727 3161 uspiam?
754 3077 875 3152 Quodsi
893 3091 1033 3138 nostrum
1052 3075 1160 3157 aliquis
1178 3076 1233 3137 ab,

41 3173 105 3222 sto
133 3176 291 3223 accusatus
315 3161 524 3241 exceptionem
543 3183 699 3242 opponere
718 3175 798 3221 esset
818 3184 907 3223 ansus
927 3163 965 3223 de
983 3183 1047 3223 non
1066 3163 1163 3223 danda
1188 3161 1217 3222 ei

41 3247 184 3309 notione:
203 3247 274 3307 satis
292 3248 366 3320 scio,
383 3246 476 3308 suisse
495 3268 565 3307 eum
582 3247 810 3330 indignaturum
830 3261 861 3307 et
878 3262 1117 3329 conquesturum
1136 3247 1218 3328 apud

41 3354 117 3406 sos,
136 3333 344 3405 dictitantem,
361 3332 466 3413 inique
484 3354 587 3393 secum
605 3332 664 3415 agi,
683 3345 714 3393 et
730 3332 837 3392 violari
855 3334 956 3415 leges,
974 3334 1000 3392 si
1020 3335 1087 3413 quis
1106 3334 1135 3393 ei
1153 3353 1217 3393 non

41 3418 176 3478 dandam
194 3419 344 3478 actionem
363 3417 396 3476 in
414 3431 570 3478 contractu
589 3417 769 3478 mercatorio
788 3419 1022 3498 pronuntiasset
1065 3418 1136 3478 Tibi
1158 3417 1218 3500 igi-

41 3516 111 3576 ιω,
127 3505 264 3576 Lacrite,
283 3504 395 3563 iustum
413 3502 495 3562 istud
514 3524 579 3563 esse
598 3502 733 3563 videtur:
751 3503 918 3565 mibivero
937 3503 1217 3584 quamobrcmnon

41 3589 125 3649 erit?
159 3589 277 3649 Annon
295 3587 443 3648 universis
468 3588 558 3648 nobis
584 3588 708 3649 eaedem
726 3588 808 3671 leges
827 3590 1061 3670 scriptae'sunt,
1087 3602 1117 3657 et
1134 3588 1216 3648 idem
1255 3646 1263 3654 ,

41 3671 97 3734 ius
112 3675 151 3734 de
168 3673 356 3734 mercatoriis
374 3672 568 3734 actionibus?
603 3674 835 3754 Quemquamne
861 3675 902 3735 ita
920 3670 1081 3736 vecordem
1101 3693 1166 3734 esse
1186 3686 1218 3733 et

41 3778 153 3819 omnes
171 3759 314 3819 mortales
332 3758 459 3823 vincere¹
471 3757 681 3839 improbitate,
710 3772 745 3819 ut
762 3761 943 3839 persuadere
955 3760 1047 3837 ‚vobis
1066 3759 1217 3832 instituat,

41 3855 80 3904 ut
98 3844 285 3921 decernatis,
316 3864 380 3903 non
398 3844 525 3903 dandam
545 3864 611 3903 esse
628 3843 780 3904 actionem
798 3845 830 3904 iu
849 3867 935 3906 cansa
954 3844 1010 3907 bae
1028 3844 1224 3917 mercatoria,
1319 3894 1324 3919 ,

42 3950 115 3989 eum
139 3951 197 3990 vos·
219 3950 302 3989 nunc
325 3929 519 4003 mercatorias
542 3951 644 3989 causas
669 3930 863 4010 disceptetis?
891 3931 952 3991 Sed
971 3931 1043 4011 quid
1067 3930 1169 4004 iubes,
1195 3950 1216 3989 o
1286 3981 1289 3987 .

42 4014 182 4075 Iaca-ite?
206 4015 279 4074 Nou
298 4014 369 4074 satis
387 4035 451 4074 esse
465 4036 586 4088 censes,
604 4034 661 4074 nos
679 4015 812 4075 fraudari
828 4016 967 4096 pecunia,
985 4038 1077 4094 qoam
1092 4027 1217 4075 mutua-

45 4099 142 4160 vimus
159 4099 264 4160 uobis:
282 4101 371 4159 seda
387 4099 474 4160 vobis
493 4100 525 4159 in
542 4099 663 4160 vincula
681 4100 808 4175 coniici,
827 4102 937 4161 mulcta
955 4101 1081 4182 insuper
1098 4100 1215 4185 irroga·
1302 4118 1305 4123 “

46 4198 91 4259 ta,
114 4187 147 4245 ni
164 4180 363 4246 solverimus?
400 4185 482 4260 Quid
500 4184 652 4266 iniquius,
669 4186 743 4266 quid
760 4185 933 4269 indignius,
951 4186 1026 4268 qnid
1042 4185 1132 4249 uobis
1147 4199 1214 4247 tur-

47 4270 198 4351 piusheri
217 4283 324 4351 queat,
350 4271 487 4343 ludices,
513 4292 602 4352 quam
622 4292 694 4346 eos,
720 4271 772 4352 qui
797 4271 830 4333 in
846 4284 952 4335 vestro.
968 4285 1101 4334 mercatu
1119 4293 1214 4355 pecu-

48 4355 293 4419 sismundum
309 4356 477 4419 mutuarint
485 4366 588 4439 'eaque
599 4358 829 4435 defraudentur,
845 4379 863 4418 a
877 4354 1216 4423 debitoribueetlnu-
