2722 4754
108 158 218 262 ιιι
257 210 259 213 ·
420 174 785 306 ιιιιιιιιιιιιιιιιι
820 155 1029 305 ιιιιιιιιι
1095 172 1097 180 ‘

11 334 32 415 ,¹
98 350 253 433 '‘snbl'ato
271 312 385 414 iudicio
410 302 599 432 periculique
616 344 721 413 metu?
764 354 875 434 Legum
892 351 980 412 vobis
1000 351 1090 452 etiam
1109 359 1176 411 eam
1194 326 1313 434 legem,

109 437 210 522 vquac
235 438 393 530 sequitur·
417 457 453 497 er
478 456 536 516 qna
557 432 746 518 perspicietis
766 449 797 497 et
819 437 949 497 aliorum
976 431 1088 498 civium
1111 448 1312 551 vestramque

106 539 108 543 ’
130 520 356 642 verecundiam,
375 524 417 582 et·
423 521 509 583 istius
528 522 751 585 confidentiam.
795 523 901 636 Recita
918 523 1024 626 legem.

660 675 775 723 LEX.

218 779 376 862 Euagorus
403 777 493 853 dixit,
518 799 587 838 cum
605 776 717 836 Bacchi
741 776 915 837 festivitas
905 798 938 836 ιιι
956 775 1092 841 Piraeeo
1112 788 1176 850 est,
1194 789 1237 837 e't
1254 792 1312 836 co-

132 864 254 938 moedi,
272 877 303 925 et
319 864 473 951 tragoedi.
501 876 533 924 et
550 884 619 922 cum
637 863 753 922 Lenaea
771 883 881 944 pompa
900 876 961 937 est,
979 877 1010 924 et
1027 863 1183 964 tragoedi,
1203 860 1237 923 e't
1253 872 1316 922 co·-

131 950 250 1014 moedi.
268 961 299 1010 et
313 967 386 1010 enm
402 946 528 1009 urbanis
546 946 783 1008 Bacchanalibus
802 968 913 1029 pompa
933 961 992 1022 est,
1011 962 1043 1008 et
1058 948 1164 1030 pueri,
1183 962 1221 1008 et
1234 954 1310 1009 coe-

130 1051 197 1132 tuq,
216 1047 248 1096 ct
264 1032 424 1116 comoedI,
449 1044 480 1093 et
496 1031 653 1132 tragoedi:
678 1043 709 1091 et
723 1031 762 1091 in
776 1032 1020 1133 Thargeliprum
1033 1056 1156 1116 pompa
1153 1047 1195 1094 et
1213 1033 1310 1094 lndo‘:

64 1170 67 1178 .
107 1185 109 1193 ,
131 1126 171 1185 n'e
173 1111 279 1181 liceat
296 1120 344 1180 vel
362 1119 509 1202 pignora,
534 1118 582 1179 vel
601 1117 781 1198 quicquam,
801 1118 885 1198 quod
902 1118 942 1178 sit
960 1120 1109 1193 alterius,
1106 1139 1249 1219 capere,
1266 1138 1310 1219 ιιι

128 1204 254 1278 illorum
252 1205 417 1307 quidem,
425 1226 478 1288 qur
468 1203 532 1264 ad
545 1204 625 1283 diem
644 1223 719 1285 non
725 1203 920 1303 solverint,
900 1225 931 1262 ιιι
945 1203 1029 1264 hisce
1048 1205 1173 1265 diebus.
1189 1203 1219 1266 'si
1236 1202 1308 1285 qnis

129 1306 232 1397 putem
250 1291 283 1351 in
301 1291 410 1350 horum
430 1289 555 1370 aliquod
583 1266 786 1371 commiserit,
812 1288 858 1363 ei,
884 1286 937 1368 qui
955 1310 1059 1371 passus
1079 1304 1125 1351 est
1149 1290 1307 1376 iniuriam,

3 1440 10 1451 ,
98 1379 176 1450 ,ius
197 1389 263 1439 esto
281 1375 442 1438 accusandi
460 1387 491 1434 et
508 1373 717 1475 conquerendi
732 1363 774 1434 de
792 1373 874 1433 illo
864 1396 897 1435 ιιι
916 1376 1066 1435 concione
1083 1376 1116 1437 in
1124 1369 1216 1436 aede
1227 1370 1352 1436 Bac·
1331 1416 1341 1449 ,

13 1516 21 1537 ,
91 1490 94 1505 ι
130 1464 180 1526 clri
198 1475 396 1546 congregata,
406 1474 550 1542 tanquam
569 1461 633 1521 de
613 1459 747 1535 iniurio,
766 1459 1022 1571 quemadmodum
1037 1463 1075 1521 de
1088 1461 1181 1521 aliis
1171 1460 1306 1522 rninrio-

42 1605 47 1616 ,
87 1564 99 1589 ²
130 1550 171 1632 sis
187 1547 390 1632 perscriptum
409 1558 490 1606 est
837 1584 840 1589 ·
1031 1595 1032 1602 ,
1136 1566 1191 1605 r‘

216 1629 357 1716 Cogitate
376 1631 509 1705 ludices,
534 1629 654 1704 cumin
676 1631 780 1712 priore
798 1629 867 1714 lege
884 1631 958 1692 de'
948 1631 1105 1709 iniuriosis
1122 1630 1305 1732 agatur,in

123 1720 200 1799 'hac
210 1738 265 1778 vos
292 1716 529 1797 conquestiones
557 1715 640 1775 de''
619 1737 674 1789 us,
697 1716 753 1816 qul
780 1716 906 1776 dilatum
933 1734 982 1778 aes
1007 1718 1139 1778 alienum
1139 1716 1304 1802 exigunt,

42 1800 50 1863 ῗ
130 1816 183 1866 ant
201 1801 319 1884 quidvis
337 1800 469 1862 alienum
488 1799 621 1880 capiunt,
638 1813 690 1860 aut
707 1800 767 1860 vim
785 1801 909 1876 saciant,
928 1805 1120 1864 concessisse
1138 1803 1216 1862 Nam
1232 1815 1302 1864 tan-

60 1895 62 1904 *
129 1901 211 1967 tum
208 1888 319 1962 abest,
339 1900 377 1948 ut
393 1887 477 1946 hisce
503 1884 610 1946 diebus
635 1899 744 1966 corpus
771 1887 966 1967 cuiusquam,
995 1902 1047 1949 aut
1063 1889 1302 1949 instrumentum

1 2009 7 2022 ·
38 1984 42 2000 ¹
130 1975 248 2062 privato
267 1985 372 2034 sumtu
387 1972 502 2033 adhoc
519 1956 629 2030 munus
657 1972 831 2032 consectum
850 1973 929 2033 laedi
947 1987 1100 2056 oportere
1109 1974 1304 2047 censueritis,

129 2073 184 2160 nt,
203 2078 279 2160 quae
288 2058 364 2118 iure
384 2069 415 2118 et
431 2056 582 2118 sententia
600 2056 736 2116 indicum
755 2064 861 2118 eorum
878 2058 974 2158 fiupt,
1000 2060 1053 2138 qui
1069 2060 1192 2134 vicere,
1204 2058 1301 2121 uictis

49 2171 53 2178 ·
130 2145 297 2245 primisque
321 2126 565 2229 possessoribus,
591 2140 650 2201 boc
665 2141 800 2222 quidem
826 2156 908 2203 certe
927 2143 1073 2218 infesto,
1098 2144 1303 2206 restitueritis.

129 2230 252 2291 'lbnta'
243 2229 354 2312 igitur,
372 2219 592 2300 Athenienses,
610 2238 708 2289 vestra
727 2228 864 2287 omnium
884 2241 930 2289 est
948 2242 980 2288 et
996 2230 1166 2291 humanitas
1186 2242 1228 2290 'et
1232 2230 1302 2329 pie-

129 2328 198 2390 tas,
216 2327 252 2375 ut
269 2313 352 2375 hisce
372 2311 479 2375 diebus
497 2313 562 2373 de
552 2312 672 2371 iniuriis
697 2312 780 2392 prius
799 2312 884 2375 factis
903 2333 1017 2395 poenas
1036 2316 1115 2374 sumi
1133 2314 1302 2376 vetueritis.

45 2403 109 2459 330
130 2396 237 2463 Midias
256 2413 357 2460 autem
375 2399 449 2460 his
441 2398 513 2480 ipsis
532 2397 638 2457 diebus
658 2414 704 2457 ea
709 2377 899 2478 perpetrasse
917 2399 1112 2484 ostendetur,
1131 2420 1208 2482 qnae
1226 2399 1301 2459 nlti-

128 2507 180 2549 mo
199 2469 349 2569 supplicio
369 2498 440 2545 sunt
463 2471 648 2543 vindicanda
691 2484 773 2543 Volo
792 2495 908 2558 autem,
933 2483 988 2543 ubi
1006 2474 1071 2545 ab
1061 2485 1151 2546 mitio
1170 2478 1301 2569 singula,

128 2592 206 2654 qnae
224 2591 384 2652 perpessus
403 2591 481 2644 sam,
499 2589 678 2650 exposuero,
697 2566 787 2628 etiam
806 2569 843 2629 de
861 2568 1039 2630 verberibus
1058 2571 1169 2644 dicere,
1188 2564 1306 2651 quibus

128 2678 177 2718 me
195 2670 351 2737 postremo
377 2655 500 2719 affecit
531 2653 608 2714 Nam
627 2672 663 2713 ex
677 2653 879 2715 omnibus
850 2674 913 2714 erus
940 2648 1126 2717 facinoribus
1145 2677 1184 2716 ne
1200 2678 1299 2716 unum

35 2789 37 2792 ,
129 2742 254 2842 quidem
273 2754 335 2815 est,
362 2739 401 2798 ob
422 2740 505 2820 quod
523 2734 617 2799 exitio
637 2739 746 2822 dignus
773 2740 902 2805 nonsit
930 2737 1008 2800 Cnni
1026 2741 1183 2803 Pandiona
1199 2741 1299 2802 tribus

128 2826 220 2889 tertio
239 2821 349 2887 abhinc
367 2845 447 2884 anno
458 2823 671 2905 praebitorem
688 2844 752 2884 non
770 2824 911 2896 haberet,
930 2840 1155 2928 convocataque
1173 2827 1297 2887 concio-

33 2915 36 2925 ’
128 2932 187 2984 ne,
204 2906 236 2970 in
256 2932 314 2992 qua
332 2922 503 2990 praetorem
521 2909 570 2969 lex
587 2909 673 2971 iubet
691 2909 791 2970 choris
809 2909 950 2989 tibicines
969 2911 1080 2972 ιιιιιίιο
1099 2914 1186 2985 dare,
1202 2912 1297 2973 verba

119 2995 160 3059 ct
170 2996 267 3079 iurgia
284 2995 510 3056 intercederent
526 2993 664 3077 (praetor
681 2995 761 3054 enim
780 3008 934 3056 curatores
952 2996 1061 3071 tribus,
1079 2986 1111 3056 hi
1125 3010 1299 3079 praetorem

36 3088 39 3097 '
74 3103 78 3108 ’
128 3079 335 3170 ιιιιιιιιιιιι)·
359 3101 417 3164 ego
436 3101 485 3140 me
502 3078 584 3140 ultro
610 3092 726 3140 sumtus
751 3081 1018 3163 suppeditaturum
1040 3104 1107 3142 sum
1131 3083 1323 3163 pollicitus,-

73 3188 75 3193 ’
122 3180 160 3229 et
172 3187 262 3240 cum,
259 3163 431 3248 sortitione
444 3162 531 3239 facta,
549 3164 624 3225 milri
639 3160 825 3227 obvenisset
825 3167 921 3247 prima
935 3167 1069 3227 tibicinis
1092 3167 1214 3244 electio,
1231 3189 1300 3242 vos,

53 3321 57 3325 ,
78 3321 81 3328 ,
127 3250 343 3324 Athenienses,
360 3251 495 3311 universi
512 3264 676 3332 utrumque
694 3272 887 3332 summopere
907 3253 1137 3333 comprobastis,
1155 3265 1192 3314 et
1203 3253 1298 3335 polli-

128 3336 305 3398 citationem
322 3357 470 3410 meam,c
454 3339 485 3396 t
501 3337 641 3397 fortunae
659 3336 896 3425 benignitatem,
914 3351 945 3398 et
962 3338 1123 3419 strepitum
1139 3339 1296 3441 plapsnm-

116 3438 189 3503 -que
205 3422 314 3495 talem,
334 3421 430 3502 qualis
449 3421 634 3482 laudantium
653 3435 684 3482 et
701 3410 917 3504 giatulantinm
935 3424 1016 3484 solet
1033 3443 1118 3498 esse,
1136 3424 1298 3485 excitastis.
1312 3426 1322 3439 ‘

1 3529 2 3537 ¹
26 3558 36 3571 ,
119 3500 235 3569 'Midias
254 3519 355 3567 autem
372 3505 466 3580 solus,
484 3518 520 3566 ut
537 3510 669 3588 apparet,
688 3508 825 3568 omnium
842 3508 993 3582 indoluit,
1012 3523 1042 3568 et
1059 3529 1109 3569 me
1125 3520 1193 3569 toto
1212 3508 1298 3570 aedi-

127 3590 220 3652 litatis
238 3598 376 3692 tempore
396 3592 591 3652 continenter
614 3593 758 3654 conviciis
777 3607 825 3654 cst
840 3588 1005 3660 insectatus
1024 3608 1055 3655 ct
1072 3593 1297 3667 interturbavit,

116 3689 188 3755 ¹tam
205 3677 303 3758 parvis
322 3698 412 3758 quam
429 3676 622 3738 maioribus
613 3699 650 3737 m
661 3679 761 3740 rebus.
797 3679 996 3760 Quantopere
1014 3693 1115 3740 autem
1133 3678 1224 3740 nobis
1240 3679 1297 3739 ad-

127 3762 267 3823 versandi
285 3763 391 3823 studio
407 3776 459 3823 aut
476 3763 654 3837 saltatores,
672 3785 750 3844 qnos
769 3764 880 3827 dimitti
898 3787 914 3825 a
932 3765 1093 3825 saltatione
1111 3762 1298 3849 postulabat,

40 3863 42 3866 ·
68 3842 111 3887 ·1.
128 3842 265 3920 vexarit,
289 3861 342 3908 aut
360 3868 449 3928 quam
468 3847 615 3909 molestus
633 3848 726 3909 luerit
742 3848 919 3910 lacessendo
948 3859 978 3910 et
995 3851 1150 3928 iubendo,
1168 3870 1202 3910 se
1220 3850 1297 3909 Bac-

107 3931 317 4017 ,ο1ιιιιιιιΙίιιιιι
323 3946 494 4005 curatorem
512 3934 652 4032 decerni,
669 3947 729 3994 aut
746 3948 881 4008 caetera,
907 3954 983 4014 qnae
1010 3936 1132 4018 generis
1158 3932 1297 3995 eiusdem

109 4012 237 4103 ἰιιίιι,
233 4017 376 4077 omittam.
411 4018 475 4080 Nec
494 4018 576 4077 enim
593 4018 680 4078 hoc-⁰
661 4040 798 4103 ignoro,
816 4039 883 4092 me,
901 4019 954 4098 qui
971 4032 1045 4080 tum
1054 4021 1144 4082 istius
1163 4019 1297 4087 insultus

114 4113 159 4163 ¹et
176 4094 374 4162 contumelias
398 4100 582 4177 tolerabam,
606 4105 643 4164 ιιι]
661 4116 773 4165 tantam
803 4103 986 4165 iracundiam
1011 4105 1175 4190 singulis
1164 4119 1297 4179 istorum

35 4238 39 4244 .
126 4186 287 4261 concitari,
313 4201 457 4268 quautam
471 4187 568 4248 ullum
591 4187 813 4248 atrocissimum
830 4189 945 4250 facinus
964 4208 1158 4253 commovere
1175 4175 1297 4290 potuis·
1327 4221 1336 4230 ·

102 4306 104 4308 ·
125 4282 187 4332 set:
205 4272 291 4332 vobis
309 4286 410 4361 antem
429 4271 570 4346 caeteris,
587 4273 623 4332 ad
641 4284 719 4353 qnos
739 4293 773 4334 ea
775 4271 868 4334 ‘nihil
885 4274 1064 4349 attinebant,
1081 4297 1154 4339 non
1162 4273 1298 4358 perinde
1315 4331 1318 4335 .

5 4430 17 4437 ο
124 4355 253 4428 fortasse
270 4356 412 4442 peraeae
433 4359 533 4441 digne
549 4353 662 4430 rideri,
686 4369 722 4418 ιιι
738 4358 926 4439 propterea
915 4380 947 4418 ιιι
971 4360 1119 4422 indicium
1146 4359 1299 4425 veniatur.
