2722 4754
400 153 669 262 anteusus
704 154 952 263 utuntur
1018 202 1041 265 ·,
1175 199 1238 260 2⁴9
1279 208 1320 237 s*

75 372 165 435 opera
180 350 248 413 talia
265 351 362 413 lromo
380 354 594 415 contumeliam
612 353 726 416 lecerit.
763 354 929 417 Enimvero
947 373 1017 418 enm
1035 374 1088 430 ea,
1105 375 1239 436 quorum

79 460 94 501 a
108 458 157 499 me
173 449 340 512 accusatur,
358 452 389 501 et
406 439 533 513 fecisse,¹
546 453 578 501 et
596 439 817 502 contumeliose
834 440 1169 516 fecisseconvincatur,
1187 442 1239 501 ln-

82 526 170 588 diees:
203 523 286 605 leges
305 524 343 584 de
361 536 482 585 caetero
501 539 574 587 sunt
591 526 815 600 consulendas,
852 546 888 586 ex
948 549 1033 587 arum
1050 526 1238 611 praescripto

85 634 136 675 ros
148 608 328 671 iudicaturos
346 629 413 670 esse
431 610 568 684 iurastis,
587 624 618 673 et
632 610 902 684 considerandum,
921 626 1036 692 quanto
1052 613 1188 674 severius
1208 624 1240 673 et

14 712 18 721 ·
89 697 188 784 gravius
212 693 269 754 hae
292 694 467 774 puniendos
492 694 654 758 statuerint
677 716 747 770 eos,
774 696 827 776 qui
846 697 913 757 data
932 718 1024 778 opera
1042 711 1074 759 et
1090 721 1146 781 per
1163 718 1239 759 cons

89 779 224 847 tumeliam
242 778 443 860 delinquunt,
461 803 553 862 quam
570 782 725 862 reliquos,
744 781 797 861 qui
814 781 874 841 alio
893 782 1036 863 quopiam
1054 786 1148 845 modo
1165 788 1255 865 pec-l¹

91 880 153 932 caut
189 863 324 924 Primum
341 866 380 926 de
399 868 470 927 dato
490 864 599 927 damno
618 868 674 928 liae
692 866 775 949 leges
794 886 901 927 omnes
923 866 974 951 (ut
990 867 1027 928 ab
1046 867 1094 945 his
1112 866 1239 952 ordiar),

90 950 181 1034 siquis
199 949 304 1024 volens
324 950 467 1012 damnum
487 953 622 1027 dederit,
650 953 791 1033 duplum:
819 953 845 1013 si
863 952 995 1028 invitus,
1020 954 1162 1034 simplum
1180 974 1237 1036 pro
1295 1000 1299 1005 -

13 1070 23 1085 ·
90 1042 147 1102 dito
165 1036 273 1095 damno
291 1036 410 1097 solvere
429 1036 543 1098 iubent
579 1036 718 1105 Meritoz,
735 1059 866 1118 aequum
886 1038 968 1099 enim
987 1050 1051 1113 est,
1075 1037 1238 1114 inlaesus,
1304 1074 1310 1087 ·

13 1115 48 1205 ξ’
88 1120 265 1186 rutlaetum
284 1134 348 1195 est,
365 1122 534 1184 adiuvetur.
569 1123 659 1184 Sonti
680 1135 782 1184 autem
799 1144 864 1183 non
883 1124 1009 1185 eandem
1027 1144 1158 1208 poenam
1175 1136 1237 1186 sta·

13 1210 15 1219 '
87 1213 148 1281 tuit,
170 1206 229 1266 sive
248 1205 372 1283 voleus,
399 1209 462 1269 sive
481 1209 593 1269 invitus
611 1208 725 1269 iecerit
760 1210 880 1269 Deinde
897 1209 981 1293 leges
999 1209 1173 1290 capitalium
1191 1209 1238 1270 fa-

83 1294 206 1356 cinorum
224 1292 331 1353 caedes
350 1294 481 1354 consilio
498 1295 591 1354 iactas
610 1307 710 1355 morte
726 1307 939 1375 perpetuoque
957 1295 1064 1355 exsilio
1083 1308 1115 1354 et
1131 1293 1236 1376 publi-
1258 1296 1319 1352 336

13 1434 19 1449 ,
82 1379 190 1441 catione
201 1375 355 1437 bonorum
369 1379 514 1459 puniunt:
533 1379 585 1459 qui
600 1393 702 1439 autem
716 1380 845 1440 fortuito
858 1376 985 1441 ‘eaedem
998 1379 1148 1455 fecerunt,
1165 1398 1239 1440 cum·

80 1464 124 1525 lais
138 1462 226 1523 mallo
244 1462 401 1523 remissius
421 1477 452 1525 et
469 1463 630 1523 humanius
652 1462 718 1525 esse
736 1465 889 1547 agendum
906 1478 1077 1527 sanxerunt
1120 1466 1186 1526 Nec
1201 1464 1246 1537 iu¹

75 1549 119 1610 laia
134 1559 248 1608 nutum
266 1547 444 1609 hominihus
467 1544 675 1631 petulantibus
694 1562 725 1610 et
742 1551 908 1630 protervis,
935 1553 989 1613 sed
1008 1552 1088 1612 etin
1106 1550 1234 1612 caeteris

71 1631 208 1694 omnibus
228 1633 313 1717 leges
337 1633 426 1694 iratas
453 1655 518 1694 esse
537 1634 679 1695 cernitur.
721 1635 799 1696 Nam
819 1658 896 1717 quae
914 1627 1003 1699 causa
1022 1650 1084 1711 est,
1110 1637 1137 1698 si
1156 1636 1235 1717 quis,

68 1716 215 1779 iudicatus
233 1718 330 1792 solvi,
347 1741 412 1779 non
429 1720 571 1795 solverit,
589 1742 645 1780 cur
660 1720 709 1780 lex
727 1721 878 1782 actionem
895 1725 979 1784 unde
992 1723 1027 1783 ,vi
1052 1744 1116 1782 non
1134 1722 1236 1804 priva·

64 1815 131 1864 um
146 1803 259 1878 secent,
276 1804 331 1864 sed
345 1806 382 1865 ad
401 1806 526 1866 erimina
544 1806 664 1887 publica
682 1805 789 1867 referri
807 1822 949 1889 oportere
967 1808 1128 1869 statuerit?
1145 1808 1235 1883 Quae

63 1889 144 1951 item
162 1910 246 1951 causa
262 1902 327 1964 est,
353 1891 379 1951 si
398 1892 465 1971 quis
483 1893 588 1953 volens
608 1914 624 1952 a
641 1893 764 1971 volente
789 1892 911 1954 talentis
930 1893 1058 1976 singulis
1076 1893 1126 1954 vel
1143 1892 1238 1967 binis,

60 1974 114 2033 vel
133 1975 220 2036 denis
244 1974 506 2058 etiameacceptis,
530 1974 728 2052 defraudarit,
757 1999 811 2038 cur
828 1978 857 2037 ei
880 1978 959 2038 nihil
985 2000 1055 2038 cum
1076 1977 1239 2059 republicn
1265 1968 1288 2016 '1

60 2059 184 2142 negotii
200 2061 260 2121 sit?
288 2060 343 2120 Sin
362 2062 477 2142 aliquid
495 2064 599 2147 exigui
615 2063 743 2123 omnino
760 2062 853 2145 pretii
871 2064 998 2145 ceperis,
1014 2063 1108 2143 idque
1124 2063 1156 2123 vi
1174 2061 1237 2121 eri-¹

60 2144 184 2226 pueris:
213 2147 403 2207 tantumdem
438 2149 611 2209 convictum
637 2149 764 2208 aemuio·
779 2148 906 2222 dehere,
941 2161 1087 2229 quantum
1115 2146 1235 2207 homiui

59 2228 190 2311 privato,
208 2230 291 2315 leges
310 2230 425 2294 iubent
450 2232 790 2309 Quamobremi'Quia,
807 2254 1009 2314 quaecunque
1026 2233 1056 2294 vi
1074 2244 1235 2316 geruntur,

59 2335 240 2376 communes
259 2336 326 2378 esse
344 2317 469 2379 iniurias
489 2320 579 2379 etiam
596 2320 651 2394 iis,
668 2319 706 2378 ad
725 2338 802 2398 quos
820 2318 897 2379 illud
912 2320 1073 2401 ¹negotium
1092 2316 1170 2377 nihil
1188 2328 1234 2377 at-

57 2399 190 2477 tineret,
208 2401 366 2485 legislator
383 2405 516 2465 censuit:
539 2402 788 2484 robur'oorporis
806 2425 989 2485 paucorum,
1007 2404 1091 2486 leges
1109 2403 1234 2463 uuiver-

36 2521 40 2528 ·
57 2506 166 2546 sorum
184 2506 269 2549 esse:
286 2508 372 2562 eum,
387 2490 439 2570 qui
457 2491 649 2574 transegerit,¹
667 2488 737 2563 sibi,
755 2489 805 2549 cni
818 2489 867 2550 uis
885 2490 965 2549 facta·
981 2489 1031 2562 sit,
1047 2486 1235 2569 reipublicae

56 2572 140 2632 velle
157 2573 350 2636 satisfactum.
369 2575 565 2657 Quapropter
582 2579 671 2645 etiam
689 2574 785 2656 ipsius
804 2574 1007 2636 contumeliae
1024 2573 1236 2635 accusationes

56 2657 158 2720 cuivis
175 2658 304 2734 liberas,
331 2660 393 2721 litis
411 2661 655 2721 aestimationem
673 2673 769 2721 totam
786 2659 939 2741 publicam
957 2660 1046 2737 lecit:
1074 2659 1158 2740 quod
1171 2662 1234 2739 'pu-

58 2755 163 2817 taret,
179 2743 220 2807 ab.
232 2764 288 2818 eo,
307 2749 360 2826 qui
378 2747 599 2807 contumeliose
618 2765 707 2828 agere
725 2743 916 2818 institueret,
936 2765 1001 2805 non
1018 2764 1087 2804 eum
1105 2755 1235 2816 tautum,
1286 2804 1293 2815 ,

56 2828 113 2888 eui
132 2828 207 2891 sacta
224 2843 315 2904 esset,
333 2831 453 2904 iniuria,
470 2832 524 2891 sed
542 2830 759 2913 rempublicam
779 2829 869 2889 etiam
887 2829 1027 2905 laedi,'et
1044 2830 1083 2904 ei,
1101 2828 1154 2910 qni
1171 2828 1235 2887 lae»

56 2935 122 2973 sus·
133 2927 229 2989 esset,
247 2916 511 2983 animadversione
529 2915 685 2977 satisfieri:
703 2935 760 2975 nec
779 2916 888 2977 decere
906 2935 997 2989 eum,
1014 2914 1156 2975 iniuriam
1174 2912 1235 2973 sibi

55 3000 170 3060 iactam
187 3001 320 3062 vendere
339 3002 474 3083 pecunia.
507 3003 547 3063 Et
563 3021 627 3062 rem
646 3021 745 3081 usque
763 3001 840 3062 adeo
860 3001 1062 3084 exaggeravit,
1079 3012 1124 3073 ut,
1141 2998 1168 3059 si
1184 2998 1235 3059 vel
1270 3052 1275 3058 .

55 3106 149 3146 servo
173 3086 359 3148 contumelia
386 3087 463 3147 facta
485 3087 596 3161 fuerit,
627 3109 691 3148 non
719 3085 820 3147 minus
845 3086 878 3147 in
907 3106 941 3147 ea
968 3108 1056 3147 cansa
1081 3083 1235 3167 publicam

57 3171 211 3232 actionem
231 3173 357 3233 dederit
391 3174 456 3233 Nec
474 3173 555 3232 enim
575 3174 708 3255 putavit,
724 3170 968 3253 respiciendum,
987 3172 1126 3252 quisnam
1145 3181 1236 3243 esset,

57 3257 115 3337 qui
134 3257 315 3333 laederetur,
333 3259 388 3318 sed
406 3258 578 3319 cuiusmodi
594 3279 643 3318 res
654 3272 754 3334 esset,
772 3279 849 3338 quae
865 3259 966 3318 fieret:
985 3279 1075 3338 quam
1087 3278 1162 3319 ,cum
1181 3254 1235 3314 de-

56 3343 174 3405 decere
191 3343 372 3425 reperisset,
399 3343 497 3404 sanxit
515 3356 546 3405 et
563 3343 678 3418 uetuit,
702 3365 742 3405 ne
759 3343 810 3404 uel
826 3344 860 3403 in
878 3364 1014 3418 servum,
1040 3342 1088 3403 vel
1108 3340 1235 3401 omuino

56 3427 93 3487 in
113 3449 295 3509 quemquam
314 3429 564 3490 committeretur.
599 3429 669 3502 Nou
688 3429 769 3490 enirn
788 3441 844 3503 est,
861 3450 925 3488 non
943 3440 1001 3504 est,
1018 3426 1236 3498 Athenienses,
1325 3446 1331 3463 ‘

58 3513 223 3595 quicquam
239 3536 343 3575 rerum
363 3516 500 3576 omnium
517 3514 741 3576 intolerabilius
760 3514 961 3586 contumelia,
979 3526 1032 3575 aut
1045 3513 1162 3573 maiore
1179 3530 1235 3571 vo-

57 3597 109 3658 bis
129 3620 197 3660 eum
214 3601 429 3685 indignatione
453 3600 677 3662 uindicandum.
703 3598 764 3660 Sed
783 3619 855 3681 cape
873 3600 969 3681 ipsam
987 3600 1086 3682 legem
1104 3600 1142 3658 de
1161 3617 1235 3657 cou-

7 3730 10 3737 .
54 3685 188 3747 tumeli'a
200 3698 238 3749 'et
247 3687 355 3749 'recita
397 3685 483 3747 Nihil
502 3685 812 3768 enim-praestabilius
833 3698 896 3760 est,
914 3706 1004 3766 quam
1021 3685 1118 3767 ipsam
1135 3685 1239 3766 legem,

31 3770 177 3832 wudird:
191 3786 234 3809 ¹'²·
350 3790 353 3795 '
476 3794 481 3801 '
1219 3796 1223 3801 ·

591 3929 613 3973 n
629 3929 649 3973 Ε
667 3929 707 3972 x.

145 4025 180 4087 Si
199 4027 268 4108 quis
287 4030 417 4110 aliquem
436 4030 620 4091 contumelia
638 4031 787 4105 affecerit,
806 4028 870 4091 sive
888 4048 1027 4110 puerum,
1046 4026 1109 4121 sive
1126 4023 1235 4088 mulie-

54 4128 145 4186 ΜΠ,
157 4113 234 4195 ,sive
246 4114 367 4197 uirum,
391 4116 543 4199 ingenuos
574 4128 627 4177 aut
645 4137 765 4190 servos,
790 4128 843 4176 aut
860 4114 976 4195 aliquid
1002 4111 1122 4195 legibus
1139 4110 1236 4172 inter·
1273 4118 1276 4123 “

55 4195 176 4259 dictum
195 4198 229 4259 in
252 4199 363 4262 horum
386 4195 518 4282 aliquem
536 4203 706 4264 admiserit:
722 4198 818 4277 eum,
844 4196 1122 4282 quicunque-volet
1137 4194 1236 4256 ntue-

55 4281 234 4359 niensium,
251 4287 302 4347 cni
319 4287 352 4348 id
369 4287 457 4362 licet,
476 4289 595 4352 deserto
613 4289 698 4371 apud
712 4288 861 4350 Serviros.
885 4284 1004 4348 Sexviri
1020 4295 1124 4346 auten
1139 4282 1241 4343 actio«

55 4384 134 4431 uem
151 4371 246 4433 dinto
270 4374 349 4454 apud
365 4373 522 4437 lleliaeam
547 4375 627 4439 intra
650 4375 717 4438 dies
735 4374 865 4458 triginta·
885 4372 927 4435 ab
948 4370 1074 4445 codic,
1091 4376 1169 4450 lquo-
1186 4386 1236 4427 rea
