2722 4754
481 126 969 274 iuvenentur-„¹0
1082 138 1234 243 ιιι
1326 133 1332 138 ’

64 332 147 392 inter
165 314 219 392 eos
238 333 277 392 de
295 327 588 414 scorto-ageretur),
602 330 651 411 ¹ad
669 348 795 391 coenam
813 329 927 404 itarunt
942 329 981 389 ad
989 342 1162 411 ‘utrumque
1181 351 1235 393 eo,-

63 440 152 490 rum,
176 429 245 478 cum
263 419 409 477 Neaeram
428 415 589 476 haherent:
616 415 680 497 ipsa
699 428 730 474 et
748 420 1006 476 concoenantem
1030 423 1234 497 computante,
1272 424 1275 437 ’

63 516 208 603 tanquam
227 503 394 563 meretrice
430 501 516 575 Quae
534 522 605 560 vere
623 523 640 560 a
659 523 707 559 me
726 501 785 560 dici
803 502 838 560 ut
856 513 986 572 constet,
1003 521 1077 562 voca
1096 501 1170 560 mihi
1187 515 1234 560 te-

64 601 136 661 stes,
156 589 210 668 qui
227 612 287 649 uua
305 589 477 659 adsuerunt,
494 587 649 646 Eubulum
661 585 878 693 Probalisium,
896 585 1074 666 Diopithem
1092 587 1234 650 Meliten

65 695 140 748 sem,
159 671 322 735 ths'onem
342 694 357 732 e
377 669 518 732 Ceramis.

442 823 889 873 ΤΕ8ἸΙΙΙΙΟΝΙΙΙΜ.

150 927 288 986 Eubulus
307 923 510 1009 Probalisins,
533 927 695 1007 Diopithes
715 894 902 1000 Melitensis,
929 907 1044 988 Cteson
1063 950 1079 988 e
1099 923 1249 988 Ceramia

63 1016 232 1087 testantur,
257 1026 416 1093 postquam
440 1011 576 1094 Phrynio
601 1025 633 1071 et
651 1013 821 1095 Stephanus
849 1013 886 1073 de
910 1010 1061 1076 Neaera
1051 1035 1083 1072 m
1107 1014 1232 1096 gratiam

63 1098 220 1172 redierint,
237 1118 326 1177 saepe
345 1119 377 1157 se
397 1114 601 1158 concoenasse
620 1098 663 1157 eis
683 1111 714 1159 et
731 1111 925 1183 compotasse
937 1120 1005 1157 eum
1019 1077 1135 1167 Neaera
1150 1112 1232 1158 nunc
1255 1103 1316 1161 371

49 1199 124 1258 ιιι,
143 1198 203 1243 tam
222 1205 290 1242 cum
309 1183 387 1263 apud
404 1182 590 1263 Stephanum
610 1196 688 1243 esset
700 1184 827 1257 Neaera,
845 1206 934 1263 qnam
953 1204 1021 1244 cum
1040 1176 1119 1312 apud
1133 1177 1291 1268 Phry

63 1271 196 1330 nionem
920 1304 922 1309 ·

45 1388 50 1408 ι
149 1354 250 1425 Eam
242 1354 336 1435 igitur
353 1352 416 1412 ab
408 1353 496 1413 initio
516 1319 609 1412 luisse
627 1377 761 1427 servam,
789 1367 820 1414 et
837 1336 989 1412 venditam
1009 1304 1071 1427 his,
1091 1368 1127 1414 et
1139 1376 1232 1433 quae

64 1453 144 1500 stum
163 1439 270 1499 fecisse
290 1458 430 1519 corpore,
446 1450 482 1497 ut
499 1438 706 1514 meretricem,
726 1453 768 1498 et
773 1462 790 1499 a
788 1438 994 1522 Phrynione
1004 1441 1148 1520 Megara
1144 1440 1233 1497 ausu-

63 1526 159 1607 gisse,
187 1537 218 1584 et
239 1544 389 1587 reversam
414 1523 588 1582 vadimonio
611 1523 704 1584 fuisse
724 1524 888 1606 obligatam
911 1525 991 1603 apud
1015 1524 1088 1585 belli
1113 1512 1231 1598 ducem,

62 1624 99 1670 nt
116 1610 322 1692 peregrinam:
341 1621 373 1668 et
391 1608 530 1668 oratione
546 1607 633 1668 vobis
649 1610 826 1669 demonstro
846 1622 877 1668 et
893 1608 1076 1668 testimoniis
1096 1622 1141 1669 est
1158 1630 1231 1690 pro-

62 1695 176 1755 batum.
206 1694 371 1753 Ostendam
395 1705 496 1752 autem
521 1693 620 1766 vohis,
639 1707 669 1753 et
692 1696 790 1776 ipsirm
814 1694 1003 1774 Stephanum
1027 1695 1231 1768 testificatum,

64 1797 132 1839 eam
150 1801 216 1840 esse
234 1778 432 1858 peregrinam.
455 1776 561 1836 Filiam
581 1779 661 1838 enim
679 1780 823 1853 Neaerae,
842 1802 931 1858 quam
950 1799 984 1838 ea
1002 1801 1104 1840 seeum
1122 1801 1232 1860 parvu-

64 1867 123 1925 lam
150 1865 280 1945 puellam
307 1863 355 1921 ad
371 1885 457 1922 enm
466 1863 631 1924 adduxerat
655 1862 832 1967 (Strybelen
858 1878 923 1924 tum
948 1865 1113 1938 vocabant,
1147 1858 1246 1924 ιιιιιιιι

63 1947 274 2030 Phanonem),
301 1947 472 2028 Stephanus
490 1969 546 2028 pro
564 1971 617 2008 sua
635 1949 695 2008 filii
715 1951 833 2010 cuidam
849 1950 1062 2031 Atheniensi,
1074 1949 1250 2010 Phrastori‘
1298 2017 1309 2035 .

64 2035 251 2117 Aegiliensi,
277 2033 435 2107 collocat,
447 2034 519 2093 dote
542 2033 665 2116 triginta
685 2035 834 2135 minarum
858 2022 967 2095 addita
1002 2037 1044 2096 Ut
1068 2049 1168 2096 autem
1192 2035 1231 2096 ad
1288 2074 1291 2078 »

62 2120 257 2180 Phrastorem
276 2117 377 2196 venit,
387 2117 542 2177 hominem
554 2120 756 2193 laboriosum,
774 2121 887 2214 quique
905 2141 968 2178 rem
986 2120 1163 2181 familiarem
1180 2138 1232 2183 ac·

64 2218 168 2264 curate
191 2202 413 2279 ΙιιιῑιιιιιΙιιιΙΙ·
430 2202 494 2262 nbn
519 2216 638 2282 poterat
660 2205 712 2263 illa
729 2191 900 2264 Phtastoris
920 2205 1063 2265 delectari
1081 2205 1229 2306 moribus,
1279 2212 1286 2223 “
1312 2242 1313 2249 1

63 2292 118 2350 sed
143 2290 245 2349 matris
269 2283 407 2346 instituta
425 2287 611 2385 requirebat
618 2299 649 2346 et
666 2290 820 2348 eandem
811 2289 1041 2369 impunitatem,
1061 2296 1097 2353 ut
1121 2291 1153 2350 in
1176 2288 1254 2351 tali‘
1275 2326 1285 2349 ι

62 2375 185 2435 licentia
204 2369 335 2432 educata.
370 2360 533 2443 Phrastor,
547 2372 612 2450 qui
631 2393 696 2447 eam
715 2396 815 2474 raeque
833 2375 1000 2434 modestam
1019 2384 1084 2435 esse
1102 2375 1230 2450 videret,

63 2482 180 2539 neque
176 2458 247 2518 sibi
273 2456 474 2551 morigeram,
508 2457 660 2536 simulque
686 2460 863 2519 sciscitatus
881 2471 968 2519 esset
978 2467 1016 2519 *et
1039 2474 1229 2569 compertum
1275 2464 1281 2470 ’

66 2545 207 2616 haberet,
234 2565 299 2601 eam
322 2562 386 2600 non
411 2562 477 2601 esse
496 2541 642 2622 Stephani
666 2544 775 2617 filiam,
801 2546 854 2605 sed
873 2544 1022 2618 Neaerae,
1048 2561 1141 2626 seque
1165 2546 1229 2628 p‘ri-

48 2630 146 2690 mum
166 2631 343 2728 deceptum,
360 2646 432 2685 cum
452 2628 631 2726 desponsam
650 2642 685 2689 ut
702 2628 866 2709 Stephani,
890 2652 970 2703 non
972 2643 1007 2690 ut
1024 2629 1190 2732 Neaerae,
1192 2632 1229 2690 fi-

37 2717 133 2783 liam
149 2712 333 2794 accepisset,
353 2734 441 2790 quam
458 2713 626 2792 suscepisse
644 2714 815 2801 Stephanus
835 2736 871 2774 ex
888 2715 980 2776 altera
997 2734 1104 2776 uxore
1102 2716 1228 2813 ,prius-
1280 2708 1284 2717 ’

49 2814 153 2881 'quam
172 2799 307 2859 duxisset
321 2797 482 2870 Neaeram,
500 2797 668 2875 diceretur,
686 2799 733 2859 his
752 2796 893 2859 omnibns
912 2802 950 2860 de
967 2800 1064 2861 causis
1083 2802 1126 2863 ira
1145 2806 1228 2861 com'-
1258 2866 1261 2871 ,

61 2898 183 2957 motus,
198 2905 301 2984 seque
329 2894 359 2941 et
384 2882 575 2957 contumeliis
598 2884 740 2944 affectum
766 2898 798 2945 et
816 2886 979 2969 delusum'
980 2906 1046 2946 esse
1070 2906 1158 2968 aegre
1182 2887 1228 2945 fe-

63 2992 147 3053 pens,
167 2959 250 3029 eiicit
267 2968 442 3041 mulierem,
461 2990 551 3046 quam
567 2990 679 3028 annum
695 2971 759 3030 fere
777 2971 857 3050 apud
875 2964 941 3031 sese
960 2970 1134 3043 habuerat,
1141 2992 1228 3051 prae·
1278 3025 1282 3031 .

41 3068 223 3138 ,guantem,
249 3054 331 3114 dote
340 3072 403 3112 non
421 3051 545 3114 reddita.
581 3051 657 3114 Cum
675 3076 748 3115 vero
766 3055 986 3135 Stephanus
958 3077 999 3115 ei
1005 3056 1085 3115 diem
1104 3056 1229 3116 dixisset
1276 3104 1279 3108 .

48 3140 144 3221 'apud
163 3139 282 3199 Odeum
308 3140 345 3200 de
372 3139 443 3198 dote
468 3159 504 3220 ιιι
528 3138 613 3222 lege,
640 3162 716 3219 quae
735 3140 836 3201 iubet:
862 3141 895 3199 Si
918 3140 1067 3202 dimiserit
1085 3161 1229 3216 uxorem,

62 3226 171 3285 reddat
189 3227 307 3283 dotem:
337 3222 383 3281 sin
401 3223 520 3296 minus,
545 3238 655 3299 novem
673 3225 783 3285 obolos
801 3247 922 3288 usuram
941 3228 1068 3306 pendat,
1093 3238 1129 3286 et·
1141 3247 1227 3286 cura-

62 3310 123 3370 tori
142 3309 276 3368 mulieris
294 3329 350 3388 pro
369 3328 403 3366 ea
422 3308 465 3366 de·
477 3307 559 3367 victu
577 3310 614 3368 ad
633 3308 753 3370 Odeum
772 3312 861 3371 detur
878 3312 973 3372 actio:
995 3311 1141 3370 Phrastor
1158 3311 1226 3371 Ste-
1301 3352 1305 3361 ι

62 3394 196 3476 phanum
215 3394 294 3477 apud
312 3393 451 3452 Sexviros
471 3407 606 3468 accusat,
637 3416 724 3468 eum,
752 3417 822 3455 eum
839 3376 1127 3468 sitAtheniensib,
1138 3417 1226 3477 pere·
1276 3384 1282 3393 ⁵

62 3481 166 3561 grinae
190 3479 283 3566 liliam
301 3498 361 3559 pro
375 3499 429 3538 sua
445 3479 666 3593 despondisse,
691 3502 726 3542 ex
743 3480 811 3576 lege
830 3482 892 3544 hac.
927 3481 1030 3565 Age,
1038 3480 1134 3588 recita
1151 3480 1226 3541 mihi
1301 3475 1304 3487 '

60 3565 168 3661 legem

584 3720 605 3762 ι
622 3719 642 3762 n
659 3721 700 3766 ιι.
780 3738 785 3746 =
849 3688 856 3713 ¹
1197 3696 1200 3701 ’
1255 3694 1263 3721 “

147 3821 266 3923 Siquis
291 3834 392 3882 autem
414 3821 492 3882 viro
496 3821 681 3882 »Atheniensi
703 3822 894 3906 peregrinam
917 3792 1075 3884 mulierem
1097 3845 1155 3906 pro
1172 3847 1226 3886 sua
1265 3874 1284 3883 -

55 3908 240 3982 elocarit,'
231 3907 453 3990 ignominiosus
478 3919 559 3966 esto:
576 3920 615 3966 ·et
639 3907 704 3967 eius
728 3922 777 3967 res
802 3905 955 3969 familiaris
981 3909 1170 3990 publicetur,
1195 3923 1226 3972 et
1295 3950 1297 3961 ι

61 3995 157 4054 triens
177 4006 242 4052 esto
261 3993 344 4065 eius,
368 3993 423 4073 qni
431 4013 508 4053 euru
526 3992 707 4053 convicerit:
733 4007 853 4054 accuset
868 4005 969 4054 autem
986 3995 1065 4094 appd
1084 3995 1225 4075 Sexvirot
1286 4055 1293 4063 ,

37 4078 176 4158 ‘aliquis
189 4099 225 4136 ex
240 4077 436 4157 iis,qnibus
443 4076 535 4156 liqet,
546 4079 807 4158 quemadmodum
824 4079 1055 4161 peregrinitatis.
1104 4126 1107 4132 .
1139 4110 1171 4127 ·-
1218 4117 1223 4135 ι

38 4164 43 4179 “
147 4160 193 4221 Ac
211 4161 319 4261 legem,
338 4183 399 4242 qua
412 4161 584 4243 Stephanus
603 4185 618 4223 a
636 4163 798 4231 Phrastore
817 4179 863 4227 est
879 4165 960 4246 apud
977 4164 1118 4251 Sexviros
1134 4175 1224 4226 aoeu
1221 4169 1308 4227 ”372

59 4259 159 4320 satus,
191 4246 356 4314 audivistis.
389 4238 471 4309 Cum
484 4260 586 4308 autem
604 4249 808 4332 intelligeret,
837 4254 870 4312 s'e
889 4238 1061 4310 convietrirti
1079 4252 1117 4311 de
1134 4268 1238 4332 peres.

59 4331 166 4457 griuqe
181 4332 242 4392 filia
259 4318 420 4394 elocatum
433 4350 557 4396 summo
565 4333 742 4445 discrimine
756 4335 1228 4441 vummmmaaqaotsqturom

612 4558 622 4584 J
