2722 4754
332 218 336 223 .
435 148 708 271 anteusus
750 171 947 240 ιιιιιιιιι
1187 126 1288 273 ἰιι

91 329 235 408 quodvis
254 351 270 388 a
287 350 336 390 me
355 308 534 409 supplicium
553 314 681 420 exigito:
696 327 818 388 ultione
837 341 951 388 tamen
955 327 1134 389 iniuriarum
1153 342 1185 389 et
1200 349 1273 404 con·
1313 372 1328 408 ,¹

91 414 318 491 tumeliamm,
354 414 462 494 quibus
482 434 541 496 ego
561 435 629 486 sum
648 425 752 473 contra
769 414 862 496 leges
871 414 1017 487 assertus,
1052 414 1117 474 noli
1135 436 1183 475 me
1202 434 1273 496 spo·
1327 455 1331 461 -

73 494 186 559 liare.
228 494 282 558 Sin
307 498 361 558 illo
386 498 478 557 inodo
504 497 580 567 mihi
603 511 634 558 te
657 519 746 578 posse
765 498 842 558 male
859 496 958 559 facere
977 499 1140 561 diffidis:
1131 522 1188 560 ram
1213 500 1272 561 hoc

95 604 227 668 quoque
246 584 367 666 signum
385 582 478 664 suerit
495 604 580 643 meae
598 583 778 682 probitatis,
795 595 842 655 te,
862 606 915 682 qur
907 584 1008 645 alios
1027 568 1122 646 facile
1133 605 1273 646 accusare
1332 628 1340 639 «

97 670 216 744 solcas,
230 668 339 728 nihil
330 691 361 726 ιιι
380 689 428 726 me
445 668 597 749 reperire,
617 669 699 748 quod
718 667 893 727 crimineris
919 667 1022 728 Audio
1036 681 1182 750 porroet
1199 670 1272 730 Pbi-
1333 669 1337 672 ⁴

95 713 268 839 lippidein,
295 765 326 812 et
349 753 622 826 Mnesarchidem,
638 766 669 813 et
691 750 861 812 Diotiinum
879 753 1112 835 Euonymeum,
1138 778 1172 815 ac
1197 750 1272 816 tales

95 841 265 922 quosdam
269 838 377 898 divites
397 852 429 898 et
445 839 645 938 trierarchos,
672 838 863 898 intercedere
881 858 937 924 pro
958 859 994 898 eo
1013 839 1090 898 velle
1116 854 1146 901 et
1164 842 1272 923 depref

96 930 221 1008 οιιιιιοι
240 945 257 983 a
273 923 377 996 vobis,
396 937 431 983 ut
449 924 520 1004 ipsis
540 924 571 984 id
589 923 771 983 beneficium
789 936 1000 1005 praestetur
998 924 1046 982 Dc
1066 925 1176 1004 quibus
1195 924 1272 1017 nihil

83 1009 227 1072 'dixerim
246 1010 326 1090 apud
345 1030 398 1068 vos
418 1009 488 1068 mali
505 1007 684 1093 (insanirem
704 1009 784 1068 enim
802 1031 829 1069 er
820 996 1006 1090 facerem):
1036 1011 1090 1068 sed
1108 1032 1185 1089 quae
1204 1032 1272 1091 spe-

96 1094 208 1157 ctanda
226 1093 333 1166 vobis,
350 1116 419 1153 curn
438 1093 489 1153 isti
507 1095 730 1174 precabuntur,
749 1088 811 1154 sint
829 1107 860 1154 ct
878 1095 1114 1173 consideranda,
1122 1095 1207 1156 haec
1226 1096 1272 1155 di·-

28 1214 33 1223 ·
96 1203 172 1242 carn
205 1175 356 1261 Cogitate,
375 1179 552 1253 ludices,s1
571 1181 669 1263 (quod
688 1179 729 1239 dii
749 1196 839 1239 omen
856 1187 1001 1254 avertant,
1017 1200 1118 1260 neque
1136 1178 1204 1262 fiet)
1221 1173 1283 1240 isti'

96 1287 182 1328 nunc
199 1286 268 1348 curn
287 1264 380 1323 Midia
400 1279 431 1324 et
449 1265 625 1325 hominibus
644 1264 755 1324 Midiae
776 1265 924 1338 similibus
943 1265 1160 1366 rempublicam
1180 1266 1271 1326 occu-

98 1363 221 1435 parcnt,
247 1361 279 1408 et
302 1363 435 1409 vestrum
461 1349 570 1449 aliquis
597 1372 612 1409 e
636 1349 728 1431 vulgo
756 1363 786 1408 et
802 1349 930 1437 plebeiis
949 1351 1153 1410 hominibus
1144 1374 1176 1411 ιιι
1194 1352 1271 1411 isto·
1278 1390 1280 1394 ι

101 1459 169 1498 rum
193 1436 365 1532 quempiam
391 1435 607 1536 commisisset,
632 1454 697 1493 non
715 1434 804 1507 talia,
831 1432 930 1517 qualia
948 1435 1085 1495 Midias'
1076 1459 1107 1495 ιιι
1126 1458 1202 1510 me,
1217 1436 1271 1496 sed

99 1521 219 1602 quidvis
237 1515 339 1594 aliud,
357 1534 447 1600 atque
465 1521 497 1579 in
516 1519 663 1580 iudicium
680 1519 791 1579 talibus
810 1519 985 1580 bominibus
1003 1521 1178 1581 refertum
1168 1535 1271 1605 ingre-

96 1609 237 1668 deretur
266 1564 341 1686 quid
367 1606 472 1665 veniae
499 1618 552 1665 aut
575 1585 801 1672 misericordiae
827 1604 1061 1686 impetraturum
1085 1606 1272 1668 crederetis?
1317 1655 1318 1658 ,

95 1691 239 1753 Fortasse
257 1688 540 1773 gratificarentur?
542 1692 613 1750 Non
633 1703 714 1772 certe
732 1690 886 1770 plebeium
906 1712 1086 1772 quemquam
1106 1694 1269 1773 deprecan-
1280 1718 1312 1739 n

94 1776 165 1839 teni
181 1775 339 1850 audirent,
359 1778 412 1836 sed
431 1778 530 1836 statim
550 1776 741 1835 intonarent:
760 1775 887 1836 Huncce
905 1776 1058 1850 invidum,
1077 1777 1158 1846 bunc
1176 1778 1270 1858 pesti-

97 1862 226 1935 lentem,
242 1861 325 1921 hune
343 1862 464 1925 demum
484 1863 525 1922 ita
544 1882 608 1921 esse
627 1862 827 1961 petulantem
833 1883 866 1921 ac
886 1861 988 1920 efferri
1006 1862 1129 1937 animis,
1144 1863 1193 1922 cui
1211 1862 1272 1922 vita

97 1949 197 2010 licere
213 1946 272 2007 frui
289 1946 410 2006 abunde
430 1968 512 2007 esse
508 1942 711 2027 oportebat?
721 1945 794 2004 Ne'
784 1946 908 2045 gitur,
914 1946 1165 2019 Athenienscsst
1156 1969 1188 2006 ιιι
1207 1968 1271 2018 cos,

95 2033 154 2112 qui
174 2035 215 2094 ita
232 2031 389 2092 vobiscum
408 2045 547 2114 agerent,
565 2030 653 2090 aliter
671 2052 724 2090 tos
743 2030 866 2105 ιιιιιιιιιί
874 2031 964 2090 sitis:
989 2054 1090 2112 neque
1108 2033 1270 2093 auctorita-

94 2116 161 2180 teni
183 2119 314 2178 istorum
339 2117 545 2190 admiremini,
571 2118 624 2176 sed
641 2115 850 2196 vosmetipsos.
894 2115 990 2176 Multa
1013 2116 1072 2176 illis
1092 2116 1171 2176 bona
1183 2127 1271 2189 sunt,

38 2238 46 2247 .
97 2225 175 2284 quac
194 2203 353 2283 possidere
372 2224 462 2262 nemo
481 2224 534 2262 eos
559 2200 709 2282 prohibet.
752 2201 806 2260 Ne
824 2201 918 2283 igitur
941 2201 999 2282 ipsi
1018 2196 1142 2283 quoqu‘e
1159 2223 1213 2262 vos
1232 2201 1270 2261 li-

94 2288 263 2367 bertatem,
296 2310 385 2367 quam
412 2287 498 2348 vobis
526 2306 717 2346 communem
745 2286 970 2366 possessionem
997 2287 1079 2369 leges
1104 2299 1267 2368 praestant,
1292 2292 1343 2347 37<

93 2373 257 2455 possidere
275 2373 469 2454 prohibento.
512 2371 596 2430 Nihil
615 2372 756 2431 acerbum
775 2385 827 2431 aut
844 2392 934 2454 grave
952 2371 1060 2432 Midias
1077 2373 1227 2454 patietur,
1244 2373 1270 2432 si

64 2500 68 2515 .
94 2460 164 2519 eius
175 2459 342 2538 *facultates
360 2459 550 2539 plebeiorum
566 2457 686 2537 opibus,
705 2476 781 2536 quos
799 2478 880 2516 nunc
898 2456 1072 2532 insectatur,
1092 2479 1169 2538 quos
1183 2479 1269 2517 men-

73 2592 76 2597 ,
95 2545 186 2605 dicos
204 2543 352 2617 nominat,
371 2543 594 2623 aequabuntur,
616 2555 741 2622 etquac
759 2542 863 2622 copiae
882 2564 966 2601 ιιιιιιο
983 2563 1052 2602 eum
1071 2543 1108 2613 ad
1126 2543 1270 2602 ferociam

56 2692 61 2701 ,
93 2628 249 2711 incitant,
271 2650 323 2692 eae
341 2630 525 2689 adimentur.
560 2628 668 2708 Neque
693 2627 768 2686 istos
792 2626 908 2686 scilicet
933 2628 1020 2687 decet
1044 2651 1060 2687 a
1085 2627 1171 2688 vobis
1195 2628 1270 2687 hacc

96 2717 229 2795 precari:
256 2715 303 2773 Ne
323 2716 489 2774 secundum
509 2713 591 2796 leges
610 2714 686 2772 ferte
705 2712 903 2783 sententiam,
922 2711 1054 2772 ludices:
1080 2734 1119 2772 ne
1139 2712 1269 2792 opitula-

98 2799 181 2860 mini
171 2798 329 2881 indignis
347 2812 475 2859 tractato
493 2798 611 2857 modis:
647 2819 685 2856 ne
704 2810 806 2856 curate
826 2796 1049 2856 iusiurandum:
1085 2797 1117 2856 in
1135 2802 1279 2857 nostram·

94 2885 225 2968 gratiam
253 2883 313 2943 hoc
331 2886 452 2944 facite.
472 2885 554 2952 Haec
581 2883 661 2941 enim
687 2884 712 2956 si
732 2905 784 2961 qur
775 2881 1023 2962 precabuntur,
1048 2902 1104 2962 pro
1122 2882 1182 2942 isto
1201 2902 1270 2962 pre·
1309 2921 1312 2925 ,

77 2968 268 3043 -cabuntur,
286 2970 405 3030 tametsi
424 2992 487 3029 non
507 2970 611 3035 eadem
629 2967 720 3026 verba
737 2966 920 3048 usurparint.
945 2966 1066 3041 Quodsi
1084 2967 1172 3026 amici
1190 2979 1271 3040 sunt,

94 3074 157 3116 nec
181 3055 359 3129 serendum,
386 3078 411 3114 ει
402 3054 536 3114 'Midias
557 3054 639 3121 dives
659 3074 721 3126 uon
740 3053 796 3125 sit,
823 3073 888 3112 csse
906 3063 1030 3132 putant:
1053 3051 1113 3132 ipsi
1139 3051 1271 3133 cumpri-

96 3140 158 3201 mis
176 3142 296 3222 pollent
314 3140 439 3222 opibus,
465 3139 557 3219 idque
583 3158 673 3198 nemo
700 3138 742 3197 cis
767 3137 890 3199 invidet
933 3137 1123 3199 Pecuniam
1114 3139 1209 3220 igitur
1225 3135 1328 3198 illi

55 3301 60 3308 ι
98 3226 141 3287 de
160 3246 214 3286 suo
233 3225 408 3326 largiantur,
427 3236 462 3284 ut
480 3239 510 3284 et
528 3246 592 3298 vos,
612 3223 721 3324 quibus
741 3222 916 3283 derebus
906 3223 996 3283 aurati
1015 3224 1126 3282 sedetis
1145 3215 1298 3296 iudices,

28 3306 33 3315 ’
97 3311 137 3372 iis
158 3312 195 3372 dc
211 3311 332 3371 rebus'
323 3325 364 3371 ιιι
382 3309 606 3412 ιιοιιιιιιιίιιίε,Ι
628 3322 663 3368 ut
682 3309 796 3369 iustitia
813 3309 963 3396 postulat,
987 3321 1017 3369 et
1034 3307 1085 3368 isti
1092 3300 1175 3410 qe
1160 3319 1272 3368 semet-

98 3395 190 3498 ipsis,
217 3398 282 3457 non
301 3419 368 3456 cum
388 3396 554 3480 ignominia
573 3408 688 3467 vestra,
714 3391 886 3477 largiantur
931 3393 964 3451 Si
983 3393 1091 3453 divites
1108 3394 1161 3452 asti
1178 3415 1270 3474 pecu-

100 3482 182 3542 niam
199 3482 358 3565 negligere
377 3495 428 3542 aut
446 3483 583 3542 amittere
602 3480 727 3540 nolunt:
747 3502 804 3559 qua
820 3479 921 3538 sconte
936 3498 990 3537 vos
1009 3476 1204 3545 iurisiurandi
1221 3493 1291 3557 rc-'¹

98 3561 248 3667 ligionem
268 3568 449 3668 negligetis?
474 3565 620 3648 Opulenti
638 3565 737 3638 multi,
755 3564 980 3647 conspiratione
999 3563 1083 3636 inita,
1100 3557 1271 3623 Athenien-

95 3674 164 3754 ses,
192 3653 349 3733 opinionis
370 3653 459 3712 etiam
484 3666 515 3712 et
536 3650 723 3712 auctoritatis
749 3650 864 3735 aliquid
882 3662 1008 3731 propter
1025 3647 1143 3708 divitias
1164 3654 1271 3709 conse-

72 3738 180 3811 ¹cuti,
199 3739 373 3819 procedunt
390 3759 444 3797 vos
462 3737 606 3820 rogaturi.
640 3737 758 3795 Horum
777 3730 854 3794 nulli
872 3756 938 3829 me,
956 3733 1179 3805 Athenienses,
1197 3752 1270 3791 con-

98 3819 238 3885 d‘onetis.
274 3825 327 3884 sed
347 3822 628 3921 quemadmodqm
619 3823 670 3881 isti
694 3820 756 3882 suis
776 3821 905 3900 quisque
922 3818 1092 3878 commodis
1112 3833 1143 3878 et
1160 3817 1271 3877 Midiae
1318 3849 1323 3903 ιι

98 3902 245 3984 student,
272 3909 313 3970 ita
330 3930 384 3968 vos
403 3907 580 3988 vobisipsis
603 3919 635 3966 ct
658 3905 778 3988 legibus
803 3905 930 3967 etmihi
954 3905 992 3964 ad
1009 3925 1063 3963 vos
1083 3899 1272 4002 confugienti
1337 3920 1343 3924 ·

99 3990 243 4069 studete,
263 4007 294 4056 et
312 3995 390 4054 hanc
409 3992 608 4066 sententiam,
636 3991 668 4051 in
688 4014 746 4071 qua
765 4012 846 4051 nunc
865 3989 954 4063 estis,
972 3989 1111 4050 retinete
1144 3988 1221 4048 Nam
1246 3985 1272 4048 si

59 4125 64 4132 -
97 4076 244 4181 qqider'u,
261 4075 485 4169 Atheniepses,
502 4091 593 4150 tunc,
619 4099 687 4136 cum
706 4096 763 4159 ego
782 4097 942 4157 quererer,
966 4095 1000 4132 re
1019 4073 1119 4132 audita
1138 4072 1271 4156 populus

98 4164 225 4231 Midiam
244 4155 441 4249 absolvisset,
458 4185 521 4226 non
539 4161 666 4251 perinde
684 4181 794 4254 grege
791 4161 953 4222 videretur.
979 4157 1056 4216 Nam
1076 4172 1106 4219 ct
1123 4180 1186 4220 ιιοιι
1205 4176 1289 4219 csse-

98 4252 191 4313 factas
210 4252 308 4313 illas
297 4250 439 4323 iniurias,
458 4264 489 4308 et
506 4247 583 4308 nihil
599 4244 637 4309 ad
656 4223 786 4308 sestuiir
785 4247 932 4318 attinere,
939 4250 983 4303 et
999 4243 1102 4304 multis
1121 4245 1187 4329 aliis
1205 4262 1291 4311 ιιιου·

100 4333 179 4413 dis
153 4332 318 4443 quispiam
337 4357 369 4397 se
388 4334 539 4431 consolari
544 4333 723 4415 potuisset
741 4330 830 4393 Nunc
848 4331 907 4390 boc
926 4330 1016 4399 etiam
1035 4330 1172 4391 omniurn
1188 4347 1272 4390 acer-

995 4412 1143 4489 18³
