2722 4754
192 232 199 243 ·
284 194 985 296 anonantulam-cetetonem.v
1080 232 1081 236 κ
1183 162 1293 308 αἱ,

69 341 231 446 Philippum
254 383 322 425 non
345 385 450 447 pacem
473 365 584 427 fecisse
606 365 781 438 vobiscum,
806 362 1027 437 Athenienses,
1053 363 1108 423 sed
1126 361 1223 427 disan-

70 458 126 519 iisse
147 449 415 524 bellum,‘onines
441 452 500 511 iam
525 450 719 534 cognovistis.
761 451 926 529 Postquam
954 448 1035 508 enim
1060 447 1222 508 Pharsaliis

70 530 161 605 nalum
184 535 328 610 tradidit,
353 550 384 597 et
408 536 568 597 Phocense
590 522 760 618 negotinm'
776 535 925 608 confecit,
951 547 1108 616 totamque
1120 533 1221 605 -Thra-
1259 610 1264 617 .

73 629 133 692 eim
147 621 174 682 vi
190 620 332 704 subegit,
354 621 438 702 falsis
457 621 554 682 causis
572 621 711 687 confictis
731 633 762 681 et
777 618 892 699 iniquis
910 620 1080 680 rationibus
1101 619 1222 702 excogi-

77 714 180 785 utime
198 705 325 786 quidem
342 707 407 788 ipsa
424 708 487 767 iarn
502 706 576 767 olim
595 728 665 766 cum·
681 705 758 765 urbe
776 717 880 765 nostra
897 704 1011 763 bellum
1030 706 1122 788 gerit:
1141 725 1224 767 nune

84 812 156 863 auten
174 812 229 874 per
253 791 359 852 missas
383 792 485 853 literas
503 791 603 851 verbis
627 790 700 871 ipsis
720 791 890 851 confitetur.
933 790 1000 870 Ego
1024 812 1097 850 vero
1121 812 1222 872 neque

83 878 219 969 potentiam
237 877 303 936 eius
327 877 414 938 vobis
434 878 695 957 expavescendum
719 897 813 950 esse,
828 893 929 953 neque
952 874 1059 940 timide
1083 876 1128 935 illi
1145 877 1222 937 resi·

80 967 212 1035 nendum,
240 962 296 1023 sed
315 974 346 1021 et
364 963 543 1042 corporibus
564 975 594 1022 et
611 961 749 1042 pecuniis
768 974 798 1020 et
815 959 961 1033 navibus,
991 974 1038 1034 et,
1066 974 1101 1022 ut
1118 962 1221 1041 paucis

77 1051 231 1120 absolvam,
252 1046 344 1107 rebus
361 1048 505 1108 omnibus
525 1060 667 1127 oportere
686 1068 740 1108 vos
758 1048 796 1107 ad
814 1045 928 1105 bellum
946 1045 1079 1128 accingi,
1111 1047 1222 1106 docere

77 1135 198 1207 conabor.
237 1132 373 1193 Primum
397 1146 636 1193 consentaneum
660 1145 723 1205 est,
751 1130 1012 1207 oAthenienses,
1033 1133 1106 1191 deos
1131 1131 1221 1192 nobis

77 1220 240 1284 firmissimos
258 1218 359 1280 socios
379 1218 580 1282 etadiutores
600 1238 680 1278 esse:
718 1238 848 1297 quorum
872 1216 923 1276 ille
940 1216 1090 1298 religione
1109 1217 1219 1286 violata
1238 1222 1295 1285 98,

77 1307 255 1390 neglectoque
273 1302 469 1365 iureiurando
488 1325 593 1384 pacem
611 1304 724 1364 iniuste
743 1302 842 1364 solvit.
871 1302 1024 1376 -Deinde,
1042 1302 1152 1383 quibus
1170 1315 1219 1362 re-

78 1394 130 1455 bus
144 1392 195 1451 eiua
212 1409 285 1470 opes
302 1389 449 1465 hactenns
468 1403 571 1450 anctae
590 1403 672 1464 sunt,
696 1391 767 1450 dnm
786 1408 906 1470 semper
923 1387 1041 1468 aliquos
1060 1389 1173 1469 decipit
1191 1402 1222 1449 et
1301 1401 1313 1410 '

78 1476 210 1559 magnilica
228 1476 375 1554 quaedam
392 1474 569 1555 pollicetur:
588 1476 635 1536 bis
653 1476 712 1536 iam
732 1475 891 1535 defunctus
911 1486 957 1534 est
975 1473 1126 1534 omnibus.
1158 1473 1220 1533 Ne-

80 1581 128 1644 que
146 1561 279 1642 ignorant
303 1560 369 1621 eins
392 1561 525 1621 animum
543 1556 693 1621 Perintbii
712 1574 742 1620 et
759 1559 898 1644 Byzantii
923 1580 1090 1638 eorumque
1114 1559 1220 1621 foede-

78 1647 136 1708 rati:
158 1664 261 1726 cupere
286 1647 489 1718 enmeodem
508 1648 600 1707 modo
619 1647 701 1727 ipsos
720 1659 865 1718 tractare,
886 1667 951 1726 quo
975 1645 1059 1726 prius
1083 1645 1221 1706 tractavit

78 1730 226 1816 Olynthios.
246 1799 250 1804 ι
268 1730 377 1811 Neque
392 1732 554 1793 Thessalos
572 1732 732 1814 praeterit,
751 1730 859 1793 bocci
876 1731 1068 1812 propositum
1086 1743 1222 1803 esse,‚ut

78 1816 197 1877 dominns
220 1815 277 1888 sit,
302 1836 366 1874 non
391 1817 451 1876 dun
477 1818 638 1882 sociorum.
667 1812 845 1898 'suspectus
871 1815 1138 1875 etiamThebanis
1165 1828 1220 1888 est,

77 1901 147 1981 quod
161 1900 296 1963 Nicaeam
314 1901 465 1981 praesidio
482 1917 585 1975 tenet,
605 1917 634 1963 et
652 1901 684 1960 in
701 1896 968 1984 Amphictyoniam
986 1900 1171 1981 penetravit,
1190 1913 1221 1960 ct

77 1984 222 2067 legationes
237 2007 257 2057 e
275 1986 490 2067 Peloponneso
510 1989 547 2047 ad
564 2007 597 2047 se
614 1986 722 2059 trahit,
749 1986 883 2066 ipsisque
900 1985 1048 2066 praesidia
1066 1985 1220 2046 sociorum

77 2070 156 2150 eripit
194 2069 326 2130 Proinde
346 2072 399 2149 qui
416 2073 499 2152 prius
520 2073 584 2132 eius
603 2072 691 2131 amici
708 2072 849 2144 fuerunt,
867 2071 975 2152 partim
994 2093 1063 2130 eum
1082 2091 1118 2130 eo
1137 2093 1220 2131 nnnc

77 2154 304 2215 irreconciliabile
328 2155 442 2233 bellum
468 2171 595 2240 gerunt,
621 2157 729 2238 partim
753 2156 853 2215 minus
878 2157 1015 2217 alacriter
1040 2177 1108 2215 enm
1133 2156 1220 2216 adiu-

78 2253 143 2303 vant:
157 2240 288 2301 universi
305 2254 407 2302 autem
426 2256 598 2324 suspectum
616 2243 703 2302 illum
721 2241 834 2302 habent
852 2255 882 2302 et
900 2242 1116 2301 criminantem
1129 2242 1220 2301 Prae„
1252 2234 1257 2244 '

76 2339 142 2389 terea
162 2323 229 2408 (nec
254 2326 336 2386 enim
358 2327 392 2386 in
414 2326 474 2388 hoe
498 2328 645 2387 momenti
669 2348 774 2407 parum
801 2326 860 2410 est)
884 2326 995 2386 Asiani·
1015 2339 1147 2407 satrapae
1170 2348 1220 2386 re-

76 2431 134 2471 cens
154 2410 330 2471 intromissis
348 2413 556 2473 conductitiis
584 2413 731 2473 militibus
758 2412 922 2495 expugnari
945 2413 1123 2472 Perinthum
1148 2428 1220 2495 pro-
1241 2476 1254 2485 ,

76 2496 226 2559 hibucrnnt.
267 2495 358 2556 Nunc
384 2519 456 2558 vero
482 2520 576 2576 quum
594 2498 727 2578 Philippi
751 2497 923 2557 inimicitias
950 2498 1153 2579 susceperint,
1169 2509 1223 2571 et,

76 2582 99 2642 si
117 2582 283 2666 Byzantium
309 2582 460 2662 capiatur,
492 2584 661 2663 periculum
689 2583 735 2641 eis
755 2582 950 2664 impendeat:
983 2605 1047 2643 non
1071 2583 1130 2664 ipsi
1154 2596 1238 2665 tan-j

73 2679 130 2738 turn
153 2680 269 2728 strenue
295 2689 378 2727 nunc
406 2689 462 2728 nos
488 2669 626 2732 inbelle
650 2667 813 2746 iuvabunt,
849 2669 1006 2750 sediltegi
1033 2670 1122 2728 etiam
1148 2670 1222 2727 Per·
1265 2734 1269 2741 ¹

51 2773 164 2811 ··sarnm
189 2751 428 2832 persuadebunt,
461 2766 497 2813 ut
521 2754 609 2813 nobis
636 2752 796 2834 pecuniam
822 2752 1011 2831 suppeditet:
1048 2753 1101 2831 qui
1123 2746 1251 2811 tantas'

74 2856 138 2916 opes
161 2836 262 2910 babet,
295 2850 421 2916 quantas
445 2858 503 2898 nec
527 2839 638 2917 reliqui
662 2836 812 2911 universi,
850 2849 968 2897 tantum
994 2857 1086 2917 porro
1113 2836 1223 2896 virium

73 2921 104 2991 ad
127 2933 237 2981 nostras
262 2921 352 2982 hasce
379 2923 514 2983 actiones
540 2923 644 2997 affert,
678 2935 714 2982 ut
739 2922 813 2982 olim
838 2921 927 2981 etiam
952 2922 1101 2982 Laconico
1129 2921 1223 2993 bello,

73 3004 136 3065 utris
168 3025 231 3066 sese
266 3007 468 3091 adiunxisset,
504 3030 556 3070 eos
591 3010 722 3089 victores
756 3009 906 3068 redderet.
950 3009 977 3066 ls
1010 3008 1106 3090 igitur
1141 3029 1222 3085 nnnc

74 3090 149 3149 ctiam
178 3091 343 3172 vobiscum?
367 3094 549 3155 coniunctus
577 3094 664 3154 facile
694 3091 860 3161 debellabit
885 3091 1018 3172 Philippi
1047 3092 1222 3172 potentiam.

71 3175 180 3234 Praeter
201 3176 293 3250 baec,
319 3200 397 3258 quae
421 3192 504 3241 tanta
531 3192 620 3254 sunt,
646 3200 710 3239 non
735 3178 876 3259 equidem
899 3177 1036 3260 negabo,
1063 3197 1133 3249 enm
1155 3177 1222 3237 loca

72 3259 208 3340 complura
235 3274 266 3323 et
291 3278 397 3342 portus
424 3278 455 3325 et
473 3265 538 3325 eins
556 3264 676 3348 generis
695 3263 752 3324 alia
770 3262 905 3347 gerendo
924 3262 1005 3323 bello
1027 3255 1115 3322 utilia
1140 3263 1222 3343 pacis
1278 3297 1284 3303 e

71 3344 214 3406 occasion‘e
232 3349 434 3429 praeripuisse
452 3350 547 3411 vobis.
590 3350 670 3409 lllud
695 3363 797 3410 autem
820 3349 930 3423 video,
956 3349 1077 3428 qnando
1096 3348 1223 3428 imperia

72 3428 267 3495 benevolentia
293 3429 468 3495 coalescunt
492 3449 522 3496 et
546 3436 650 3495 cadem
670 3433 811 3495 omnibus
835 3433 908 3497 belli
931 3434 1022 3493 sociis
1047 3433 1223 3514 expediunt,

72 3513 227 3576 diuturnam
246 3539 313 3580 esse
332 3521 540 3581 concordiam:
560 3520 680 3599 quotics
698 3540 771 3579 vero
791 3540 826 3579 ex
844 3518 961 3578 insidiis
981 3532 1012 3579 et
1029 3518 1150 3580 avaritia
1168 3538 1223 3599 per

68 3597 251 3679 imposturam
276 3619 308 3666 et
331 3605 508 3666 violentiam
533 3605 789 3679 obtinentur,id
807 3602 950 3683 qnodab
976 3604 1035 3666 isto
1060 3605 1153 3664 modo
1177 3604 1222 3676 fit,

66 3704 144 3764 parva
161 3691 302 3769 quapiam
320 3692 483 3765 occasione
498 3705 529 3754 et
546 3689 738 3771 quantumvis
759 3689 819 3750 levi
838 3702 935 3750 errato
955 3690 1094 3750 celeriter
1111 3689 1222 3750 discuti

66 3780 93 3828 ct
109 3770 229 3834 dissolvi
248 3776 356 3836 omnia.
388 3774 491 3856 Atque
510 3798 568 3860 ego
587 3795 675 3856 saepe
695 3775 830 3858 cogitans
849 3775 1071 3847 animadverto,
1088 3796 1152 3835 non
1170 3794 1221 3834 so-

64 3852 112 3914 ciis
129 3856 287 3933 duntaxat,
304 3859 527 3936 Athenienses,
552 3875 727 3943 suspectum
746 3873 777 3921 et
793 3860 925 3922 invisum
944 3881 1009 3921 esse
1028 3862 1087 3920 iam
1104 3858 1220 3938 Philip-

62 3961 141 4020 pum:
166 3945 220 4003 sed
237 3945 389 4026 privatum
408 3945 498 4006 etiam
518 3946 582 4006 eius
600 3945 760 4029 imperium
779 3967 843 4006 non
860 3946 1027 4028 praeclare,
1051 3963 1151 4024 neque
1169 3944 1221 4018 ita,

61 4024 102 4085 uti
127 4027 214 4107 decet
239 4044 292 4095 ant
319 4031 470 4092 existimet
494 4032 620 4113 aliquis,
650 4052 716 4092 esse
740 4033 951 4112 compositum.
993 4032 1069 4090 Nam
1094 4029 1220 4090 omnino
1288 4032 1290 4036 ’

60 4112 188 4191 potentia
213 4115 410 4177 Macedonica
438 4112 643 4178 additamenti
659 4117 725 4178 tice
750 4116 892 4177 nonnihil
917 4115 1123 4176 momenti'ct
1146 4136 1220 4176 usus

23 4277 27 4283 ¹
58 4194 157 4271 habet,
181 4199 248 4281 ipsa
272 4221 347 4261 vero
372 4221 428 4282 per
451 4223 518 4263 sese
543 4202 661 4262 infirma
688 4215 748 4276 est,
776 4214 823 4276 ct,
848 4203 874 4262 si
896 4215 997 4263 tantae
1016 4199 1096 4261 rnoli
1119 4222 1221 4260 rerum

58 4299 259 4363 comparetur,
284 4286 485 4367 despicienda.
520 4289 678 4349 Praeterea
696 4288 760 4368 ipse
772 4307 845 4358 ‚cam
864 4287 952 4347 bellis
971 4299 1001 4348 et
1019 4286 1220 4367 expeditioni·
1248 4295 1288 4349 99

58 4364 107 4428 bus
124 4383 155 4431 et
171 4371 270 4433 rebus
282 4370 350 4432 illis
369 4372 527 4449 omnibus,
556 4386 680 4458 propter
696 4393 772 4454 quas
789 4393 916 4454 magnus
934 4368 1097 4434 existimari
1115 4370 1221 4453 possit,
1245 4376 1247 4381 ’
