2722 4754
150 199 216 274 sss
272 166 279 179 ’
433 179 819 274 nnnosvnnnrs
834 209 1039 278 οιιιῖιιι)

58 400 103 420 ω
146 368 288 428 vidistis.
284 367 390 442 Quid
410 348 490 423 enim
510 383 563 424 eos
582 362 645 423 illic
663 354 770 445 fecisse
784 365 919 447 putatis,
938 366 1009 425 dum
1027 386 1123 451 prope
1141 365 1327 465 largitorem

62 482 67 496 ·
102 509 105 513 .
147 466 259 524 essent,
281 474 349 511 curn
368 449 541 509 videntibus
560 447 659 521 vohis,
677 471 729 528 qur
720 449 879 510 habendi
897 449 1034 526 honoris,
1053 464 1221 532 contraque
1243 472 1326 518 arro-

104 530 112 540 *
145 539 261 623 gandae
280 537 410 594 mulctae
426 546 577 635 potestate
594 534 722 633 p1aletis,
745 535 801 594 ista
820 535 1028 617 designent?
1023 537 1072 595 Ι.ιι
1089 558 1206 599 summa
1205 536 1327 620 igitur

50 619 54 627 ’
144 624 241 709 capita
260 619 459 680 accusationis
478 620 543 687 ab'
533 619 623 679 mitio
636 619 794 702 colligam,
812 634 846 680 ut
866 643 900 681 ea
917 643 965 681 me
977 621 1169 702 praestitisse
1189 607 1325 683 demon

145 723 254 778 strem,
280 727 357 785 quae
375 705 407 764 in
425 705 593 786 principio
601 705 748 783 orationis
774 727 820 764 me
839 706 925 765 vobis
944 721 1138 787 ostensurum
1157 729 1226 772 esse
1253 700 1323 768 suin

144 792 313 875 pollicitus
342 789 573 864 Demonstrau,
593 811 667 850 eum
680 791 757 850 nihil
775 778 965 857 renuntiasse
985 794 1057 866 veri,
1076 795 1129 853 sed
1148 794 1255 853 lucum
1274 795 1323 855 fe

145 879 221 939 cisse
239 877 376 951 vohis,
368 899 500 958 ipsarum
516 897 635 956 rerum,
660 898 723 936 non
733 877 904 939 verborum
928 878 1111 939 testimoniis
1129 902 1215 940 usus
1246 880 1323 940 De

142 965 327 1038 monstravi,
348 984 415 1022 eum
434 962 467 1021 in
485 984 573 1023 causa
590 961 699 1036 luisse,
724 985 763 1023 ne
783 982 839 1025 vos·
855 984 923 1025 vera
944 985 979 1022 ex
997 985 1045 1023 me
1063 965 1168 1025 audire
1188 963 1323 1039 velletis,

144 1065 210 1112 tutn
236 1050 324 1109 istius
352 1046 510 1128 promissis
536 1061 578 1108 et·
588 1048 863 1148 pollicitationibus
886 1042 1043 1128 occup‘ati,
1070 1072 1154 1110 cunr
1164 1051 1190 1110 is
1216 1050 1323 1118 omnia

96 1172 99 1176 ·
144 1149 260 1208 eontra,
278 1134 368 1215 quam
387 1133 534 1215 oportuit,
552 1133 711 1193 suasisset:
730 1146 761 1194 et
776 1135 932 1196 sociorum
949 1135 1137 1218 refragatum
1154 1149 1235 1197 esse
1241 1135 1320 1216 paci,

144 1221 363 1300 Philocraticae
381 1219 594 1319 suffragatum:
608 1232 766 1302 tempora
768 1221 971 1294 contrivisse,
994 1234 1029 1286 ut
1045 1243 1119 1295 nec,
1144 1221 1322 1320 sisebutis,

71 1342 79 1357 ··
143 1306 274 1390 possetis
301 1306 431 1365 educere
459 1305 560 1385 copias
579 1304 610 1363 in
630 1305 825 1366 Phocidem:
839 1320 889 1366 et·
885 1306 951 1365 alia
977 1306 1071 1367 multa
1097 1320 1127 1366 et
1152 1306 1320 1373 atrociain

77 1468 82 1475 ,
143 1395 254 1476 itinere
273 1386 475 1451 commisisse.
500 1391 672 1470 prodidisse
691 1393 810 1465 omnia,
828 1392 1017 1464 vendidisse,
1036 1393 1211 1492 accepisse
1208 1411 1319 1453 mune

143 1503 191 1541 ra:
210 1478 328 1537 nullum
346 1477 525 1556 praeterisse
540 1477 745 1558 improbitatis
765 1500 868 1560 genus.
900 1478 1097 1560 Haec1gitur
1114 1479 1146 1536 in
1164 1475 1319 1558 principio

143 1563 280 1647 promisi,
290 1564 372 1621 haec
392 1563 605 1639 demonstravi
631 1566 703 1636 lam,
721 1564 794 1643 qu‘id
812 1564 965 1642 reliquum
985 1563 1033 1638 sit,
1054 1564 1170 1623 videte·
1189 1562 1320 1642 simplex

145 1651 227 1710 enim
247 1661 301 1721 est,
321 1669 397 1729 quae
416 1649 518 1707 mihi
509 1669 568 1707 ram
586 1649 744 1725 vobiscum
759 1648 817 1708 erit
830 1648 935 1708 oratio
953 1607 1088 1722 ΙιιιιΙΙΙε,
1105 1671 1159 1709 vos
1178 1666 1319 1728 pronun-

144 1739 271 1798 tiaturos
291 1755 328 1794 ex
345 1733 464 1818 legibus
483 1746 514 1793 et
513 1718 697 1818 plebiscitis
718 1748 747 1794 et
766 1734 896 1793 decretis
920 1746 1042 1793 senatus
1068 1729 1328 1833 quingentorum

144 1818 273 1880 Constat
287 1833 409 1893 autem,
430 1820 526 1879 istum
545 1820 647 1879 omnia
666 1817 816 1879 contraria
833 1818 970 1901 legibus,
995 1820 1144 1892 decretis,
1168 1815 1320 1879 institutis

95 1940 99 1949 ,
143 1909 177 1968 in
194 1906 348 1988 legatione
366 1904 482 1967 secisse,
499 1905 605 1964 Eum
597 1905 691 1986 igitur
708 1903 904 1964 condemnari
924 1906 1068 1966 convenit
1085 1927 1101 1964 a
1118 1863 1281 1965 cbrdatis
1270 1925 1320 1963 m-
1304 1940 1334 1963 -ι

73 2030 80 2052 ι
146 1991 271 2052 ditibus.
291 1990 425 2068 ‚Nam
401 2012 426 2048 ιι
444 1989 521 2049 nihil
540 1990 623 2049 aliud
646 1990 863 2065 commisisset,
894 1991 954 2049 duo
973 2003 1079 2050 tamen
1099 1991 1163 2050 eius
1183 1989 1319 2058 facinora

41 2082 43 2086 ’
87 2112 101 2155 '·.
124 2091 248 2160 ’morte'
268 2076 439 2137 mulctanda
469 2083 579 2135 ess'ent.
621 2075 729 2155 Neque
756 2075 1029 2136 enichhocenses
1051 2076 1269 2151 tuntum,.sed
1288 2087 1321 2136 et

143 2162 302 2224 Thraciam
315 2161 457 2243 prodidit
469 2161 620 2242 Philippo.
637 2160 679 2220 ΑΙ
693 2163 754 2221 ιΙιιο
774 2162 840 2221 loca
857 2163 981 2222 utiliora
998 2161 1184 2242 reipublicae
1196 2160 1229 2223 in
1243 2159 1319 2221 orbe

49 2314 52 2319 ,
143 2263 290 2312 terrarum
302 2267 400 2306 nemo
419 2246 519 2326 possit
535 2247 706 2321 ostendere,
725 2248 756 2307 in
773 2261 853 2307 terra
870 2248 965 2331 Pylis,
982 2244 1191 2328 Hellesponto·
1204 2246 1237 2307 in
1256 2267 1317 2321 mag

100 2361 104 2370 ·
143 2335 178 2395 ri.
198 2355 275 2413 quae
293 2347 423 2412 utraque
434 2331 650 2414 isti'llagitiose
669 2331 874 2393 vendiderunt
888 2347 929 2405 et,
945 2346 1046 2395 vestro
1064 2328 1155 2405 malo,
1173 2331 1319 2413 Philippo

44 2421 68 2445 ”
143 2420 342 2485 tradiderunt.
360 2418 439 2478 Illud
458 2419 557 2498 ipsum
575 2418 679 2500 igitur,
698 2432 816 2500 praeter
833 2432 960 2493 caetera,
978 2432 1128 2506 quantum,
1142 2419 1316 2501 scelusest,

128 2505 302 2566 JThraciam
323 2518 353 2563 et
371 2505 476 2562 Muros
500 2503 692 2582 prodidisse?
727 2504 848 2564 Infinita
867 2505 927 2565 dici
940 2509 1093 2586 possent,
1119 2518 1209 2582 quam
1228 2483 1317 2562 multi

63 2660 66 2665 7
144 2604 272 2673 propter
289 2590 358 2650 talia
383 2588 516 2648 facinora
541 2589 631 2648 etiam
657 2590 810 2650 interlecti
825 2591 898 2675 sint
915 2593 1011 2671 apud
1012 2612 1095 2650 vos:-
1111 2589 1189 2648 alios
1215 2599 1315 2649 autern

143 2694 251 2758 magna
271 2697 336 2735 esse
356 2675 485 2755 pecunia
503 2674 682 2749 mulctatos,
708 2689 832 2735 ostensu
851 2698 915 2737 non
935 2689 994 2735 est
999 2675 1142 2748 difficile,
1165 2687 1203 2734 ut
1218 2674 1320 2756 Ergo-1

141 2762 271 2844 philum,
288 2759 542 2850 Cephisodotum,
560 2760 799 2836 ΤΙιιιοιιιιεΙιιιιιι,
817 2777 853 2822 ut
871 2763 948 2821 olim
955 2761 1124 2863 eliquando
1142 2758 1315 2842 Ergoelem,

117 2842 122 2864 '
142 2847 346 2947 Dionysium,
350 2844 482 2921 alios,
479 2864 568 2926 quos
585 2847 745 2908 universos
763 2857 895 2931 parum
887 2848 973 2909 abest
990 2849 1065 2927 quin
1090 2845 1186 2905 dicam
1203 2845 1314 2916 minus,

85 2976 91 2987 1
143 2952 233 3014 quam
252 2932 362 3007 istum,
381 2931 523 2993 nocuisse
540 2932 734 3012 reipublicae
766 2936 852 2995 Nam
872 2955 908 2994 eo
927 2946 1082 3013 tempore,
1098 2925 1314 3004 Athenienses,

51 3061 58 3083 l
141 3019 278 3105 pericula
294 3041 364 3080 vos
376 3020 540 3078 etiamnum
566 3019 696 3078 consilio
724 3019 873 3080 cavehatis
892 3031 924 3079 et
947 3016 1195 3102 prospiciebatisr
1221 3018 1315 3090 nunt,

142 3106 203 3165 nisa
194 3106 305 3184 quod
323 3126 377 3165 vos
397 3103 535 3184 quotidie
554 3112 639 3164 vexat
658 3118 688 3164 et
705 3104 874 3185 praesentia
892 3128 946 3165 sua
964 3104 1112 3165 molestiis
1129 3102 1241 3175 afficit,
1260 3122 1314 3164 ne-

143 3190 303 3273 gligitis
307 3192 420 3250 Postea
444 3191 555 3249 frustra
573 3190 622 3249 hic
647 3191 826 3264 decernitis,
854 3205 884 3250 et
901 3187 1117 3271 Cersohleptae
1137 3210 1153 3247 a
1170 3187 1314 3269 Philippo

40 3277 117 3334 253
143 3272 281 3337 dandum
295 3296 370 3334 esse
376 3275 599 3347 iusiurandum,
619 3289 649 3336 et
666 3276 818 3356 Philippo
828 3298 891 3335 non
909 3277 1042 3337 dandum
1061 3295 1128 3336 esse
1145 3273 1276 3333 locum
1266 3294 1331 3332 mu<

139 3371 188 3423 te'r
205 3361 460 3445 Amphictyones,
479 3373 509 3420 et
527 3381 630 3441 pacem
650 3383 716 3421 esse
736 3361 953 3443 corrigendam.
972 3382 1102 3443 quorum
1120 3352 1315 3425 decretorum

38 3447 41 3454 ’
138 3446 226 3509 nollo
243 3446 354 3506 luisset
372 3447 460 3528 opn't,
477 3446 504 3506 si
523 3448 662 3539 navigare
681 3447 739 3506 iste
758 3461 788 3507 et
807 3447 910 3507 officio
930 3448 1022 3529 fungi
1032 3444 1191 3509 voluisset.
1214 3444 1318 3516 Nune,

49 3608 54 3615 .
139 3532 216 3614 quae
235 3533 406 3615 navigando
426 3552 605 3593 conservare
622 3533 815 3614 potuissent,
835 3553 878 3607 ea,
898 3534 1033 3592 dumne
1051 3531 1150 3604 iubet,
1160 3529 1316 3610 perdidit:
1308 3573 1337 3604 .,.

139 3639 216 3709 quae
235 3619 364 3718 dicenda
370 3619 524 3690 veritate,
550 3612 737 3679 mentiendo.
781 3618 994 3700 Indignabitur
1011 3632 1112 3678 antem
1131 3615 1255 3687 statim,
1278 3625 1315 3674 ut

138 3725 197 3786 ego
216 3705 317 3778 audio,
330 3727 364 3763 sr
355 3700 435 3765 soli
449 3704 507 3763 sihi
520 3704 713 3784 popularium
730 3717 885 3764 oratorum
901 3703 1065 3764 verborum
1083 3702 1161 3762 ratio
1179 3699 1314 3770 redden,-

39 3791 43 3794 ’
136 3790 254 3873 desit.
282 3792 349 3874 Ego
368 3810 440 3850 vero
459 3810 590 3869 aequum
610 3811 694 3863 esse,
721 3786 1022 3860 utomneieorum,
1042 3790 1118 3888 qnae
1139 3787 1268 3857 dicant,
1289 3783 1315 3845 si

135 3868 262 3958 propter
279 3891 438 3959 argentum
458 3875 580 3949 dicunt,
598 3877 748 3937 rationem
765 3877 911 3960 reddant,
929 3877 1183 3956 praetermittam.
1203 3871 1314 3932 sedil-

135 3961 188 4020 lnd
207 3962 289 4021 dico:
308 3962 341 4020 Si
359 3958 544 4034 Aeschines,
562 3974 597 4020 ut
615 3961 708 4022 horno
727 3954 829 4020 rerum
848 3961 1023 4041 imperitus,
1042 3959 1183 4018 deliravit
1199 3955 1315 4017 alicubi

136 4059 166 4107 et
183 4047 344 4109 frustratus
364 4059 426 4119 est,
451 4068 490 4106 ne
508 4047 643 4108 severius
660 4042 826 4128 inquirite,
851 4047 910 4144 sed·
922 4046 1047 4116 missum
1066 4045 1174 4116 facite,
1194 4042 1313 4103 veniam

136 4135 220 4193 date:
245 4132 292 4192 sin
311 4132 504 4216 legationem
516 4132 642 4205 obiens,
661 4146 780 4212 accepta
799 4131 948 4211 pecunia,
968 4133 1004 4190 de
1023 4131 1189 4190 industria
1192 4150 1248 4189 vos
1265 4127 1312 4186 fe-

56 4265 60 4276 .
136 4219 231 4290 fellit,
258 4238 297 4278 ne
316 4217 482 4292 absolvite,
511 4237 611 4316 neque
634 4178 787 4277 bdmittite
806 4216 899 4275 illud:
927 4216 1045 4275 Poenas
1064 4216 1230 4274 verborum
1249 4233 1336 4272 non-

138 4324 203 4365 esse
223 4304 346 4363 dandas.
374 4300 469 4364 Cuius
488 4301 569 4361 enim
587 4302 710 4362 alterius
726 4301 789 4376 rei,
802 4310 897 4402 quprn
910 4302 1073 4362 verborum
1092 4300 1181 4371 ratio,
1201 4300 1313 4381 alega-

136 4390 180 4451 tis·
193 4391 381 4473 reposcenda
393 4390 467 4461 est'
490 4388 614 4468 Neque
622 4387 708 4448 enim
727 4387 833 4472 legatis
851 4388 1084 4454 committatur
1100 4386 1243 4461 triremes
1262 4395 1313 4444 aut
