2722 4754
72 192 199 280 sset
341 182 347 191 ’
416 144 1165 265 u'u'uosuuums.0unmo³..''

111 333 221 422 'heum
238 364 391 417 ,sororem
415 340 644 425 quinquennem
666 341 809 423 reliquit,
835 355 1024 424 matremque
1047 353 1200 414 nostram,
1230 358 1311 420 quae

15 425 32 482 ²,
135 435 230 495 minas
249 429 468 511 quinquaginta
485 429 610 489 nominc
629 428 708 488 dotis
722 428 763 487 in
786 426 851 488 eins
869 429 959 490 aedes
976 427 1128 487 intulerat.
1172 424 1313 486 Moritu-
1339 429 1346 434 ’

115 541 208 590 ,ηιςγ
226 517 303 576 inito
323 517 361 575 de
380 514 468 573 nobis
494 514 638 587 consilio,
660 514 734 573 haec
758 513 861 572 omnia·
876 506 1000 594 Aphohi
1019 524 1050 572 et
1067 509 1312 592 Demophontis,
1336 588 1341 593 ἱ

133 605 165 664 F.
182 600 348 674 Demonis,
373 620 517 673 suorum,
542 599 632 658 huius
652 619 686 658 ex
704 597 813 676 fratre,
840 598 921 659 illius
941 621 977 658 ex
993 619 1132 671 sorore,
1145 608 1313 676 nepotum,

35 701 37 709 ’
84 704 103 758 3
133 686 206 750 fidei
234 685 400 746 commisit:
438 684 562 744 tertium
589 683 637 743 his
670 682 807 743 adiunxit
831 683 1050 764 Therippidem
1076 682 1324 754 Paeaniensem,

91 784 92 788 ’
133 771 340 851 uon-quidem
357 770 540 853 cognatione
559 767 673 848 aliqua,
708 769 762 828 sed
780 768 908 828 amicitia
928 769 987 828 iam·
1004 769 1076 828 inde
1094 790 1110 828 a
1127 787 1229 848 puero
1249 765 1312 827 sibi
1348 844 1350 850 Ι

110 915 111 919 ,
134 857 347 920 coniunctum:
375 855 470 926 Huic,
491 873 546 925 ne,
565 853 728 934 cupiditate
746 854 894 933 pecuniae
911 853 1046 927 illectus,
1066 875 1168 919 meum
1187 850 1312 931 aliquid

132 943 220 1026 peius
239 941 470 1010 administraret,
488 938 710 1019 usumfructum
727 951 832 1018 septus
856 940 918 998 iuta
936 940 1085 1003 minarum
1103 936 1313 1018 exspatrimo-

23 1008 36 1025 l
132 1029 186 1088 nio
205 1047 280 1087 meo.
292 1025 440 1104 tantisper
457 1021 624 1095 concessit,
643 1024 715 1082 dum
733 1021 794 1105 ego
809 961 855 1083 aei
864 1024 982 1083 virilem
996 1021 1313 1104 ‘aetatem'peruenis-
1346 1087 1352 1092 y

95 1162 97 1168 Α
132 1133 221 1179 sem:¹
239 1101 449 1189 Demophonti
474 1117 610 1166 sororem
624 1128 737 1188 meam·
760 1121 792 1168 et
814 1109 877 1168 duo
901 1109 1013 1168 talenta
1034 1109 1140 1168 statim
1165 1107 1312 1167 habenda

14 1182 17 1196 ⁸
133 1197 233 1260 dedit:
260 1195 312 1255 isti
328 1192 410 1274 ipsi,
421 1204 548 1267 matrem
567 1214 635 1251 cum
653 1195 726 1253 dote
745 1193 901 1276 octoginta
919 1195 1066 1253 minarum
1080 1207 1118 1263 et,
1134 1193 1227 1253 aedes
1247 1213 1312 1253 nna

30 1291 61 1333 Γ
133 1304 203 1344 cum
228 1302 287 1348 usu
311 1277 506 1338 instrumenti
531 1289 565 1337 et·
584 1278 796 1358 supellectilis:
825 1286 923 1351 ratus,
949 1300 1001 1338 eos
1025 1279 1117 1342 etiam
1141 1291 1231 1339 tanto
1259 1297 1311 1337 me

133 1365 309 1448 diligentius
335 1371 511 1435 curaturos,
535 1376 650 1441 quanto
674 1358 843 1443 eos'inihi,
866 1365 1028 1424 accedente
1052 1362 1309 1436 hacnecessitu-

95 1488 99 1493 ·
133 1447 222 1523 ilinc,
246 1448 473 1511 coniunctiores
491 1447 681 1508 reddidisset
724 1448 777 1508 lsti
795 1461 896 1507 autem
914 1449 1107 1528 portionibus
1122 1448 1176 1512 ,his
1196 1448 1235 1508 de
1254 1441 1309 1528 pi-

110 1529 278 1598 ''trimonio
298 1535 334 1595 ad
352 1542 384 1592 'se
402 1525 531 1612 receptis
551 1545 582 1592 et
599 1532 725 1612 reliquis
736 1531 851 1613 opibus
871 1533 903 1591 in
920 1534 1048 1593 decenni
1067 1555 1139 1594 cura
1158 1546 1192 1592 et
1209 1533 1307 1595 tutela

82 1607 85 1616 ι
133 1620 231 1682 nostri
242 1618 393 1691 “tractatis,
412 1610 468 1676 nos
481 1610 611 1680 ‚caeteiis
631 1617 772 1678 omnibus
790 1618 1089 1695 fraudaruntz..aedes
1109 1619 1307 1688 duntaxatet

129 1705 280 1784 rn'ancipia
305 1702 532 1783 quatuordecim
557 1715 591 1765 ,et
616 1702 734 1784 argenti
759 1703 856 1765 urinas
880 1702 1020 1785 triginta,
1047 1725 1125 1782 quae
1149 1702 1301 1777 universa,

131 1791 260 1851 collecta
278 1788 309 1847 in
327 1806 452 1861 unum,
464 1786 654 1869 septuaginta
671 1787 766 1847 minas
784 1789 821 1847 ad
839 1810 990 1849 summum
1009 1789 1196 1863 conficiunt,
1213 1788 1302 1848 nohis

130 1875 330 1944 tradiderunt
363 1867 462 1952 Caput
479 1871 574 1953 igitur
590 1871 784 1946 iniuriarum,
803 1895 892 1952 quam
911 1874 977 1932 lieri
995 1873 1173 1934 brevissime
1191 1871 1305 1953 potuit,

86 2026 88 2030 ,
131 1959 313 2041 expositum,
330 1957 397 2016 hoc'
409 1969 455 2016 est
472 1957 597 2016 ludices.
615 1957 765 2017 Pecuniae
783 1972 884 2018 autem
901 1971 1019 2019 tantum
1037 1959 1133 2019 fuisse
1150 1958 1305 2030 relietum,

116 2046 190 2127 ,ipsi
209 2043 284 2103 mihi
302 2042 470 2122 locupletes
488 2053 581 2102 testes
599 2042 737 2117 luctuum
773 2065 841 2102 nam
865 2044 1039 2103 in‘classem
1058 2066 1114 2124 pro
1133 2065 1183 2105 me
1200 2044 1240 2119 de
1258 2042 1304 2103 vi-

131 2125 215 2195 cenis
242 2127 342 2206 quinis
369 2127 459 2186 minis
485 2127 639 2187 drachmas
665 2128 832 2210 quingenas
866 2129 1078 2211 contulerunt,
1109 2129 1302 2202 tantundem,

106 2227 279 2294 quantum
298 2210 488 2284 Timotheus,
508 2207 644 2271 Cononis
662 2212 754 2285 filius,
778 2225 808 2273 et
825 2213 1069 2292 pecuniosissimi
1088 2213 1205 2294 quique
1220 2213 1304 2303 civeq

112 2297 338 2379 ,conserebant
382 2295 542 2377 sigillatim
566 2309 666 2356 autem
691 2298 780 2357 etiam
803 2297 890 2358 vobis
909 2293 1117 2378 explicandum
1137 2311 1199 2373 est,
1226 2317 1304 2383 quae

130 2378 286 2456 fructuosa
305 2377 429 2451 suerint,
449 2401 533 2458 quae¹
544 2401 606 2439 non
623 2379 748 2454 suerint,
766 2396 798 2443 et
810 2383 921 2461 quanti
939 2404 1076 2464 quaeque
1095 2383 1228 2444 luerint:
1256 2382 1303 2443 his

104 2462 214 2542 ¹euim
239 2465 388 2546 cognitis,
412 2464 531 2544 liquido
556 2463 750 2547 intelligetis,
776 2460 877 2527 nullos
896 2489 1030 2547 unquam
1048 2481 1186 2542 tutores,
1212 2490 1344 2549 quarnx

115 2564 235 2613 'nostra
253 2550 334 2609 bona
351 2549 443 2622 istos,
470 2550 517 2608 vel
536 2549 759 2631 impudentius,
784 2552 840 2610 vel·
851 2552 1038 2612 manifestius
1058 2553 1220 2636 diripuisse
1238 2574 1320 2616 rent

130 2637 324 2719 pupillorum.
349 2633 392 2696 Ac
410 2633 540 2714 primum
560 2655 612 2694 eos
630 2655 686 2714 pro
704 2657 752 2694 me
771 2635 830 2696 hoc
848 2637 996 2696 tributum
1014 2638 1046 2697 in
1066 2639 1193 2698 classem
1211 2637 1313 2698 aesti—

129 2721 264 2782 matione
289 2739 343 2778 sua
358 2719 547 2792 contulisse,
571 2729 664 2779 testes
682 2722 861 2800 producam:
890 2722 999 2781 deinde
1017 2744 1107 2782 meva
1131 2736 1218 2804 patre
1239 2743 1312 2786 nom

27 2814 29 2821 '
128 2820 291 2889 pauperem
298 2820 309 2877 ²,
328 2816 380 2863 aut
398 2804 451 2883 qui
468 2823 534 2874 rem
551 2804 740 2886 septuaginta
758 2807 905 2865 minarum
926 2806 1083 2881 haberem,
1102 2810 1161 2869 sed·
1176 2808 1304 2883 tantam,

129 2903 183 2964 ut,
210 2888 366 2956 exactione
384 2888 516 2960 indicta,-
542 2888 675 2968 nec'ipsi
694 2891 846 2950 occultare
864 2892 985 2970 publice
1005 2897 1131 2973 propt'er
1147 2893 1304 2977 magnitu-

62 2988 71 3026 '.
129 2973 427 3053 dinem-potuerint,
453 2971 591 3054 relictum
611 2994 676 3034 esse
700 2978 865 3037 ostendam.
900 2973 981 3058 Cape
1006 2977 1064 3043 hoe
1086 2978 1296 3040 testimonium

128 3079 163 3133 ac
183 3058 293 3119 uetita.=
327 3109 329 3112 ,
633 3090 636 3095 Δ
665 3063 686 3095 ·’
817 3093 820 3097 ·
1167 3090 1172 3097 ·
1210 3084 1212 3089 >

431 3184 914 3287 §.uasrnuouuuu.
991 3270 997 3276 .
1077 3183 1079 3187 Α

35 3337 38 3340 ·
143 3328 148 3365 1
174 3343 176 3347 ·
204 3319 469 3393 Quanta'summa
486 3319 594 3393 suerit,
610 3313 697 3380 hinc
715 3321 804 3380 etiam
823 3336 961 3403 apparet,
995 3323 1168 3403 quindecim
1186 3344 1294 3404 nempe

17 3465 19 3471 ‚
112 3400 291 3480 ¹tale'nt'tim',⁴
310 3424 378 3463 cum
397 3404 648 3465 census'noniin'e
667 3405 723 3465 tria
742 3406 853 3466 talenta
873 3409 1011 3468 conferre
1037 3410 1202 3475 voluerint.¹
1234 3409 1297 3468 Sed

24 3486 55 3531 ι’
126 3487 202 3561 h'oe,
219 3488 322 3554 audita
338 3509 372 3548 re
389 3489 545 3565 familiari,
565 3490 676 3550 certius
696 3493 895 3572 cognoscetis.
939 3493 1030 3552 Pater
1046 3510 1151 3568 meus,
1169 3493 1298 3568 ludices,

40 3626 47 3634 ,
77 3582 98 3640 4
126 3573 199 3639 du'as
220 3571 354 3634 officinas
373 3574 515 3654 reliquit,
542 3574 655 3656 opificii
671 3589 915 3656 utramque'non
931 3571 1030 3658 parvi:
1062 3580 1235 3662 gladiorum
1253 3578 1298 3638 fa-

127 3657 199 3717 br'os
217 3655 358 3740 triginta,
386 3680 516 3739 quorum
535 3661 596 3743 duo
615 3659 743 3720 veltres
763 3661 862 3740 quinis
881 3675 933 3737 aut
952 3664 1041 3722 etiam
1059 3664 1159 3737 senis,
1186 3663 1298 3745 reliqui

126 3758 190 3804 non
208 3742 334 3813 minoris
354 3757 434 3804 certe
453 3767 542 3824 quam
560 3744 655 3823 ternis
674 3745 786 3826 singuli
804 3747 893 3807 minis
912 3748 1063 3812 aestimari
1080 3756 1243 3830 poterant:
1261 3747 1297 3808 th

54 3824 61 3832 ’
126 3826 174 3905 his
192 3827 325 3888 reditum
343 3830 477 3889 annuum
496 3828 661 3909 accipiebat
679 3832 880 3908 Xll'llminas
899 3833 1065 3906 immunes:
1083 3835 1236 3897 lectorum
1255 3834 1298 3893 fa-

50 3962 53 3971 .
97 3973 99 3977 ,
125 3910 198 3981 hros
216 3912 326 3993 viginti
343 3922 490 3990 numero,
517 3914 556 3973 ob
577 3896 778 3997 quadraginti
790 3917 887 3977 minas
907 3919 1141 4000 oppigneratos,
1168 3919 1297 4001 qni'llll

111 3995 437 4071 :minas'irumunes'ei
454 3998 636 4087 asserebant:
655 4000 772 4082 argenti
791 4002 827 4060 ad
845 4016 940 4061 unum
959 4004 1118 4080 talentum,
1137 4005 1296 4089 drachmae

104 4098 105 4102 ’
126 4080 256 4140 foenore
267 4084 380 4144 'mut'uo
390 4084 467 4158 dati,
486 4085 680 4159 cuius'usura
698 4085 861 4164 quotannis
879 4101 995 4169 septem
1011 4090 1109 4169 minas
1126 4090 1297 4172 superabat.

127 4162 171 4224 Et
184 4164 258 4226 haec
270 4173 370 4242 .sun't,·
383 4186 475 4248 quae,
498 4170 636 4251 ipsorum
654 4170 743 4247 etiam
757 4171 970 4249 confessione,
987 4174 1145 4236 fructuosa
1155 4177 1296 4256 'relique-

127 4249 183 4309 rit:
197 4260 342 4331 'quorum'
351 4269 423 4329 ‘sors
443 4268 575 4334 quatuor
590 4255 703 4315 talenta
722 4256 756 4314 e't·
771 4256 932 4337 quinquies
950 4259 1033 4319 mille
1052 4260 1228 4335 diaehmas,
1242 4272 1295 4333 te-

69 4406 72 4411 ,
101 4420 104 4431 ¹
129 4327 210 4400 ditus
223 4337 465 4422 'quinquagenas
479 4339 581 4402 minas
593 4334 721 4424 singulis
739 4341 825 4403 annis
844 4343 950 4424 explet
973 4342 1203 4411 'Praeter-haec
1221 4347 1295 4408 ebur
