2722 4754
342 128 1057 261 novans-rasaursrocnazrnu.
1217 188 1279 255 aar

102 329 292 389 munitatem
311 329 433 407 tributi,
452 333 535 412 quod
551 332 695 412 inquilini
712 335 868 414 pendunt,
886 332 1195 395 'concesserintacum
1213 334 1286 392 hle-

101 434 253 496 garenses
266 417 453 479 'exsecrandi
467 429 536 476 tam
552 418 692 481 studiose
708 419 989 502 suamdignitatem
1008 430 1208 502 exaggerent,
1233 431 1279 493 ut,

102 521 178 560 cnm
197 500 421 583 missislegatis
440 501 583 563 inherent
597 504 856 577 Lacedaemonii,
868 518 904 564 ut
921 506 1108 565 Hermonem
1126 503 1278 586 guberna·
1354 568 1356 571 ,

101 597 218 658 torem,
242 587 383 664 quicum
400 588 556 669 Lysandro
575 589 713 654 triremes
731 591 875 649 ducentas
894 604 1024 672 ceperat,
1041 602 1277 670 postquamnos

102 672 145 731 ad
158 670 407 754 Aegospotamos
432 674 586 734 adversam
609 674 762 735 fortunam
790 675 904 755 experti
921 682 1050 747 sumus,
1076 676 1170 735 civem
1196 674 1278 735 face,

100 750 194 830 rent,
204 757 431 837 responderint,
450 758 475 818 si
493 759 576 840 prius
594 759 751 834 vidissent,
774 759 856 841 ipsos
875 781 944 820 eum
962 758 1141 840 Spartiatam
1158 758 1278 835 fecisse,

99 847 173 901 tuan
196 853 229 925 et
252 864 287 902 se
312 842 397 904 illum
415 845 624 926 Megarensem
646 846 795 907 facturos:
818 868 888 906 cum
907 839 1030 917 Oritae,
1054 857 1194 922 quartum
1213 846 1275 911 Eu-

100 925 203 988 boeae
221 922 338 1008 partem
357 929 537 1003 incolentes,
555 929 646 1003 istum
659 931 757 1012 ipsum
772 926 996 1004 Charidemum,
1015 929 1100 989 cuius
1119 942 1215 988 mater
1233 931 1275 990 ci-

100 1011 150 1072 vis
169 1011 233 1073 illic
251 1026 314 1087 est,
332 1027 418 1094 pater
434 1036 525 1089 vero,
543 1036 607 1076 non
627 1016 740 1090 dicam,
758 1016 826 1095 quis
836 1035 850 1090 ,·
863 1031 915 1089 aut
931 1017 1013 1076 unde
1032 1012 1102 1099 (nec
1121 1013 1275 1074 enim'ne-

101 1118 195 1159 cesse·
209 1098 308 1164 habeo
326 1094 489 1178 inquirere
500 1101 533 1159 in
552 1121 621 1160 eum
639 1101 806 1167 accuratius
825 1123 914 1182 quam
930 1108 980 1162 res
1000 1096 1112 1182 cogit),
1145 1099 1275 1160 mediam

101 1196 208 1244 tamen
226 1183 255 1242 ei
273 1197 388 1263 partem
412 1186 532 1267 generis
558 1186 708 1259 conserat,
734 1187 895 1247 medietate
920 1186 952 1245 in
977 1186 1058 1246 hunc
1077 1205 1175 1264 nsque
1194 1183 1275 1251 diem

102 1270 243 1329 nondum
261 1267 348 1328 illum
368 1270 484 1353 dignati
502 1271 578 1344 sint,
614 1273 667 1331 sed
691 1273 753 1331 illic
771 1272 801 1330 in
820 1272 901 1331 trihu
920 1271 1086 1330 nothorum
1105 1276 1275 1340 censeatur,

103 1355 364 1434 quemadmodum
390 1356 463 1415 olim
489 1355 538 1415 hic
563 1357 595 1414 in
615 1353 805 1440 Cynosarges
831 1357 920 1416 nothi
946 1354 1175 1433 conveniebant
1210 1357 1274 1413 Vos

103 1461 197 1513 vero,
219 1437 442 1513 Athenienses,
467 1441 520 1520 qui
543 1440 639 1500 totius
665 1441 710 1500 illi
734 1441 780 1500 ius
799 1441 927 1500 civitatis
946 1438 1131 1521 impertiistis
1151 1451 1181 1498 et
1198 1434 1273 1497 alios

102 1523 239 1584 honores
259 1518 430 1599 habuistis,
456 1525 552 1603 etiam
572 1526 632 1603 hoc
655 1526 683 1584 ei
708 1525 875 1587 adiicietis?
893 1526 1107 1602 ¹Quamobrem
1131 1523 1273 1595 tandem?

100 1609 188 1684 Quas
204 1628 294 1669 naves
311 1607 397 1668 vohis
415 1610 516 1690 cepit?
534 1611 664 1690 Propter
682 1611 799 1690 quasei
817 1610 927 1684 abhis,
946 1610 998 1690 qui
1016 1610 1081 1670 illas
1098 1609 1273 1682 amiserunt,

98 1692 231 1754 insidiae
255 1694 434 1753 struuntur?
472 1696 572 1770 Quam
597 1695 707 1754 urbem
723 1718 739 1754 a
757 1717 789 1755 se
808 1709 924 1776 captam
950 1696 1036 1775 uobis
1060 1693 1203 1755 tradidit?
1239 1695 1273 1751 lu

100 1800 185 1859 quae
203 1777 373 1838 discrimina
393 1779 497 1858 capitis
516 1793 642 1860 propter
654 1801 708 1839 vos
722 1801 753 1839 se
773 1780 924 1840 coniecit?
942 1778 1082 1854 Quorum
1101 1778 1273 1837 inimicitias
1314 1782 1323 1800 ‘

103 1880 280 1924 communes
306 1863 465 1928 vobiscum
488 1865 643 1944 suscepit?
665 1865 763 1924 Nemo
789 1878 858 1937 est,
879 1863 932 1943 qui
956 1864 1053 1944 possit
1078 1859 1185 1922 dicere.
1212 1862 1273 1921 Sed
1308 1852 1331 1901 ‘-

100 1947 161 2007 uhi
181 1949 217 2008 de
233 1947 368 2033 legibus,
387 1970 460 2028 quas
478 1950 672 2022 adduximus,
691 1971 785 2028 pauca
804 1951 986 2022 disseruero,
999 1970 1134 2028 quorum
1153 1951 1274 2028 vosssre-
1305 2012 1309 2020 α

100 2030 246 2093 cordatos
264 2032 413 2105 cautiores
431 2033 496 2092 fore
515 2047 607 2114 puto,
629 2034 654 2093 si
672 2033 723 2092 i'sti
741 2046 794 2094 v‘os
813 2035 958 2093 seducere
977 2046 1067 2112 atque
1086 2033 1117 2091 in
1136 2032 1273 2093 fraudem

99 2114 217 2177 illicere
234 2118 425 2192 studuerint,
445 2120 632 2180 descendam.
661 2116 826 2188 P'rimalex
844 2131 947 2199 aperte
966 2118 1068 2189 iubet,
1087 2117 1112 2176 si
1132 2117 1200 2196 quis
1219 2110 1273 2175 aliss

100 2223 194 2285 quem
214 2198 381 2278 'occiderim
408 2202 553 2263 Senatum
576 2203 725 2263 iudicare:
753 2203 827 2278 iste,
851 2204 877 2264 si
896 2203 963 2283 quis
983 2201 1145 2272 occiderit,
1172 2201 1272 2259 statim

52 2278 57 2289 ⁸
86 2286 229 2375 scripsit·
240 2286 391 2348 abducere
409 2284 507 2348 licere.
533 2288 601 2349 Ho'c
620 2289 836 2364 custodite,·et
853 2288 1068 2360 memineritis,
1087 2286 1163 2345 nihil
1182 2306 1272 2366 posse

98 2370 216 2433 indicio
235 2372 304 2452 heri
326 2375 522 2452 contrarium¹
536 2372 645 2458 ma'gis,
671 2396 760 2454 quam
785 2374 850 2433 sine
872 2372 989 2433 iudicio
1009 2371 1272 2454 proscriptionem.

97 2456 172 2518 Non
188 2459 264 2518 sinit
280 2472 387 2539 postea
405 2460 537 2527 secunda
554 2460 621 2531 lex,
648 2461 738 2519 etiam
757 2460 928 2519 damnatum
948 2459 1048 2519 caedis
1068 2455 1270 2517 excarnificari
1295 2456 1356 2517 440

87 2554 154 2603 'ant
178 2543 318 2604 mulctari
343 2544 486 2624 pecunia:
516 2557 547 2603 at
572 2545 647 2617 iste,
676 2545 749 2604 dum
775 2542 844 2613 emisa
871 2540 1272 2624 abduci‘permittit,‘haec
1334 2547 1336 2551 ’

98 2627 395 2699 omnia'concessit:
431 2634 500 2690 nain
528 2629 559 2687 in
586 2642 708 2705 eorum,
738 2620 955 2710 qui'aliquem
975 2625 1272 2709 comprehenderint,
1324 2644 1327 2651 ’

99 2735 191 2774 mauu
205 2713 347 2794 ,futurum
367 2727 428 2788 est,
447 2715 485 2774 de
504 2714 541 2774 eo
558 2728 707 2788 statuere,
727 2713 871 2795 quicquid
890 2715 1010 2775 libitum
1028 2713 1128 2779 suerit.
1162 2711 1271 2770 athan-

98 2798 171 2859 cere
188 2796 275 2859 iubet
292 2799 341 2863 lex
359 2799 573 2874 ad'Sei'viros,
600 2800 718 2881 idque,
737 2799 763 2859 si
782 2799 848 2879 quis
867 2799 1049 2859 homicidam
1068 2797 1099 2856 in
1118 2795 1272 2856 interlecti
1298 2862 1300 2867 ¹

90 2883 194 2966 ‚patria
213 2884 466 2966 deprehenderit:
491 2885 548 2945 iste
567 2884 624 2967 ipsi
643 2884 811 2957 accusatori
830 2886 881 2944 dat
899 2882 1069 2944 abducendi
1087 2892 1270 2963 potestatem·

95 2969 131 3028 in
152 2991 221 3030 suas
238 2971 340 3044 aedes,
359 2970 450 3030 etiam
467 2970 493 3029 si
511 2971 542 3029 in
562 2970 756 3031 aliena'terra
774 2964 1017 3054 deprehenderit
1033 2967 1126 3045 'Sunt
1143 2964 1271 3034 iniuriae

95 3052 264 3134 quaedam,
283 3068 410 3136 propter
427 3077 500 3134 quas
519 3056 650 3135 aliquem
671 3054 830 3116 occidendi
848 3054 1000 3115 licentiam
1021 3053 1070 3113 lex
1089 3053 1188 3133 dedit:
1214 3050 1271 3109 iste
1308 3060 1312 3071 '

90 3161 162 3225 -non
186 3140 311 3215 adiecit,
339 3140 455 3201 etiamsi
473 3153 600 3222 propter
621 3141 686 3201 illas
710 3140 818 3221 aliquis
838 3140 1000 3212 occiderit,
1026 3139 1080 3199 sed
1105 3159 1174 3197 eum
1199 3154 1271 3217 pros

95 3224 220 3300 scribit,
247 3247 338 3307 quem
357 3227 438 3308 leges
457 3226 632 3286 indemnem
658 3239 689 3287 et
713 3226 865 3287 insontem
884 3225 1057 3285 dimittunt..¹
1092 3223 1126 3283 Si
1144 3221 1271 3295 cui‚·tale

41 3316 44 3321 ’
96 3310 250 3390 quidusu
270 3310 368 3383 venit,
394 3312 441 3371 ius
459 3311 591 3393 primum
609 3311 763 3393 postulare
786 3311 837 3372 ‘lex
852 3311 956 3371 iubet:
985 3311 1042 3370 iste
1068 3322 1172 3370 contra
1192 3306 1287 3366 ‘nul--

94 3395 162 3469 lum
180 3395 329 3457 iudicium
348 3418 404 3456 nec
423 3396 487 3478 ipse
507 3397 705 3479 designavit,
722 3418 840 3476 neque,
870 3395 1016 3477 aquibus
1034 3414 1147 3477 poenas
1167 3391 1270 3474 erigit,
1354 3398 1356 3407 '

58 3505 64 3515 ·
97 3478 205 3561 petiit&
223 3484 277 3543 sed
295 3482 396 3542 statim
415 3481 551 3563 scripsit,
571 3504 639 3542 eum
656 3483 806 3543 abducere
822 3482 931 3555 licere,
950 3502 1041 3562 quem
1060 3480 1086 3540 si
1104 3478 1172 3560 quis
1190 3495 1272 3538 asse'-

95 3567 205 3641 ruerit,
225 3586 241 3628 e
260 3567 390 3650 vestigio
408 3566 583 3627 foederibus
603 3568 741 3629 excludit.
776 3567 908 3650 Pignora
927 3586 1032 3646 capere
1050 3564 1122 3638 illic,
1139 3562 1194 3622 uhi
1212 3561 1285 3620 ho..

95 3650 207 3711 micida
226 3652 338 3726 luerit,
366 3652 489 3719 nis‘iins
509 3653 579 3712 dare
596 3654 710 3727 velint,
739 3653 826 3713 iubet
841 3654 891 3713 lex
906 3652 1059 3732 usquead
1078 3648 1270 3710 treslicerea
1336 3695 1344 3706 .

92 3735 173 3811 iste,
192 3737 231 3797 'si
250 3738 318 3818 quis
335 3755 422 3807 reum
440 3749 553 3797 ass'erat
570 3759 586 3797 a
604 3739 738 3799 violenta
756 3739 957 3809 abductione,
988 3736 1114 3810 nolens,
1147 3746 1182 3794 ut
1200 3732 1270 3792 ante
1323 3764 1326 3769 ·

95 3816 246 3903 indicium
271 3822 415 3896 dedatur,
440 3824 538 3882 statim
563 3844 633 3898 eum
656 3824 831 3885 foederibus
857 3823 996 3884 excludit
1030 3821 1102 3882 Non
1126 3817 1199 3878 sinit
1219 3817 1270 3901 lex

94 3904 229 3988 aliquam
247 3908 358 3990 legem,
377 3901 436 3967 nisi
455 3909 559 3968 eadem
577 3908 690 3988 pariter
704 3911 741 3969 ad
759 3930 865 3969 ornnes
883 3908 1043 3991 pertineat,
1061 3903 1270 3987 promulgare:

96 3992 153 4053 iste
174 3993 219 4051 ob'
233 3984 330 4054 unum
349 3994 446 4052 virum
465 3993 616 4073 peculiare
635 3995 791 4075 decretum
808 3986 921 4054 scribit
963 3994 1034 4053 Non
1059 3989 1131 4050 sinit
1148 3988 1197 4048 lex
1216 3987 1270 4047 de·
1296 3986 1299 3991 ’

96 4080 302 4161 ετεῐυηιιίεςε
321 4078 388 4158 plus
406 4078 524 4137 valere:
549 4077 624 4151 iste,
644 4103 712 4140 cnm
730 4093 780 4140 tot
798 4080 859 4139 sint
877 4079 977 4162 leges,
996 4079 1151 4137 decretum
1169 4086 1269 4134 ratum

95 4164 184 4239 facit,
202 4164 287 4247 leges
306 4163 394 4223 tollit.
431 4165 512 4223 Haec
531 4177 654 4236 cavete,
673 4179 763 4245 atque
782 4165 813 4225 in
831 4165 890 4223 hoc
911 4178 1055 4223 consessu
1073 4160 1170 4220 nolite
1188 4157 1271 4219 'obti-

97 4249 187 4324 visci,
211 4263 260 4323 et,
288 4248 432 4328 quicquid
453 4248 503 4308 isti
522 4249 706 4331 effugiorum
726 4249 939 4332 quaeritarint,
967 4243 1153 4307 contemnite
1173 4258 1204 4306 et
1221 4265 1269 4304 re-

96 4336 244 4415 pudiatea·
264 4334 369 4397 iubete
388 4333 507 4420 potius,
526 4348 561 4397 ut
577 4337 735 4411 ostendat,
751 4336 807 4397 uhi
824 4333 928 4420 iudicii
943 4328 1272 4403 ‚mentionemfecerin
