2722 4754
54 164 246 223 --ms
302 170 318 242 j
425 103 1020 251 ιιιιιιιιιιιιιιιιοιιιιιο
1113 174 1115 179 »

139 313 229 377 illius.
254 313 372 374 Deinde
390 298 612 371 testamentum
623 308 767 390 scriptum
787 318 840 366 est
864 306 930 388 Ego
949 325 1032 365 vero
1040 285 1118 366 de'
1097 328 1134 367 us
1153 267 1304 365 conditio-

61 419 62 423 ’
142 399 241 471 nibus,
255 396 467 456 aPhormione
481 395 556 466 mihi
573 395 640 454 latis
655 402 707 454 aut
723 413 787 451 nou
801 391 881 464 latis,
896 392 1034 450 nondum
1049 391 1118 451 dico
1134 390 1316 473 quicquam,

46 491 48 495 ’
88 505 90 511 ·
141 503 242 562 neque
260 483 298 541 de
315 477 441 542 veritate
460 481 555 543 etiam
568 494 624 541 aut
635 479 766 543 falsitate
783 476 977 577 testamenti,
996 476 1119 555 quod”
1098 498 1136 536 ns
1156 468 1306 536 derebus
1338 503 1345 549 j

23 570 28 585 ‘
100 613 104 620 -
142 566 243 645 statim
261 586 317 626 vos
334 566 468 628 docebo:
492 567 546 627 sed
564 565 650 638 illud,
669 563 753 643 quod
769 562 872 623 testati
890 554 971 635 sunt,
988 581 1037 624 me
1054 549 1173 621 tabulas
1193 559 1306 659 aperire

108 683 114 689 ·
143 636 325 724 uoluisse,'
298 673 345 720 ιιι
361 651 558 712 considerate.
577 651 715 724 Quanam
728 647 767 706 de
781 666 868 707 causa
884 646 1043 726 quisquam
1058 658 1182 706 recuset
1187 667 1307 726 aperire
1333 654 1343 713 f

64 728 70 734 ’
143 732 281 797 tabulas?
309 740 351 804 Ut
367 758 406 798 ne
424 736 541 797 scilieet
559 745 777 796 testamentum
796 733 1043 813 inconspectum
1069 732 1219 793 iudicum
1225 730 1308 790 veui
1353 802 1357 808 .

139 820 209 881 ret?
235 821 328 895 Quod
351 822 410 881 nisi
432 821 484 882 isti
507 838 577 880 cum
601 818 825 918 provocatione
836 829 1050 890 testamentum
1070 815 1309 890 coniunxissent,

45 916 122 972 197
145 882 324 971 detrectatio
355 927 421 967 mea
450 905 606 1005 ιΗΡιιίιιιάἰ
632 903 761 964 rationis
787 901 901 982 aliquid
930 902 1100 964 habuisset.
1137 923 1207 963 cum
1238 922 1308 960 vero

115 1005 308 1071 utrumque
326 1012 396 1052 suo
393 990 589 1050 testimonio
596 989 798 1074 coniungant,
817 999 848 1047 ct
864 987 988 1049 iudices
999 1009 1096 1069 acque
1096 986 1311 1060 audivissent,

88 1149 92 1159 ἱ
144 1077 220 1177 quid
238 1076 313 1139 mihi
330 1076 406 1135 lucri
423 1075 569 1135 afferebat
587 1070 785 1138 detrectatio?
803 1073 887 1135 Nihil
901 1073 1020 1152 utique.
1044 1078 1120 1133 lmo
1131 1085 1239 1133 contra
1257 1093 1310 1152 po-

23 1171 29 1178 *
128 1162 225 1235 tius,
248 1161 471 1241 Athenienses,
497 1159 554 1220 etsi
572 1159 695 1219 minime
713 1171 930 1258 provocassent
948 1159 1009 1231 illi,
1034 1172 1066 1219 et
1082 1178 1227 1219 sermone
1245 1170 1309 1217 tan-

147 1260 211 1308 tum
228 1246 358 1305 fuissent
375 1245 445 1319 usi,
478 1258 515 1305 et
527 1243 733 1306 obtulisset'
706 1264 748 1304 ιιι
762 1242 880 1324 aliquis
892 1244 1009 1304 tabulas
1026 1257 1062 1304 ut
1078 1255 1312 1306 testamentum:

66 1405 68 1409 y
142 1349 254 1400 ιιιιιιιιι
264 1329 373 1391 suisset
388 1351 555 1412 provocare
574 1344 605 1391 et
623 1351 683 1390 eas·
689 1328 830 1410 aperire,
843 1340 894 1402 ut,
920 1351 946 1389 ιι
936 1328 1019 1392 alia
1038 1329 1205 1409 quaedam
1224 1349 1330 1408 quams

68 1491 72 1497 9
148 1435 224 1496 quae
238 1415 298 1497 isti
311 1427 503 1490 testarentur,
521 1415 664 1497 inscripta
679 1426 792 1487 essent,
804 1421 901 1481 ‚testes
910 1434 936 1492 4e
950 1413 1215 1477 circumstantibus
1234 1413 1312 1472 mul-

56 1522 78 1572 χ
92 1500 112 1568 f
128 1513 138 1520 ’·
146 1513 195 1570 tos
208 1500 349 1577 facerem,
363 1522 462 1580 eoque
476 1492 656 1582 argumento
671 1512 790 1583 caeterq
803 1520 926 1579 quoque
941 1519 994 1560 eos
1009 1499 1192 1574 confinxisse
1209 1511 1312 1558 osten-

20 1648 22 1651 ,
128 1585 269 1645 ““(1ιιιιιι.’
292 1584 351 1644 Sin.
366 1585 559 1665 ea'iuseripta
576 1585 720 1653 fuissent:
744 1583 781 1644 ab
800 1595 854 1658 eo,
871 1585 925 1665 qui
943 1583 1311 1665 exhibuisset,-postulas-

76 1709 80 1713 -
147 1689 233 1743 sem,
238 1681 285 1730 ut
292 1669 356 1750 ipse
373 1682 542 1747 testaretur.
560 1671 623 1746 Qui
639 1692 665 1730 ιι
657 1668 849 1743 voluisset,
854 1668 1026 1731 obnoxium
1039 1691 1111 1730 eum
1125 1668 1311 1737 habuissem:

109 1753 195 1834 “sin
213 1755 427 1830 detrectasset,
457 1777 561 1816 rursus
584 1756 616 1814 id
628 1754 708 1839 satis
725 1755 897 1836 argumenti
914 1754 990 1815 mihi
1006 1755 1155 1829 luisset,
1160 1775 1229 1814 rem
1246 1772 1320 1815 esse

47 1835 394 1903 'commentitiam
418 1840 520 1941 Quin
538 1840 628 1901 etiam
646 1835 684 1899 eo
702 1841 806 1903 modo
813 1839 986 1912 accidisset,
1015 1839 1144 1904 utmihi
1161 1861 1231 1903 cum
1248 1857 1315 1897 uno
1345 1905 1348 1910 .

47 1974 60 1982 -
147 1944 196 1984 res
216 1936 310 1984 esset·
326 1937 363 1985 ut
378 1931 453 1984 uer'o
470 1925 521 1986 isti
538 1934 697 1997 testantur,
716 1935 784 1984 eum
802 1925 914 1985 multis.
923 1925 1024 1984 Estne
1042 1937 1178 1985 vestrum
1195 1922 1317 2003 aliquis,

64 2000 70 2010 ’
148 2031 203 2088 qur
193 2007 295 2068 haec
313 2009 488 2070 maluisset?
512 2010 663 2091 Equidem
677 2010 816 2089 opinor,
821 2030 891 2071 -esse
910 2010 1072 2069 neminem.
1105 2009 1239 2075 Proinde
1258 2027 1318 2066 nec

47 2129 73 2148 .‚
104 2128 120 2175 ι
149 2094 190 2154 de
205 2093 265 2153 alio
283 2095 413 2155 credere
423 2082 506 2156 idem
524 2093 666 2176 deb'etis.
682 2093 834 2167 Etenim,
841 2094 1071 2169 Athenienses,
1098 2109 1241 2175 quaeres
1259 2112 1320 2173 per

63 2224 91 2250 „
145 2178 335 2239 iracundiam
352 2178 447 2252 fiunt,
465 2193 518 2241 aut
533 2171 664 2261 propter
675 2178 752 2239 lucri
771 2171 897 2239 alicuius
915 2178 1172 2261 perceptionem,
1179 2193 1233 2239 aut
1249 2175 1320 2237 ani·
1333 2176 1337 2184 “

149 2262 193 2320 mi
216 2262 350 2342 impetu,
369 2275 432 2324 aut
441 2265 653 2328 aemulatione
676 2264 898 2325 contentionis:
929 2285 979 2326 eas
1001 2285 1050 2325 res
1075 2265 1164 2325 aliter
1186 2263 1253 2346 geri
1279 2260 1319 2320 ah

122 2346 233 2419 maliis,
257 2357 366 2428 prout
371 2348 495 2430 ingenia
519 2362 549 2410 et
572 2369 672 2410 ιιιοιιι
696 2349 844 2429 cuiusque
854 2345 979 2423 serunt,
1005 2348 1083 2409 nihil
1099 2348 1249 2449 prohibet
1285 2345 1315 2403 A

150 2430 263 2512 quihus
279 2445 391 2492 eutem
398 2433 490 2494 rebus
505 2433 582 2494 haec
600 2435 702 2495 omnia
717 2447 835 2496 remota
851 2447 940 2508 sunt,
968 2446 1015 2495 et
1016 2455 1086 2495 eum
1101 2434 1180 2493 ratio
1197 2430 1320 2501 utilita-
1322 2489 1324 2493 .

150 2516 190 2577 tis
208 2516 314 2577 sedato
330 2518 431 2577 auimo
451 2520 586 2580 ducitur.
612 2520 679 2598 quis
698 2520 749 2580 ita
757 2533 862 2580 vecors
880 2532 942 2612 est,
967 2523 1039 2592 ut,
1037 2519 1156 2598 omissis
1174 2517 1319 2599 prolutu-

74 2602 89 2626 ·”
140 2599 211 2680 ris,
230 2622 263 2661 ea
282 2602 446 2684 deligeret,
465 2626 552 2683 quae
560 2625 666 2665 causae
683 2603 840 2666 victoriam
858 2592 1032 2666 laederent?
1049 2591 1160 2665 Nam'
1150 2603 1220 2676 rsti,
1239 2620 1319 2680 quae

46 2721 55 2735 ι
93 2722 94 2728 1
119 2706 209 2744 :nec
234 2685 405 2761 credibilia,
433 2709 489 2750 nec
511 2689 680 2770 probabilia
706 2701 793 2763 sunt,
822 2708 856 2747 ea
882 2701 953 2749 sunt
978 2689 1131 2750 testificati
1156 2689 1194 2748 de
1220 2685 1319 2746 nohis

41 2790 44 2802 ·
116 2843 119 2846 Ρ
150 2767 260 2849 Neque
277 2791 351 2831 vero
370 2793 406 2831 ex
424 2794 461 2845 eo
479 2774 595 2848 solum,
630 2774 713 2854 quod
735 2793 783 2833 me
801 2773 917 2833 tabulas
935 2775 1049 2855 aperire
1068 2774 1205 2833 noluisse
1224 2783 1318 2832 testes

90 2864 111 2898 >.
151 2854 312 2955 dixerunt,
341 2877 446 2916 eorum
464 2858 654 2918 mendacium
672 2858 869 2939 perspicitur:
899 2858 952 2919 sed
971 2880 1006 2919 ex
1023 2860 1077 2919 illo
1096 2859 1205 2930 etiarn,
1235 2855 1317 2935 quod

150 2939 328 2999 testimonio
352 2961 409 3001 suo
427 2944 674 3023 provocationem
693 2965 761 3004 cum
778 2953 976 3005 testamento
974 2944 1209 3026 coniungunt.
1206 2939 1317 2999 Arhi-

151 3035 218 3087 tror
235 3023 334 3099 enim,
353 3025 446 3105 'seire
453 3042 568 3088 omnes
576 3050 647 3103 vos,
666 3041 742 3108 quae
760 3050 809 3088 res
827 3028 929 3101 aller‘ri
945 3029 981 3088 ad
999 3050 1053 3097 vos
1072 3039 1249 3128 nequeunt,
1266 3043 1318 3084 ea-

65 3112 71 3120 “
151 3129 221 3168 rum
236 3130 345 3173 rerum
364 3110 513 3178 inventas
520 3134 585 3174 esse
602 3113 843 3214 provocationes.
878 3113 991 3180 Veluti
999 3113 1194 3194 quaestiones
1213 3109 1319 3172 haberi

152 3202 267 3255 coram
274 3194 368 3256 vobis
379 3197 473 3257 nefas
498 3210 559 3257 est:
586 3199 650 3259 eius
677 3199 722 3258 rei
747 3211 943 3271 necessescst
967 3219 1032 3258 esse
1057 3196 1318 3280 provocationem,

134 3276 295 3351 -ltem,'
270 3301 297 3338 ιι
315 3281 388 3360 quid
402 3293 488 3342 extra
506 3296 640 3347 nostram
657 3282 815 3386 regionem
833 3282 945 3344 sactum
965 3297 1011 3345 est
1027 3284 1160 3365 uspiam:
1192 3300 1318 3342 necesse
1348 3276 1352 3282 ’

112 3407 116 3413 1
148 3374 214 3436 est,
233 3375 265 3422 et
283 3364 347 3426 eius
367 3386 432 3428 esse
448 3367 495 3426 rei
512 3370 772 3449 provocationem,
789 3381 829 3434 ut
842 3389 879 3429 eo
897 3369 945 3429 vel
964 3369 1138 3452 navigetur,
1155 3367 1201 3428 vel
1220 3378 1319 3437 eatur,

24 3449 31 3457 ”
68 3488 75 3503 .
152 3447 207 3507 ribi
229 3446 306 3512 facte
332 3463 393 3511 est:
417 3453 604 3533 aliarumque
623 3453 767 3515 similium
780 3470 915 3517 rerum.
922 3453 1003 3517 Sed
1013 3454 1068 3515 ubi
1088 3474 1140 3513 res
1159 3453 1239 3533 ipsas
1264 3448 1338 3531 per'

43 3542 63 3568 '·
153 3552 218 3592 sese
244 3537 421 3618 conspectui
439 3543 560 3602 vestro
573 3539 683 3598 offerre
708 3539 795 3598 licet:
820 3539 894 3618 quid
911 3537 1004 3598 fuerit
1013 3534 1204 3619 simplicius,
1230 3557 1320 3616 quam

78 3629 81 3636 ’
153 3638 203 3677 ιιι
226 3619 419 3698 proferrem
437 3621 613 3685 medium?¹
624 3623 754 3684 Athenis
773 3623 852 3683 obiit
868 3636 953 3703 pater
969 3646 1085 3684 meus:
1102 3625 1215 3684 factum
1240 3620 1321 3680 arbi-

19 3714 63 3755 Ἣ
146 3701 246 3779 trium
263 3716 309 3772 est
326 3705 359 3766 in
376 3707 456 3766 varia
473 3706 609 3787 po'rticu.
627 3708 729 3769 testati
746 3707 796 3768 isti
814 3721 903 3781 sunt,
920 3707 1127 3809 Amphionem
1145 3707 1321 3771 exhibuisse

152 3787 269 3847 tabulas
287 3791 366 3870 apud
385 3791 537 3853 arbitrum.
567 3793 703 3867 Quod
678 3815 703 3852 ιι
720 3813 826 3854 verum
837 3793 918 3858 fuit:
942 3795 1080 3874 oportuit
1103 3794 1182 3874 ipsas
1201 3791 1321 3851 tabulas

67 3929 69 3932 ι
118 3872 184 3930 in
204 3872 345 3934 echinum
364 3895 429 3955 esse
448 3877 616 3956 coniectes,
641 3891 776 3952 etcum,
802 3878 864 3957 qui
873 3899 922 3939 eas
933 3879 1112 3966 exhiberet,
1138 3877 1262 3938 testari:
1288 3889 1323 3935 ut

72 3959 131 4019 198
155 3958 315 4020 everitate
334 3973 379 4020 et
377 3960 572 4044 inspectione
590 3963 745 4044 signorum
765 3975 796 4024 et
812 3962 928 4026 iudices
939 3984 1010 4024 rem
1028 3975 1272 4046 cognoscerent,
1292 3954 1342 4020 et*

126 4060 229 4122 ego,
257 4043 282 4102 si
301 4045 369 4124 quis
387 4047 462 4117 mihi
480 4046 619 4107 faceret
611 4047 768 4119 iniuriam,
797 4049 867 4112 eius
879 4049 1047 4111 ulciscendi
1064 4061 1248 4129 potestatem
1267 4047 1322 4106 ha-

84 4169 94 4181 .
154 4123 266 4185 berem.
283 4129 372 4189 Nunc
390 4151 480 4191 nemo
498 4143 577 4192 unus
595 4145 689 4194 totam
701 4154 830 4199 causam
844 4135 988 4215 suscepit,
1005 4155 1104 4214 neque
1123 4132 1213 4215 plone
1233 4132 1322 4193 testi·-
1326 4198 1334 4215 x

81 4237 100 4269 γ
154 4210 290 4271 monium
315 4214 408 4293 dixit,
432 4228 467 4277 ut
492 4215 516 4274 is
541 4215 685 4290 faceret,
696 4217 759 4298 qui
756 4238 836 4279 vera
854 4219 954 4279 vellet
965 4219 1082 4285 dicere.
1097 4220 1164 4279 sed
1189 4218 1322 4297 quisque

75 4363 77 4368 s
153 4306 289 4411 partem,
296 4310 331 4359 ut
348 4314 454 4363 cautus
472 4301 615 4367 nimirum
632 4316 854 4386 proptereaque
871 4324 991 4397 poenas
999 4320 1067 4364 nou
1085 4304 1225 4364 daturus:
1244 4302 1329 4364 alius

661 4496 664 4500 ,
721 4467 732 4495 l
