<?xml version="1.0" encoding="UTF-8"?>
<!DOCTYPE html PUBLIC "-//W3C//DTD XHTML 1.0 Transitional//EN"
    "http://www.w3.org/TR/xhtml1/DTD/xhtml1-transitional.dtd">
<html xmlns="http://www.w3.org/1999/xhtml" xml:lang="en" lang="en">
 <head>
  <title>
</title>
<meta http-equiv="Content-Type" content="text/html;charset=utf-8" />
  <meta name='ocr-system' content='tesseract 3.04.00' />
  <meta name='ocr-capabilities' content='ocr_page ocr_carea ocr_par ocr_line ocrx_word'/>
</head>
<body>
  <div class='ocr_page' id='page_1' title='image "./demosthenisquae04schgoog_0024.png"; bbox 0 0 2722 4754; ppageno 0'>
   <div class='ocr_carea' id='block_1_1' title="bbox 411 131 1253 306">
    <p class='ocr_par' dir='ltr' id='par_1_1' title="bbox 411 131 1253 306">
     <span class='ocr_line' id='line_1_1' title="bbox 411 131 1253 306; baseline 0.001 -57"><span class='ocrx_word' id='word_1_1' title='bbox 411 184 779 306; x_wconf 53' lang='grc' dir='ltr'><strong>ὀιιιιιιιιιιιι</strong></span> <span class='ocrx_word' id='word_1_2' title='bbox 813 131 917 248; x_wconf 71' lang='grc' dir='ltr'><strong>ιιι</strong></span> <span class='ocrx_word' id='word_1_3' title='bbox 1072 238 1083 278; x_wconf 55' lang='lat'><strong>4</strong></span> <span class='ocrx_word' id='word_1_4' title='bbox 1135 160 1145 172; x_wconf 81' lang='grc'><strong>”</strong></span> <span class='ocrx_word' id='word_1_5' title='bbox 1199 176 1253 251; x_wconf 72' lang='lat' dir='ltr'><strong>1s&#39;</strong></span> 
     </span>
    </p>
   </div>
   <div class='ocr_carea' id='block_1_2' title="bbox 11 341 1318 4442">
    <p class='ocr_par' dir='ltr' id='par_1_2' title="bbox 11 341 1318 4442">
     <span class='ocr_line' id='line_1_2' title="bbox 94 341 1236 430; baseline -0.002 -23"><span class='ocrx_word' id='word_1_6' title='bbox 94 377 137 426; x_wconf 71' lang='lat' dir='ltr'><strong>mo,</strong></span> <span class='ocrx_word' id='word_1_7' title='bbox 160 367 248 430; x_wconf 89' lang='lat' dir='ltr'><strong>pauca</strong></span> <span class='ocrx_word' id='word_1_8' title='bbox 266 343 355 406; x_wconf 73' lang='lat' dir='ltr'><strong>tobis</strong></span> <span class='ocrx_word' id='word_1_9' title='bbox 381 364 417 405; x_wconf 88' lang='lat' dir='ltr'><strong>ex</strong></span> <span class='ocrx_word' id='word_1_10' title='bbox 441 343 489 418; x_wconf 90' lang='lat' dir='ltr'><strong>iis,</strong></span> <span class='ocrx_word' id='word_1_11' title='bbox 515 348 592 427; x_wconf 90' lang='lat' dir='ltr'><strong>quac</strong></span> <span class='ocrx_word' id='word_1_12' title='bbox 597 343 693 403; x_wconf 88' lang='lat' dir='ltr'><strong>sacta</strong></span> <span class='ocrx_word' id='word_1_13' title='bbox 719 353 800 414; x_wconf 90' lang='lat' dir='ltr'><strong>sunt,</strong></span> <span class='ocrx_word' id='word_1_14' title='bbox 828 342 860 401; x_wconf 91' lang='lat' dir='ltr'><strong>in</strong></span> <span class='ocrx_word' id='word_1_15' title='bbox 886 341 1063 420; x_wconf 76' lang='lat' dir='ltr'><strong>memoriam</strong></span> <span class='ocrx_word' id='word_1_16' title='bbox 1086 364 1236 425; x_wconf 78' lang='lat' dir='ltr'><strong>revocare.</strong></span> 
     </span>
     <span class='ocr_line' id='line_1_3' title="bbox 94 427 1310 510; baseline -0.002 -15.968"><span class='ocrx_word' id='word_1_17' title='bbox 94 431 255 506; x_wconf 69' lang='lat' dir='ltr'><strong>Meministis,</strong></span> <span class='ocrx_word' id='word_1_18' title='bbox 269 429 486 502; x_wconf 77' lang='lat' dir='ltr'><strong>Athenienses,</strong></span> <span class='ocrx_word' id='word_1_19' title='bbox 502 428 681 491; x_wconf 87' lang='lat' dir='ltr'><strong>nunciatum</strong></span> <span class='ocrx_word' id='word_1_20' title='bbox 694 427 787 487; x_wconf 83' lang='lat' dir='ltr'><strong>fuisse</strong></span> <span class='ocrx_word' id='word_1_21' title='bbox 803 427 1129 510; x_wconf 73' lang='lat' dir='ltr'><strong>vobis,Phalsppum1n</strong></span> <span class='ocrx_word' id='word_1_22' title='bbox 1139 431 1235 505; x_wconf 74' lang='lat' dir='ltr'><strong>Thra</strong></span> <span class='ocrx_word' id='word_1_23' title='bbox 1309 452 1310 456; x_wconf 70' lang='grc'>’</span> 
     </span>
     <span class='ocr_line' id='line_1_4' title="bbox 96 508 1235 596; baseline -0.003 -17"><span class='ocrx_word' id='word_1_24' title='bbox 96 528 135 595; x_wconf 68' lang='lat' dir='ltr'><strong>cia,</strong></span> <span class='ocrx_word' id='word_1_25' title='bbox 161 518 246 579; x_wconf 87' lang='lat' dir='ltr'><strong>tertio</strong></span> <span class='ocrx_word' id='word_1_26' title='bbox 272 528 327 576; x_wconf 91' lang='lat' dir='ltr'><strong>aut</strong></span> <span class='ocrx_word' id='word_1_27' title='bbox 353 528 460 596; x_wconf 89' lang='lat' dir='ltr'><strong>quarto</strong></span> <span class='ocrx_word' id='word_1_28' title='bbox 487 514 599 596; x_wconf 84' lang='lat' dir='ltr'><strong>abhinc</strong></span> <span class='ocrx_word' id='word_1_29' title='bbox 623 535 733 587; x_wconf 92' lang='lat' dir='ltr'><strong>anno,</strong></span> <span class='ocrx_word' id='word_1_30' title='bbox 748 508 901 574; x_wconf 89' lang='lat' dir='ltr'><strong>Heraeum</strong></span> <span class='ocrx_word' id='word_1_31' title='bbox 928 527 1058 576; x_wconf 80' lang='lat' dir='ltr'>castrum</span> <span class='ocrx_word' id='word_1_32' title='bbox 1085 516 1235 578; x_wconf 87' lang='lat' dir='ltr'><strong>obsidere</strong></span> 
     </span>
     <span class='ocr_line' id='line_1_5' title="bbox 97 589 1234 685; baseline -0.01 -12"><span class='ocrx_word' id='word_1_33' title='bbox 97 615 159 672; x_wconf 91' lang='lat' dir='ltr'><strong>Tunc</strong></span> <span class='ocrx_word' id='word_1_34' title='bbox 173 604 263 685; x_wconf 86' lang='lat' dir='ltr'><strong>igitur</strong></span> <span class='ocrx_word' id='word_1_35' title='bbox 280 602 394 663; x_wconf 86' lang='lat' dir='ltr'><strong>mensis</strong></span> <span class='ocrx_word' id='word_1_36' title='bbox 414 613 478 661; x_wconf 90' lang='lat' dir='ltr'><strong>erat</strong></span> <span class='ocrx_word' id='word_1_37' title='bbox 495 599 681 681; x_wconf 80' lang='lat' dir='ltr'><strong>September.</strong></span> <span class='ocrx_word' id='word_1_38' title='bbox 717 589 821 660; x_wconf 88' lang='lat' dir='ltr'><strong>Multis</strong></span> <span class='ocrx_word' id='word_1_39' title='bbox 840 612 942 676; x_wconf 83' lang='lat' dir='ltr'><strong>autem</strong></span> <span class='ocrx_word' id='word_1_40' title='bbox 955 602 1055 662; x_wconf 90' lang='lat' dir='ltr'><strong>verbis</strong></span> <span class='ocrx_word' id='word_1_41' title='bbox 1073 614 1104 662; x_wconf 89' lang='lat' dir='ltr'><strong>et</strong></span> <span class='ocrx_word' id='word_1_42' title='bbox 1119 603 1234 663; x_wconf 89' lang='lat' dir='ltr'><strong>tumul-</strong></span> 
     </span>
     <span class='ocr_line' id='line_1_6' title="bbox 97 684 1236 789; baseline -0.003 -36"><span class='ocrx_word' id='word_1_43' title='bbox 97 713 124 758; x_wconf 81' lang='lat' dir='ltr'><strong>tu</strong></span> <span class='ocrx_word' id='word_1_44' title='bbox 136 695 195 754; x_wconf 87' lang='lat' dir='ltr'><strong>laeto</strong></span> <span class='ocrx_word' id='word_1_45' title='bbox 211 689 291 769; x_wconf 89' lang='lat' dir='ltr'><strong>apud</strong></span> <span class='ocrx_word' id='word_1_46' title='bbox 308 709 372 760; x_wconf 84' lang='lat' dir='ltr'><strong>vos,</strong></span> <span class='ocrx_word' id='word_1_47' title='bbox 392 685 576 756; x_wconf 84' lang='lat' dir='ltr'><strong>decrevistis</strong></span> <span class='ocrx_word' id='word_1_48' title='bbox 583 684 785 767; x_wconf 86' lang='lat' dir='ltr'><strong>quadraginta</strong></span> <span class='ocrx_word' id='word_1_49' title='bbox 794 685 933 745; x_wconf 80' lang='lat' dir='ltr'><strong>triremes</strong></span> <span class='ocrx_word' id='word_1_50' title='bbox 950 688 1175 789; x_wconf 82' lang='lat' dir='ltr'><strong>producendas:</strong></span> <span class='ocrx_word' id='word_1_51' title='bbox 1195 702 1236 764; x_wconf 90' lang='lat' dir='ltr'><strong>et,</strong></span> 
     </span>
     <span class='ocr_line' id='line_1_7' title="bbox 103 771 1235 864; baseline -0.001 -28"><span class='ocrx_word' id='word_1_52' title='bbox 103 805 140 864; x_wconf 77' lang='lat' dir='ltr'><strong>qui</strong></span> <span class='ocrx_word' id='word_1_53' title='bbox 134 774 210 836; x_wconf 83' lang='lat' dir='ltr'><strong>inira</strong></span> <span class='ocrx_word' id='word_1_54' title='bbox 224 795 343 833; x_wconf 86' lang='lat' dir='ltr'><strong>annum</strong></span> <span class='ocrx_word' id='word_1_55' title='bbox 362 772 467 834; x_wconf 91' lang='lat' dir='ltr'><strong>aetatis</strong></span> <span class='ocrx_word' id='word_1_56' title='bbox 488 784 593 831; x_wconf 85' lang='lat' dir='ltr'><strong>essent</strong></span> <span class='ocrx_word' id='word_1_57' title='bbox 607 771 747 851; x_wconf 90' lang='lat' dir='ltr'><strong>quintum</strong></span> <span class='ocrx_word' id='word_1_58' title='bbox 767 784 798 831; x_wconf 89' lang='lat' dir='ltr'><strong>et</strong></span> <span class='ocrx_word' id='word_1_59' title='bbox 815 771 1126 852; x_wconf 79' lang='lat' dir='ltr'><strong>quadragesimum,“</strong></span> <span class='ocrx_word' id='word_1_60' title='bbox 1106 797 1141 833; x_wconf 88' lang='lat' dir='ltr'><strong>us</strong></span> <span class='ocrx_word' id='word_1_61' title='bbox 1161 775 1235 856; x_wconf 89' lang='lat' dir='ltr'><strong>ipsis</strong></span> 
     </span>
     <span class='ocr_line' id='line_1_8' title="bbox 104 856 1234 957; baseline -0.005 -31"><span class='ocrx_word' id='word_1_62' title='bbox 104 860 346 932; x_wconf 84' lang='lat' dir='ltr'><strong>conscendendum,</strong></span> <span class='ocrx_word' id='word_1_63' title='bbox 361 872 391 918; x_wconf 91' lang='lat' dir='ltr'><strong>et</strong></span> <span class='ocrx_word' id='word_1_64' title='bbox 407 858 522 921; x_wconf 90' lang='lat' dir='ltr'><strong>talenta</strong></span> <span class='ocrx_word' id='word_1_65' title='bbox 540 856 694 939; x_wconf 82' lang='lat' dir='ltr'><strong>sexaginta</strong></span> <span class='ocrx_word' id='word_1_66' title='bbox 714 877 779 919; x_wconf 89' lang='lat' dir='ltr'><strong>esse</strong></span> <span class='ocrx_word' id='word_1_67' title='bbox 800 856 992 917; x_wconf 80' lang='lat' dir='ltr'><strong>eonferenda</strong></span> <span class='ocrx_word' id='word_1_68' title='bbox 1020 858 1112 957; x_wconf 81' lang='lat' dir='ltr'><strong>Post,</strong></span> <span class='ocrx_word' id='word_1_69' title='bbox 1124 881 1160 918; x_wconf 90' lang='lat' dir='ltr'><strong>eo</strong></span> <span class='ocrx_word' id='word_1_70' title='bbox 1180 883 1234 920; x_wconf 90' lang='lat' dir='ltr'><strong>an-</strong></span> 
     </span>
     <span class='ocr_line' id='line_1_9' title="bbox 99 938 1234 1028; baseline -0.004 -18"><span class='ocrx_word' id='word_1_71' title='bbox 99 973 126 1011; x_wconf 86' lang='lat' dir='ltr'><strong>no</strong></span> <span class='ocrx_word' id='word_1_72' title='bbox 141 948 240 1028; x_wconf 87' lang='lat' dir='ltr'><strong>elapso,</strong></span> <span class='ocrx_word' id='word_1_73' title='bbox 258 945 373 1016; x_wconf 89' lang='lat' dir='ltr'><strong>lunius,</strong></span> <span class='ocrx_word' id='word_1_74' title='bbox 393 943 550 1028; x_wconf 79' lang='lat' dir='ltr'><strong>Quintilis,</strong></span> <span class='ocrx_word' id='word_1_75' title='bbox 569 943 704 1002; x_wconf 75' lang='lat' dir='ltr'><strong>Sextilis:</strong></span> <span class='ocrx_word' id='word_1_76' title='bbox 737 964 773 1001; x_wconf 91' lang='lat' dir='ltr'><strong>eo</strong></span> <span class='ocrx_word' id='word_1_77' title='bbox 793 962 897 1001; x_wconf 89' lang='lat' dir='ltr'><strong>mense</strong></span> <span class='ocrx_word' id='word_1_78' title='bbox 916 938 965 1002; x_wconf 85' lang='lat' dir='ltr'><strong>vix</strong></span> <span class='ocrx_word' id='word_1_79' title='bbox 982 956 1065 1024; x_wconf 92' lang='lat' dir='ltr'><strong>post</strong></span> <span class='ocrx_word' id='word_1_80' title='bbox 1070 943 1156 1004; x_wconf 82' lang='lat' dir='ltr'><strong>initia</strong></span> <span class='ocrx_word' id='word_1_81' title='bbox 1176 942 1234 1006; x_wconf 83' lang='lat' dir='ltr'><strong>Ce&#39;-</strong></span> 
     </span>
     <span class='ocr_line' id='line_1_10' title="bbox 95 1027 1233 1113; baseline -0.005 -18"><span class='ocrx_word' id='word_1_82' title='bbox 95 1034 159 1109; x_wconf 87' lang='lat' dir='ltr'><strong>reris,</strong></span> <span class='ocrx_word' id='word_1_83' title='bbox 184 1029 397 1091; x_wconf 83' lang='lat' dir='ltr'><strong>Charidemum</strong></span> <span class='ocrx_word' id='word_1_84' title='bbox 416 1050 484 1089; x_wconf 89' lang='lat' dir='ltr'><strong>cum</strong></span> <span class='ocrx_word' id='word_1_85' title='bbox 504 1031 609 1088; x_wconf 90' lang='lat' dir='ltr'><strong>decem</strong></span> <span class='ocrx_word' id='word_1_86' title='bbox 627 1027 754 1088; x_wconf 90' lang='lat' dir='ltr'><strong>navibus</strong></span> <span class='ocrx_word' id='word_1_87' title='bbox 771 1028 874 1097; x_wconf 73' lang='lat' dir='ltr'><strong>yacuis</strong></span> <span class='ocrx_word' id='word_1_88' title='bbox 893 1028 1063 1113; x_wconf 85' lang='lat' dir='ltr'><strong>ablegastis,</strong></span> <span class='ocrx_word' id='word_1_89' title='bbox 1094 1042 1126 1089; x_wconf 90' lang='lat' dir='ltr'><strong>et</strong></span> <span class='ocrx_word' id='word_1_90' title='bbox 1143 1031 1233 1109; x_wconf 87' lang='lat' dir='ltr'><strong>quin-</strong></span> 
     </span>
     <span class='ocr_line' id='line_1_11' title="bbox 94 1108 1234 1202; baseline 0 -26"><span class='ocrx_word' id='word_1_91' title='bbox 94 1137 139 1202; x_wconf 82' lang='lat' dir='ltr'><strong>que</strong></span> <span class='ocrx_word' id='word_1_92' title='bbox 152 1117 263 1178; x_wconf 89' lang='lat' dir='ltr'><strong>talentis</strong></span> <span class='ocrx_word' id='word_1_93' title='bbox 281 1114 408 1197; x_wconf 78' lang='lat' dir='ltr'><strong>argenti.</strong></span> <span class='ocrx_word' id='word_1_94' title='bbox 443 1116 486 1173; x_wconf 88' lang='lat' dir='ltr'><strong>Ut</strong></span> <span class='ocrx_word' id='word_1_95' title='bbox 500 1114 580 1173; x_wconf 87' lang='lat' dir='ltr'><strong>enim</strong></span> <span class='ocrx_word' id='word_1_96' title='bbox 600 1113 777 1173; x_wconf 87' lang='lat' dir='ltr'><strong>nunciatum</strong></span> <span class='ocrx_word' id='word_1_97' title='bbox 791 1114 865 1185; x_wconf 85' lang='lat' dir='ltr'><strong>fuit,</strong></span> <span class='ocrx_word' id='word_1_98' title='bbox 876 1108 1087 1199; x_wconf 83' lang='lat' dir='ltr'><strong>Philippum</strong></span> <span class='ocrx_word' id='word_1_99' title='bbox 1066 1115 1234 1196; x_wconf 82' lang='lat' dir='ltr'><strong>aegrotare,</strong></span> 
     </span>
     <span class='ocr_line' id='line_1_12' title="bbox 94 1196 1233 1286; baseline -0.003 -20"><span class='ocrx_word' id='word_1_100' title='bbox 94 1220 117 1267; x_wconf 92' lang='lat' dir='ltr'><strong>et</strong></span> <span class='ocrx_word' id='word_1_101' title='bbox 130 1224 184 1267; x_wconf 85' lang='lat' dir='ltr'><strong>esse</strong></span> <span class='ocrx_word' id='word_1_102' title='bbox 202 1215 355 1262; x_wconf 89' lang='lat' dir='ltr'><strong>mortuum</strong></span> <span class='ocrx_word' id='word_1_103' title='bbox 374 1200 458 1283; x_wconf 81' lang='lat' dir='ltr'><strong>(nam</strong></span> <span class='ocrx_word' id='word_1_104' title='bbox 475 1213 607 1280; x_wconf 89' lang='lat' dir='ltr'><strong>uterque</strong></span> <span class='ocrx_word' id='word_1_105' title='bbox 624 1220 731 1260; x_wconf 88' lang='lat' dir='ltr'><strong>rumor</strong></span> <span class='ocrx_word' id='word_1_106' title='bbox 748 1196 959 1286; x_wconf 79' lang='lat' dir='ltr'><strong>asserebatur):</strong></span> <span class='ocrx_word' id='word_1_107' title='bbox 983 1200 1136 1260; x_wconf 82' lang='lat' dir='ltr'><strong>nihilium</strong></span> <span class='ocrx_word' id='word_1_108' title='bbox 1156 1223 1233 1282; x_wconf 91' lang='lat' dir='ltr'><strong>opus</strong></span> 
     </span>
     <span class='ocr_line' id='line_1_13' title="bbox 91 1270 1232 1384; baseline -0.003 -34"><span class='ocrx_word' id='word_1_109' title='bbox 91 1308 143 1350; x_wconf 88' lang='lat' dir='ltr'><strong>esse</strong></span> <span class='ocrx_word' id='word_1_110' title='bbox 157 1288 260 1349; x_wconf 79' lang='lat' dir='ltr'><strong>auxssio</strong></span> <span class='ocrx_word' id='word_1_111' title='bbox 276 1285 346 1359; x_wconf 87' lang='lat' dir='ltr'><strong>rati,</strong></span> <span class='ocrx_word' id='word_1_112' title='bbox 365 1286 521 1359; x_wconf 84' lang='lat' dir='ltr'><strong>omisistis,</strong></span> <span class='ocrx_word' id='word_1_113' title='bbox 539 1285 755 1357; x_wconf 85' lang='lat' dir='ltr'><strong>Athenienses,</strong></span> <span class='ocrx_word' id='word_1_114' title='bbox 775 1270 1006 1384; x_wconf 80' lang='lat' dir='ltr'><strong>expeditionem.</strong></span> <span class='ocrx_word' id='word_1_115' title='bbox 1041 1287 1114 1346; x_wconf 86' lang='lat' dir='ltr'><strong>Erat</strong></span> <span class='ocrx_word' id='word_1_116' title='bbox 1131 1300 1232 1348; x_wconf 87' lang='lat' dir='ltr'><strong>autem</strong></span> 
     </span>
     <span class='ocr_line' id='line_1_14' title="bbox 91 1370 1318 1461; baseline -0.003 -25"><span class='ocrx_word' id='word_1_117' title='bbox 91 1398 119 1438; x_wconf 91' lang='lat' dir='ltr'><strong>ea</strong></span> <span class='ocrx_word' id='word_1_118' title='bbox 139 1376 190 1455; x_wconf 90' lang='lat' dir='ltr'><strong>ipsa</strong></span> <span class='ocrx_word' id='word_1_119' title='bbox 215 1373 341 1433; x_wconf 81' lang='lat' dir='ltr'><strong>occasio</strong></span> <span class='ocrx_word' id='word_1_120' title='bbox 384 1371 509 1430; x_wconf 91' lang='lat' dir='ltr'><strong>Nam</strong></span> <span class='ocrx_word' id='word_1_121' title='bbox 485 1394 510 1430; x_wconf 75' lang='grc' dir='ltr'><strong>ιι</strong></span> <span class='ocrx_word' id='word_1_122' title='bbox 535 1383 608 1431; x_wconf 92' lang='lat' dir='ltr'><strong>tunc</strong></span> <span class='ocrx_word' id='word_1_123' title='bbox 627 1372 680 1430; x_wconf 91' lang='lat' dir='ltr'><strong>illo</strong></span> <span class='ocrx_word' id='word_1_124' title='bbox 700 1370 807 1429; x_wconf 85' lang='lat' dir='ltr'><strong>auxilia</strong></span> <span class='ocrx_word' id='word_1_125' title='bbox 819 1370 1022 1461; x_wconf 84' lang='lat' dir='ltr'><strong>misissemus,</strong></span> <span class='ocrx_word' id='word_1_126' title='bbox 1054 1385 1096 1431; x_wconf 90' lang='lat' dir='ltr'><strong>ut</strong></span> <span class='ocrx_word' id='word_1_127' title='bbox 1108 1384 1232 1432; x_wconf 87' lang='lat' dir='ltr'><strong>strenue</strong></span> <span class='ocrx_word' id='word_1_128' title='bbox 1315 1439 1318 1443; x_wconf 18' lang='lat'><strong>⁴</strong></span> 
     </span>
     <span class='ocr_line' id='line_1_15' title="bbox 87 1448 1231 1537; baseline -0.003 -16"><span class='ocrx_word' id='word_1_129' title='bbox 87 1464 309 1530; x_wconf 78' lang='lat' dir='ltr'><strong>decreveramus,</strong></span> <span class='ocrx_word' id='word_1_130' title='bbox 323 1477 388 1516; x_wconf 88' lang='lat' dir='ltr'><strong>non</strong></span> <span class='ocrx_word' id='word_1_131' title='bbox 405 1456 553 1518; x_wconf 89' lang='lat' dir='ltr'><strong>molestus</strong></span> <span class='ocrx_word' id='word_1_132' title='bbox 571 1456 661 1516; x_wconf 90' lang='lat' dir='ltr'><strong>nobis</strong></span> <span class='ocrx_word' id='word_1_133' title='bbox 681 1477 763 1515; x_wconf 89' lang='lat' dir='ltr'><strong>nunc</strong></span> <span class='ocrx_word' id='word_1_134' title='bbox 782 1448 862 1514; x_wconf 80' lang='lat' dir='ltr'><strong>esset</strong></span> <span class='ocrx_word' id='word_1_135' title='bbox 878 1453 1049 1537; x_wconf 89' lang='lat' dir='ltr'><strong>Philippus,</strong></span> <span class='ocrx_word' id='word_1_136' title='bbox 1071 1470 1137 1517; x_wconf 90' lang='lat' dir='ltr'><strong>tum</strong></span> <span class='ocrx_word' id='word_1_137' title='bbox 1157 1479 1231 1518; x_wconf 92' lang='lat' dir='ltr'><strong>con-</strong></span> 
     </span>
     <span class='ocr_line' id='line_1_16' title="bbox 71 1540 1265 1626; baseline 0 -20"><span class='ocrx_word' id='word_1_138' title='bbox 71 1556 205 1606; x_wconf 79' lang='lat' dir='ltr'><strong>servatus.</strong></span> <span class='ocrx_word' id='word_1_139' title='bbox 248 1542 363 1617; x_wconf 85' lang='lat' dir='ltr'><strong>Quae</strong></span> <span class='ocrx_word' id='word_1_140' title='bbox 354 1542 449 1624; x_wconf 76' lang='lat' dir='ltr'><strong>igitur</strong></span> <span class='ocrx_word' id='word_1_141' title='bbox 465 1554 531 1601; x_wconf 89' lang='lat' dir='ltr'><strong>tum</strong></span> <span class='ocrx_word' id='word_1_142' title='bbox 549 1542 626 1601; x_wconf 87' lang='lat' dir='ltr'><strong>sacta</strong></span> <span class='ocrx_word' id='word_1_143' title='bbox 645 1555 727 1613; x_wconf 90' lang='lat' dir='ltr'><strong>sunt,</strong></span> <span class='ocrx_word' id='word_1_144' title='bbox 746 1561 779 1626; x_wconf 85' lang='lat' dir='ltr'><strong>ea</strong></span> <span class='ocrx_word' id='word_1_145' title='bbox 798 1540 909 1600; x_wconf 86' lang='lat' dir='ltr'><strong>infecta</strong></span> <span class='ocrx_word' id='word_1_146' title='bbox 927 1541 994 1601; x_wconf 85' lang='lat' dir='ltr'><strong>fieri</strong></span> <span class='ocrx_word' id='word_1_147' title='bbox 1012 1563 1076 1601; x_wconf 91' lang='lat' dir='ltr'><strong>non</strong></span> <span class='ocrx_word' id='word_1_148' title='bbox 1094 1556 1231 1622; x_wconf 78' lang='lat' dir='ltr'><strong>possunt</strong></span> <span class='ocrx_word' id='word_1_149' title='bbox 1252 1602 1265 1613; x_wconf 73' lang='grc'><strong>,,</strong></span> 
     </span>
     <span class='ocr_line' id='line_1_17' title="bbox 81 1622 1231 1728; baseline -0.002 -38"><span class='ocrx_word' id='word_1_150' title='bbox 81 1632 156 1690; x_wconf 89' lang='lat' dir='ltr'><strong>Nunc</strong></span> <span class='ocrx_word' id='word_1_151' title='bbox 177 1640 277 1688; x_wconf 89' lang='lat' dir='ltr'><strong>autem</strong></span> <span class='ocrx_word' id='word_1_152' title='bbox 302 1628 424 1687; x_wconf 90' lang='lat' dir='ltr'><strong>alterius</strong></span> <span class='ocrx_word' id='word_1_153' title='bbox 450 1626 522 1686; x_wconf 88' lang='lat' dir='ltr'><strong>belli</strong></span> <span class='ocrx_word' id='word_1_154' title='bbox 548 1627 679 1686; x_wconf 84' lang='lat' dir='ltr'><strong>offertur</strong></span> <span class='ocrx_word' id='word_1_155' title='bbox 697 1622 831 1686; x_wconf 85' lang='lat' dir='ltr'><strong>occasio.</strong></span> <span class='ocrx_word' id='word_1_156' title='bbox 851 1624 957 1705; x_wconf 81' lang='lat' dir='ltr'><strong>quae?</strong></span> <span class='ocrx_word' id='word_1_157' title='bbox 987 1622 1078 1702; x_wconf 77' lang='lat' dir='ltr'><strong>haec,</strong></span> <span class='ocrx_word' id='word_1_158' title='bbox 1104 1642 1231 1728; x_wconf 88' lang='lat' dir='ltr'><strong>propter</strong></span> 
     </span>
     <span class='ocr_line' id='line_1_18' title="bbox 80 1711 1230 1796; baseline 0.002 -23"><span class='ocrx_word' id='word_1_159' title='bbox 80 1737 154 1796; x_wconf 90' lang='lat' dir='ltr'><strong>quam</strong></span> <span class='ocrx_word' id='word_1_160' title='bbox 172 1727 201 1773; x_wconf 91' lang='lat' dir='ltr'><strong>ct</strong></span> <span class='ocrx_word' id='word_1_161' title='bbox 217 1714 325 1772; x_wconf 91' lang='lat' dir='ltr'><strong>harum</strong></span> <span class='ocrx_word' id='word_1_162' title='bbox 341 1734 443 1772; x_wconf 91' lang='lat' dir='ltr'><strong>rerum</strong></span> <span class='ocrx_word' id='word_1_163' title='bbox 462 1713 650 1772; x_wconf 86' lang='lat' dir='ltr'><strong>mentionem</strong></span> <span class='ocrx_word' id='word_1_164' title='bbox 668 1713 738 1784; x_wconf 81' lang='lat' dir='ltr'><strong>leci,</strong></span> <span class='ocrx_word' id='word_1_165' title='bbox 755 1732 793 1771; x_wconf 89' lang='lat' dir='ltr'><strong>ne</strong></span> <span class='ocrx_word' id='word_1_166' title='bbox 808 1713 912 1772; x_wconf 88' lang='lat' dir='ltr'><strong>eadem</strong></span> <span class='ocrx_word' id='word_1_167' title='bbox 926 1712 1013 1772; x_wconf 82' lang='lat' dir='ltr'><strong>vobis</strong></span> <span class='ocrx_word' id='word_1_168' title='bbox 1028 1736 1086 1772; x_wconf 91' lang='lat' dir='ltr'><strong>usu</strong></span> <span class='ocrx_word' id='word_1_169' title='bbox 1099 1711 1230 1786; x_wconf 86' lang='lat' dir='ltr'><strong>veniant.</strong></span> 
     </span>
     <span class='ocr_line' id='line_1_19' title="bbox 79 1797 1230 1881; baseline -0.002 -21"><span class='ocrx_word' id='word_1_170' title='bbox 79 1804 137 1875; x_wconf 80' lang='lat' dir='ltr'><strong>Quo</strong></span> <span class='ocrx_word' id='word_1_171' title='bbox 153 1799 247 1880; x_wconf 89' lang='lat' dir='ltr'><strong>igitur</strong></span> <span class='ocrx_word' id='word_1_172' title='bbox 265 1820 299 1858; x_wconf 89' lang='lat' dir='ltr'><strong>ea</strong></span> <span class='ocrx_word' id='word_1_173' title='bbox 317 1813 410 1881; x_wconf 89' lang='lat' dir='ltr'><strong>pacto.</strong></span> <span class='ocrx_word' id='word_1_174' title='bbox 422 1810 554 1871; x_wconf 88' lang='lat' dir='ltr'><strong>utemur,</strong></span> <span class='ocrx_word' id='word_1_175' title='bbox 572 1798 797 1858; x_wconf 81' lang='lat' dir='ltr'><strong>Athenienses?</strong></span> <span class='ocrx_word' id='word_1_176' title='bbox 831 1797 898 1856; x_wconf 91' lang='lat' dir='ltr'><strong>Nisi</strong></span> <span class='ocrx_word' id='word_1_177' title='bbox 915 1798 996 1867; x_wconf 82' lang='lat' dir='ltr'><strong>enirn</strong></span> <span class='ocrx_word' id='word_1_178' title='bbox 1011 1819 1095 1871; x_wconf 86' lang='lat' dir='ltr'><strong>omm</strong></span> <span class='ocrx_word' id='word_1_179' title='bbox 1086 1798 1230 1872; x_wconf 86' lang='lat' dir='ltr'><strong>robore,</strong></span> 
     </span>
     <span class='ocr_line' id='line_1_20' title="bbox 77 1882 1274 1966; baseline 0 -22"><span class='ocrx_word' id='word_1_180' title='bbox 77 1897 208 1965; x_wconf 88' lang='lat' dir='ltr'><strong>quantum</strong></span> <span class='ocrx_word' id='word_1_181' title='bbox 227 1882 491 1966; x_wconf 83' lang='lat' dir='ltr'><strong>‘pote‘stis,.opem</strong></span> <span class='ocrx_word' id='word_1_182' title='bbox 514 1885 659 1944; x_wconf 88' lang='lat' dir='ltr'><strong>tuleritis:</strong></span> <span class='ocrx_word' id='word_1_183' title='bbox 692 1895 840 1964; x_wconf 87' lang='lat' dir='ltr'><strong>spectate,</strong></span> <span class='ocrx_word' id='word_1_184' title='bbox 871 1894 908 1945; x_wconf 92' lang='lat' dir='ltr'><strong>ut</strong></span> <span class='ocrx_word' id='word_1_185' title='bbox 933 1883 1054 1943; x_wconf 85' lang='lat' dir='ltr'><strong>avohis</strong></span> <span class='ocrx_word' id='word_1_186' title='bbox 1074 1885 1176 1944; x_wconf 90' lang='lat' dir='ltr'><strong>omnia</strong></span> <span class='ocrx_word' id='word_1_187' title='bbox 1195 1905 1231 1944; x_wconf 83' lang='lat' dir='ltr'><strong>ex</strong></span> <span class='ocrx_word' id='word_1_188' title='bbox 1270 1896 1274 1903; x_wconf 88' lang='lat'>&#39;</span> 
     </span>
     <span class='ocr_line' id='line_1_21' title="bbox 73 1968 1229 2050; baseline 0.001 -20"><span class='ocrx_word' id='word_1_189' title='bbox 73 1968 195 2050; x_wconf 89' lang='lat' dir='ltr'><strong>Philippi</strong></span> <span class='ocrx_word' id='word_1_190' title='bbox 213 1972 399 2043; x_wconf 73' lang='lat' dir='ltr'><strong>commodo,</strong></span> <span class='ocrx_word' id='word_1_191' title='bbox 434 1970 520 2050; x_wconf 89' lang='lat' dir='ltr'><strong>quasi</strong></span> <span class='ocrx_word' id='word_1_192' title='bbox 547 1970 610 2030; x_wconf 91' lang='lat' dir='ltr'><strong>eius</strong></span> <span class='ocrx_word' id='word_1_193' title='bbox 638 1971 729 2028; x_wconf 92' lang='lat' dir='ltr'><strong>duces</strong></span> <span class='ocrx_word' id='word_1_194' title='bbox 755 1968 879 2042; x_wconf 86' lang='lat' dir='ltr'><strong>essetis,</strong></span> <span class='ocrx_word' id='word_1_195' title='bbox 910 1968 1117 2030; x_wconf 88' lang='lat' dir='ltr'><strong>administrata</strong></span> <span class='ocrx_word' id='word_1_196' title='bbox 1137 1983 1229 2031; x_wconf 88' lang='lat' dir='ltr'><strong>erant</strong></span> 
     </span>
     <span class='ocr_line' id='line_1_22' title="bbox 71 2053 1228 2138; baseline 0 -23"><span class='ocrx_word' id='word_1_197' title='bbox 71 2057 92 2116; x_wconf 90' lang='lat' dir='ltr'><strong>li</strong></span> <span class='ocrx_word' id='word_1_198' title='bbox 107 2068 188 2114; x_wconf 90' lang='lat' dir='ltr'><strong>erant</strong></span> <span class='ocrx_word' id='word_1_199' title='bbox 206 2053 360 2138; x_wconf 73' lang='lat' dir='ltr'><strong>Olynthii,</strong></span> <span class='ocrx_word' id='word_1_200' title='bbox 384 2075 516 2135; x_wconf 89' lang='lat' dir='ltr'><strong>quorum</strong></span> <span class='ocrx_word' id='word_1_201' title='bbox 534 2055 652 2135; x_wconf 79' lang='lat' dir='ltr'><strong>aliquae</strong></span> <span class='ocrx_word' id='word_1_202' title='bbox 670 2056 748 2114; x_wconf 89' lang='lat' dir='ltr'><strong>vires</strong></span> <span class='ocrx_word' id='word_1_203' title='bbox 768 2066 883 2114; x_wconf 89' lang='lat' dir='ltr'><strong>essent:</strong></span> <span class='ocrx_word' id='word_1_204' title='bbox 909 2054 999 2113; x_wconf 69' lang='lat' dir='ltr'><strong>et&#39;ita</strong></span> <span class='ocrx_word' id='word_1_205' title='bbox 1017 2076 1116 2115; x_wconf 86' lang='lat' dir='ltr'><strong>seres</strong></span> <span class='ocrx_word' id='word_1_206' title='bbox 1135 2056 1228 2115; x_wconf 90' lang='lat' dir='ltr'><strong>habe-</strong></span> 
     </span>
     <span class='ocr_line' id='line_1_23' title="bbox 69 2138 1227 2223; baseline 0.001 -23"><span class='ocrx_word' id='word_1_207' title='bbox 69 2143 122 2213; x_wconf 85' lang='lat' dir='ltr'><strong>bat,</strong></span> <span class='ocrx_word' id='word_1_208' title='bbox 140 2151 175 2200; x_wconf 88' lang='lat' dir='ltr'><strong>ut</strong></span> <span class='ocrx_word' id='word_1_209' title='bbox 191 2145 294 2219; x_wconf 86' lang='lat' dir='ltr'><strong>neque</strong></span> <span class='ocrx_word' id='word_1_210' title='bbox 312 2141 469 2223; x_wconf 89' lang='lat' dir='ltr'><strong>Philippus</strong></span> <span class='ocrx_word' id='word_1_211' title='bbox 488 2139 544 2200; x_wconf 91' lang='lat' dir='ltr'><strong>hos</strong></span> <span class='ocrx_word' id='word_1_212' title='bbox 563 2141 705 2201; x_wconf 87' lang='lat' dir='ltr'><strong>invadere</strong></span> <span class='ocrx_word' id='word_1_213' title='bbox 724 2142 860 2213; x_wconf 76' lang='lat' dir='ltr'><strong>auderet,</strong></span> <span class='ocrx_word' id='word_1_214' title='bbox 878 2159 978 2220; x_wconf 93' lang='lat' dir='ltr'><strong>neque</strong></span> <span class='ocrx_word' id='word_1_215' title='bbox 996 2140 1028 2199; x_wconf 93' lang='lat' dir='ltr'><strong>hi</strong></span> <span class='ocrx_word' id='word_1_216' title='bbox 1045 2138 1227 2222; x_wconf 88' lang='lat' dir='ltr'><strong>Philippum.</strong></span> 
     </span>
     <span class='ocr_line' id='line_1_24' title="bbox 68 2225 1227 2311; baseline 0.002 -26"><span class='ocrx_word' id='word_1_217' title='bbox 68 2225 197 2286; x_wconf 86' lang='lat' dir='ltr'><strong>Fecimus</strong></span> <span class='ocrx_word' id='word_1_218' title='bbox 217 2248 275 2286; x_wconf 86' lang='lat' dir='ltr'><strong>nos</strong></span> <span class='ocrx_word' id='word_1_219' title='bbox 295 2238 326 2285; x_wconf 91' lang='lat' dir='ltr'><strong>et</strong></span> <span class='ocrx_word' id='word_1_220' title='bbox 343 2227 388 2288; x_wconf 88' lang='lat' dir='ltr'><strong>illi</strong></span> <span class='ocrx_word' id='word_1_221' title='bbox 406 2248 510 2307; x_wconf 87' lang='lat' dir='ltr'><strong>pacem</strong></span> <span class='ocrx_word' id='word_1_222' title='bbox 529 2228 691 2287; x_wconf 91' lang='lat' dir='ltr'><strong>internos.</strong></span> <span class='ocrx_word' id='word_1_223' title='bbox 727 2227 805 2292; x_wconf 69' lang='lat' dir='ltr'><strong>Erat,</strong></span> <span class='ocrx_word' id='word_1_224' title='bbox 817 2227 848 2285; x_wconf 93' lang='lat' dir='ltr'><strong>id</strong></span> <span class='ocrx_word' id='word_1_225' title='bbox 863 2239 1009 2305; x_wconf 87' lang='lat' dir='ltr'><strong>tanquam</strong></span> <span class='ocrx_word' id='word_1_226' title='bbox 1027 2227 1227 2311; x_wconf 91' lang='lat' dir='ltr'><strong>impedimen-</strong></span> 
     </span>
     <span class='ocr_line' id='line_1_25' title="bbox 65 2311 1228 2394; baseline 0.003 -24"><span class='ocrx_word' id='word_1_227' title='bbox 65 2325 126 2370; x_wconf 88' lang='lat' dir='ltr'><strong>tum</strong></span> <span class='ocrx_word' id='word_1_228' title='bbox 143 2312 296 2390; x_wconf 88' lang='lat' dir='ltr'><strong>quoddam</strong></span> <span class='ocrx_word' id='word_1_229' title='bbox 313 2312 467 2394; x_wconf 90' lang='lat' dir='ltr'><strong>Philippo,</strong></span> <span class='ocrx_word' id='word_1_230' title='bbox 499 2325 530 2372; x_wconf 90' lang='lat' dir='ltr'><strong>et</strong></span> <span class='ocrx_word' id='word_1_231' title='bbox 548 2313 786 2385; x_wconf 85' lang='lat' dir='ltr'><strong>incommodum,</strong></span> <span class='ocrx_word' id='word_1_232' title='bbox 811 2311 919 2371; x_wconf 88' lang='lat' dir='ltr'><strong>urbem</strong></span> <span class='ocrx_word' id='word_1_233' title='bbox 937 2333 1075 2394; x_wconf 90' lang='lat' dir='ltr'><strong>magnam</strong></span> <span class='ocrx_word' id='word_1_234' title='bbox 1093 2312 1177 2373; x_wconf 77' lang='lat' dir='ltr'><strong>velut</strong></span> <span class='ocrx_word' id='word_1_235' title='bbox 1196 2314 1228 2374; x_wconf 89' lang='lat' dir='ltr'><strong>in</strong></span> 
     </span>
     <span class='ocr_line' id='line_1_26' title="bbox 64 2397 1227 2480; baseline 0.003 -25"><span class='ocrx_word' id='word_1_236' title='bbox 64 2397 189 2456; x_wconf 89' lang='lat' dir='ltr'><strong>statione</strong></span> <span class='ocrx_word' id='word_1_237' title='bbox 209 2418 286 2470; x_wconf 86' lang='lat' dir='ltr'><strong>esse,</strong></span> <span class='ocrx_word' id='word_1_238' title='bbox 319 2398 356 2457; x_wconf 91' lang='lat' dir='ltr'><strong>ad</strong></span> <span class='ocrx_word' id='word_1_239' title='bbox 376 2401 446 2458; x_wconf 80' lang='lat' dir='ltr'><strong>eum</strong></span> <span class='ocrx_word' id='word_1_240' title='bbox 464 2400 559 2478; x_wconf 89' lang='lat' dir='ltr'><strong>prima</strong></span> <span class='ocrx_word' id='word_1_241' title='bbox 578 2419 698 2480; x_wconf 92' lang='lat' dir='ltr'><strong>quaque</strong></span> <span class='ocrx_word' id='word_1_242' title='bbox 717 2398 878 2458; x_wconf 88' lang='lat' dir='ltr'><strong>occasione</strong></span> <span class='ocrx_word' id='word_1_243' title='bbox 896 2397 1112 2472; x_wconf 85' lang='lat' dir='ltr'><strong>infestandum,</strong></span> <span class='ocrx_word' id='word_1_244' title='bbox 1137 2398 1227 2459; x_wconf 91' lang='lat' dir='ltr'><strong>nobis</strong></span> 
     </span>
     <span class='ocr_line' id='line_1_27' title="bbox 61 2483 1305 2565; baseline 0.002 -25"><span class='ocrx_word' id='word_1_245' title='bbox 61 2483 300 2565; x_wconf 81' lang='lat' dir='ltr'><strong>reconciliatam:</strong></span> <span class='ocrx_word' id='word_1_246' title='bbox 332 2485 529 2544; x_wconf 88' lang='lat' dir='ltr'><strong>concitandos</strong></span> <span class='ocrx_word' id='word_1_247' title='bbox 548 2485 579 2543; x_wconf 93' lang='lat' dir='ltr'><strong>in</strong></span> <span class='ocrx_word' id='word_1_248' title='bbox 599 2506 668 2565; x_wconf 82' lang='lat' dir='ltr'><strong>eum</strong></span> <span class='ocrx_word' id='word_1_249' title='bbox 687 2483 826 2543; x_wconf 91' lang='lat' dir='ltr'><strong>homines</strong></span> <span class='ocrx_word' id='word_1_250' title='bbox 846 2483 988 2543; x_wconf 90' lang='lat' dir='ltr'><strong>omnibus</strong></span> <span class='ocrx_word' id='word_1_251' title='bbox 997 2484 1105 2543; x_wconf 83' lang='lat' dir='ltr'><strong>modis</strong></span> <span class='ocrx_word' id='word_1_252' title='bbox 1125 2484 1227 2543; x_wconf 84' lang='lat' dir='ltr'><strong>existi·</strong></span> <span class='ocrx_word' id='word_1_253' title='bbox 1302 2490 1305 2494; x_wconf 75' lang='grc'>’</span> 
     </span>
     <span class='ocr_line' id='line_1_28' title="bbox 23 2566 1228 2649; baseline 0.003 -23"><span class='ocrx_word' id='word_1_254' title='bbox 23 2642 24 2645; x_wconf 9' lang='lat'>¹</span> <span class='ocrx_word' id='word_1_255' title='bbox 62 2569 219 2629; x_wconf 84' lang='lat' dir='ltr'><strong>mavimus:</strong></span> <span class='ocrx_word' id='word_1_256' title='bbox 261 2582 293 2629; x_wconf 90' lang='lat' dir='ltr'><strong>et</strong></span> <span class='ocrx_word' id='word_1_257' title='bbox 312 2566 520 2649; x_wconf 71' lang='lat' dir='ltr'><strong>quod&#39;omnes</strong></span> <span class='ocrx_word' id='word_1_258' title='bbox 538 2583 603 2630; x_wconf 85' lang='lat' dir='ltr'><strong>tum</strong></span> <span class='ocrx_word' id='word_1_259' title='bbox 623 2569 811 2641; x_wconf 87' lang='lat' dir='ltr'><strong>dictitabant,</strong></span> <span class='ocrx_word' id='word_1_260' title='bbox 845 2569 878 2628; x_wconf 89' lang='lat' dir='ltr'><strong>id</strong></span> <span class='ocrx_word' id='word_1_261' title='bbox 895 2590 977 2627; x_wconf 90' lang='lat' dir='ltr'><strong>nunc</strong></span> <span class='ocrx_word' id='word_1_262' title='bbox 995 2569 1162 2648; x_wconf 85' lang='lat' dir='ltr'><strong>perlectum</strong></span> <span class='ocrx_word' id='word_1_263' title='bbox 1181 2582 1228 2630; x_wconf 85' lang='lat' dir='ltr'><strong>est</strong></span> 
     </span>
     <span class='ocr_line' id='line_1_29' title="bbox 60 2653 1226 2737; baseline 0.002 -24"><span class='ocrx_word' id='word_1_264' title='bbox 60 2655 348 2735; x_wconf 72' lang='lat' dir='ltr'><strong>quomodocunque</strong></span> <span class='ocrx_word' id='word_1_265' title='bbox 393 2655 476 2730; x_wconf 86' lang='lat' dir='ltr'><strong>Quid</strong></span> <span class='ocrx_word' id='word_1_266' title='bbox 494 2675 567 2737; x_wconf 84' lang='lat' dir='ltr'><strong>ergo</strong></span> <span class='ocrx_word' id='word_1_267' title='bbox 586 2655 728 2735; x_wconf 88' lang='lat' dir='ltr'><strong>supersit,</strong></span> <span class='ocrx_word' id='word_1_268' title='bbox 752 2654 969 2726; x_wconf 88' lang='lat' dir='ltr'><strong>Athenienses,</strong></span> <span class='ocrx_word' id='word_1_269' title='bbox 994 2653 1053 2713; x_wconf 84' lang='lat' dir='ltr'><strong>nisi</strong></span> <span class='ocrx_word' id='word_1_270' title='bbox 1070 2667 1106 2715; x_wconf 90' lang='lat' dir='ltr'><strong>ut</strong></span> <span class='ocrx_word' id='word_1_271' title='bbox 1124 2656 1226 2735; x_wconf 90' lang='lat' dir='ltr'><strong>opitu-</strong></span> 
     </span>
     <span class='ocr_line' id='line_1_30' title="bbox 58 2739 1226 2820; baseline 0.002 -23"><span class='ocrx_word' id='word_1_272' title='bbox 58 2740 168 2798; x_wconf 87' lang='lat' dir='ltr'><strong>lemini</strong></span> <span class='ocrx_word' id='word_1_273' title='bbox 183 2739 304 2799; x_wconf 74' lang='lat' dir='ltr'><strong>fortiter</strong></span> <span class='ocrx_word' id='word_1_274' title='bbox 322 2754 353 2800; x_wconf 91' lang='lat' dir='ltr'><strong>et</strong></span> <span class='ocrx_word' id='word_1_275' title='bbox 370 2745 504 2813; x_wconf 85' lang='lat' dir='ltr'><strong>strenue,</strong></span> <span class='ocrx_word' id='word_1_276' title='bbox 528 2741 669 2820; x_wconf 86' lang='lat' dir='ltr'><strong>equidem</strong></span> <span class='ocrx_word' id='word_1_277' title='bbox 687 2760 749 2798; x_wconf 91' lang='lat' dir='ltr'><strong>non</strong></span> <span class='ocrx_word' id='word_1_278' title='bbox 768 2740 865 2799; x_wconf 81' lang='lat' dir='ltr'><strong>uideo.</strong></span> <span class='ocrx_word' id='word_1_279' title='bbox 909 2740 1033 2798; x_wconf 89' lang='lat' dir='ltr'><strong>Praeter</strong></span> <span class='ocrx_word' id='word_1_280' title='bbox 1051 2740 1131 2798; x_wconf 91' lang='lat' dir='ltr'><strong>enim</strong></span> <span class='ocrx_word' id='word_1_281' title='bbox 1151 2762 1226 2814; x_wconf 89' lang='lat' dir='ltr'><strong>eam,</strong></span> 
     </span>
     <span class='ocr_line' id='line_1_31' title="bbox 57 2822 1225 2909; baseline 0.002 -27"><span class='ocrx_word' id='word_1_282' title='bbox 57 2846 150 2903; x_wconf 89' lang='lat' dir='ltr'><strong>quam</strong></span> <span class='ocrx_word' id='word_1_283' title='bbox 171 2847 207 2883; x_wconf 87' lang='lat' dir='ltr'><strong>ex</strong></span> <span class='ocrx_word' id='word_1_284' title='bbox 220 2827 392 2889; x_wconf 88' lang='lat' dir='ltr'><strong>cessatione</strong></span> <span class='ocrx_word' id='word_1_285' title='bbox 412 2838 443 2885; x_wconf 90' lang='lat' dir='ltr'><strong>et</strong></span> <span class='ocrx_word' id='word_1_286' title='bbox 458 2826 645 2909; x_wconf 80' lang='lat' dir='ltr'><strong>negligentia</strong></span> <span class='ocrx_word' id='word_1_287' title='bbox 662 2844 845 2906; x_wconf 83' lang='lat' dir='ltr'><strong>caperemus,</strong></span> <span class='ocrx_word' id='word_1_288' title='bbox 864 2822 1075 2904; x_wconf 80' lang='lat' dir='ltr'><strong>ignominiam:</strong></span> <span class='ocrx_word' id='word_1_289' title='bbox 1089 2842 1157 2883; x_wconf 89' lang='lat' dir='ltr'><strong>non</strong></span> <span class='ocrx_word' id='word_1_290' title='bbox 1172 2847 1225 2906; x_wconf 90' lang='lat' dir='ltr'><strong>pa-</strong></span> 
     </span>
     <span class='ocr_line' id='line_1_32' title="bbox 54 2909 1225 2993; baseline 0.001 -25"><span class='ocrx_word' id='word_1_291' title='bbox 54 2931 124 2968; x_wconf 91' lang='lat' dir='ltr'><strong>rum</strong></span> <span class='ocrx_word' id='word_1_292' title='bbox 144 2911 233 2991; x_wconf 85' lang='lat' dir='ltr'><strong>etiam</strong></span> <span class='ocrx_word' id='word_1_293' title='bbox 254 2934 298 2984; x_wconf 90' lang='lat' dir='ltr'><strong>ea,</strong></span> <span class='ocrx_word' id='word_1_294' title='bbox 322 2933 398 2993; x_wconf 90' lang='lat' dir='ltr'><strong>quae</strong></span> <span class='ocrx_word' id='word_1_295' title='bbox 418 2926 558 2972; x_wconf 88' lang='lat' dir='ltr'><strong>secutura</strong></span> <span class='ocrx_word' id='word_1_296' title='bbox 577 2923 658 2983; x_wconf 90' lang='lat' dir='ltr'><strong>sunt,</strong></span> <span class='ocrx_word' id='word_1_297' title='bbox 676 2910 839 2971; x_wconf 88' lang='lat' dir='ltr'><strong>metuenda</strong></span> <span class='ocrx_word' id='word_1_298' title='bbox 858 2929 922 2968; x_wconf 87' lang='lat' dir='ltr'><strong>esse</strong></span> <span class='ocrx_word' id='word_1_299' title='bbox 941 2909 1041 2981; x_wconf 83' lang='lat' dir='ltr'><strong>video,</strong></span> <span class='ocrx_word' id='word_1_300' title='bbox 1068 2910 1139 2969; x_wconf 90' lang='lat' dir='ltr'><strong>dum</strong></span> <span class='ocrx_word' id='word_1_301' title='bbox 1158 2911 1225 2990; x_wconf 90' lang='lat' dir='ltr'><strong>qui-</strong></span> 
     </span>
     <span class='ocr_line' id='line_1_33' title="bbox 55 2993 1224 3080; baseline 0.001 -26"><span class='ocrx_word' id='word_1_302' title='bbox 55 2996 126 3054; x_wconf 90' lang='lat' dir='ltr'><strong>dem</strong></span> <span class='ocrx_word' id='word_1_303' title='bbox 146 3009 177 3056; x_wconf 88' lang='lat' dir='ltr'><strong>et</strong></span> <span class='ocrx_word' id='word_1_304' title='bbox 195 2997 334 3056; x_wconf 81' lang='lat' dir='ltr'><strong>shebani</strong></span> <span class='ocrx_word' id='word_1_305' title='bbox 358 2998 400 3057; x_wconf 91' lang='lat' dir='ltr'><strong>ita</strong></span> <span class='ocrx_word' id='word_1_306' title='bbox 419 3018 489 3080; x_wconf 84' lang='lat' dir='ltr'><strong>erga</strong></span> <span class='ocrx_word' id='word_1_307' title='bbox 508 3019 564 3057; x_wconf 90' lang='lat' dir='ltr'><strong>nos</strong></span> <span class='ocrx_word' id='word_1_308' title='bbox 583 2997 707 3056; x_wconf 90' lang='lat' dir='ltr'><strong>animati</strong></span> <span class='ocrx_word' id='word_1_309' title='bbox 716 3009 806 3067; x_wconf 90' lang='lat' dir='ltr'><strong>sunt,</strong></span> <span class='ocrx_word' id='word_1_310' title='bbox 836 3007 872 3058; x_wconf 85' lang='lat' dir='ltr'><strong>ut</strong></span> <span class='ocrx_word' id='word_1_311' title='bbox 889 3007 970 3067; x_wconf 91' lang='lat' dir='ltr'><strong>sunt,</strong></span> <span class='ocrx_word' id='word_1_312' title='bbox 1005 3007 1035 3054; x_wconf 89' lang='lat' dir='ltr'><strong>et</strong></span> <span class='ocrx_word' id='word_1_313' title='bbox 1052 2993 1224 3055; x_wconf 89' lang='lat' dir='ltr'><strong>Phocenses</strong></span> 
     </span>
     <span class='ocr_line' id='line_1_34' title="bbox 53 3080 1224 3164; baseline -0.002 -24"><span class='ocrx_word' id='word_1_314' title='bbox 53 3082 392 3160; x_wconf 88' lang='lat' dir='ltr'><strong>pecuniadeficiuntur:</strong></span> <span class='ocrx_word' id='word_1_315' title='bbox 412 3096 442 3142; x_wconf 90' lang='lat' dir='ltr'><strong>et</strong></span> <span class='ocrx_word' id='word_1_316' title='bbox 460 3084 645 3164; x_wconf 87' lang='lat' dir='ltr'><strong>Philippum,</strong></span> <span class='ocrx_word' id='word_1_317' title='bbox 661 3082 716 3141; x_wconf 87' lang='lat' dir='ltr'><strong>ubi</strong></span> <span class='ocrx_word' id='word_1_318' title='bbox 735 3103 779 3152; x_wconf 90' lang='lat' dir='ltr'><strong>ea,</strong></span> <span class='ocrx_word' id='word_1_319' title='bbox 797 3100 873 3159; x_wconf 89' lang='lat' dir='ltr'><strong>quae</strong></span> <span class='ocrx_word' id='word_1_320' title='bbox 892 3101 974 3138; x_wconf 88' lang='lat' dir='ltr'><strong>nunc</strong></span> <span class='ocrx_word' id='word_1_321' title='bbox 992 3081 1064 3161; x_wconf 89' lang='lat' dir='ltr'><strong>agit,</strong></span> <span class='ocrx_word' id='word_1_322' title='bbox 1082 3080 1224 3161; x_wconf 81' lang='lat' dir='ltr'><strong>expedic</strong></span> 
     </span>
     <span class='ocr_line' id='line_1_35' title="bbox 53 3164 1227 3268; baseline 0.001 -44"><span class='ocrx_word' id='word_1_323' title='bbox 53 3167 104 3241; x_wconf 90' lang='lat' dir='ltr'><strong>rit,</strong></span> <span class='ocrx_word' id='word_1_324' title='bbox 123 3165 203 3227; x_wconf 90' lang='lat' dir='ltr'><strong>nibil</strong></span> <span class='ocrx_word' id='word_1_325' title='bbox 220 3168 359 3227; x_wconf 82' lang='lat' dir='ltr'><strong>futurum</strong></span> <span class='ocrx_word' id='word_1_326' title='bbox 378 3169 426 3241; x_wconf 88' lang='lat' dir='ltr'><strong>sit,</strong></span> <span class='ocrx_word' id='word_1_327' title='bbox 446 3171 529 3248; x_wconf 93' lang='lat' dir='ltr'><strong>quod</strong></span> <span class='ocrx_word' id='word_1_328' title='bbox 548 3169 702 3268; x_wconf 80' lang='lat' dir='ltr'><strong>impediat,</strong></span> <span class='ocrx_word' id='word_1_329' title='bbox 732 3187 792 3255; x_wconf 86' lang='lat' dir='ltr'><strong>quo</strong></span> <span class='ocrx_word' id='word_1_330' title='bbox 812 3165 911 3222; x_wconf 92' lang='lat' dir='ltr'><strong>minus</strong></span> <span class='ocrx_word' id='word_1_331' title='bbox 921 3165 967 3222; x_wconf 91' lang='lat' dir='ltr'><strong>ad</strong></span> <span class='ocrx_word' id='word_1_332' title='bbox 985 3164 1058 3225; x_wconf 84' lang='lat' dir='ltr'><strong>haec</strong></span> <span class='ocrx_word' id='word_1_333' title='bbox 1076 3186 1108 3224; x_wconf 88' lang='lat' dir='ltr'><strong>se</strong></span> <span class='ocrx_word' id='word_1_334' title='bbox 1116 3186 1227 3248; x_wconf 59' lang='lat' dir='ltr'><strong>nega·</strong></span> 
     </span>
     <span class='ocr_line' id='line_1_36' title="bbox 52 3250 1295 3334; baseline -0.002 -22"><span class='ocrx_word' id='word_1_335' title='bbox 52 3253 95 3313; x_wconf 90' lang='lat' dir='ltr'><strong>tia</strong></span> <span class='ocrx_word' id='word_1_336' title='bbox 115 3267 281 3314; x_wconf 84' lang='lat' dir='ltr'><strong>convertat.</strong></span> <span class='ocrx_word' id='word_1_337' title='bbox 333 3255 498 3312; x_wconf 87' lang='lat' dir='ltr'><strong>Verum</strong></span> <span class='ocrx_word' id='word_1_338' title='bbox 474 3278 500 3314; x_wconf 84' lang='lat' dir='ltr'><strong>sn</strong></span> <span class='ocrx_word' id='word_1_339' title='bbox 526 3255 593 3334; x_wconf 87' lang='lat' dir='ltr'><strong>quis</strong></span> <span class='ocrx_word' id='word_1_340' title='bbox 620 3265 753 3312; x_wconf 91' lang='lat' dir='ltr'><strong>vestrum</strong></span> <span class='ocrx_word' id='word_1_341' title='bbox 781 3269 916 3329; x_wconf 90' lang='lat' dir='ltr'><strong>eousque</strong></span> <span class='ocrx_word' id='word_1_342' title='bbox 936 3269 1051 3310; x_wconf 87' lang='lat' dir='ltr'><strong>cessare</strong></span> <span class='ocrx_word' id='word_1_343' title='bbox 1069 3250 1101 3311; x_wconf 93' lang='lat' dir='ltr'><strong>in</strong></span> <span class='ocrx_word' id='word_1_344' title='bbox 1121 3251 1223 3310; x_wconf 82' lang='lat' dir='ltr'><strong>officio</strong></span> <span class='ocrx_word' id='word_1_345' title='bbox 1292 3286 1295 3292; x_wconf 89' lang='lat'>·</span> 
     </span>
     <span class='ocr_line' id='line_1_37' title="bbox 51 3334 1224 3421; baseline 0.001 -25"><span class='ocrx_word' id='word_1_346' title='bbox 51 3336 205 3399; x_wconf 87' lang='lat' dir='ltr'><strong>instituit.</strong></span> <span class='ocrx_word' id='word_1_347' title='bbox 237 3339 262 3398; x_wconf 89' lang='lat' dir='ltr'><strong>is</strong></span> <span class='ocrx_word' id='word_1_348' title='bbox 281 3360 387 3421; x_wconf 91' lang='lat' dir='ltr'><strong>prope</strong></span> <span class='ocrx_word' id='word_1_349' title='bbox 395 3340 498 3400; x_wconf 71' lang='lat' dir='ltr'><strong>uidere</strong></span> <span class='ocrx_word' id='word_1_350' title='bbox 517 3340 583 3400; x_wconf 85' lang='lat' dir='ltr'><strong>vult</strong></span> <span class='ocrx_word' id='word_1_351' title='bbox 607 3337 809 3408; x_wconf 89' lang='lat' dir='ltr'><strong>calamitates,</strong></span> <span class='ocrx_word' id='word_1_352' title='bbox 843 3357 910 3394; x_wconf 93' lang='lat' dir='ltr'><strong>cum</strong></span> <span class='ocrx_word' id='word_1_353' title='bbox 928 3334 1035 3395; x_wconf 86' lang='lat' dir='ltr'><strong>liceret</strong></span> <span class='ocrx_word' id='word_1_354' title='bbox 1054 3357 1119 3409; x_wconf 87' lang='lat' dir='ltr'><strong>eas,</strong></span> <span class='ocrx_word' id='word_1_355' title='bbox 1147 3356 1224 3416; x_wconf 87' lang='lat' dir='ltr'><strong>quae</strong></span> 
     </span>
     <span class='ocr_line' id='line_1_38' title="bbox 54 3420 1225 3504; baseline 0.001 -24"><span class='ocrx_word' id='word_1_356' title='bbox 54 3423 127 3480; x_wconf 89' lang='lat' dir='ltr'><strong>alibi</strong></span> <span class='ocrx_word' id='word_1_357' title='bbox 145 3423 332 3496; x_wconf 88' lang='lat' dir='ltr'><strong>acciderent,</strong></span> <span class='ocrx_word' id='word_1_358' title='bbox 358 3425 464 3504; x_wconf 89' lang='lat' dir='ltr'><strong>procul</strong></span> <span class='ocrx_word' id='word_1_359' title='bbox 483 3425 604 3485; x_wconf 89' lang='lat' dir='ltr'><strong>audire:</strong></span> <span class='ocrx_word' id='word_1_360' title='bbox 643 3424 708 3483; x_wconf 86' lang='lat' dir='ltr'><strong>vult</strong></span> <span class='ocrx_word' id='word_1_361' title='bbox 726 3441 871 3503; x_wconf 86' lang='lat' dir='ltr'><strong>quaerere</strong></span> <span class='ocrx_word' id='word_1_362' title='bbox 890 3420 949 3480; x_wconf 88' lang='lat' dir='ltr'><strong>sibi</strong></span> <span class='ocrx_word' id='word_1_363' title='bbox 967 3421 1132 3495; x_wconf 86' lang='lat' dir='ltr'><strong>auditores,</strong></span> <span class='ocrx_word' id='word_1_364' title='bbox 1156 3443 1225 3481; x_wconf 89' lang='lat' dir='ltr'><strong>cum</strong></span> 
     </span>
     <span class='ocr_line' id='line_1_39' title="bbox 54 3507 1225 3608; baseline 0.003 -44"><span class='ocrx_word' id='word_1_365' title='bbox 54 3529 143 3567; x_wconf 88' lang='lat' dir='ltr'><strong>nune</strong></span> <span class='ocrx_word' id='word_1_366' title='bbox 155 3509 214 3608; x_wconf 82' lang='lat' dir='ltr'><strong>ipsa</strong></span> <span class='ocrx_word' id='word_1_367' title='bbox 205 3508 341 3568; x_wconf 86' lang='lat' dir='ltr'><strong>liceret</strong></span> <span class='ocrx_word' id='word_1_368' title='bbox 359 3509 434 3568; x_wconf 92' lang='lat' dir='ltr'><strong>alios</strong></span> <span class='ocrx_word' id='word_1_369' title='bbox 453 3511 601 3571; x_wconf 87' lang='lat' dir='ltr'><strong>adiuvare.</strong></span> <span class='ocrx_word' id='word_1_370' title='bbox 642 3509 724 3567; x_wconf 92' lang='lat' dir='ltr'><strong>Nam</strong></span> <span class='ocrx_word' id='word_1_371' title='bbox 744 3529 781 3586; x_wconf 85' lang='lat' dir='ltr'><strong>eo</strong></span> <span class='ocrx_word' id='word_1_372' title='bbox 799 3507 922 3592; x_wconf 90' lang='lat' dir='ltr'><strong>tandem</strong></span> <span class='ocrx_word' id='word_1_373' title='bbox 940 3527 1004 3566; x_wconf 89' lang='lat' dir='ltr'><strong>rem</strong></span> <span class='ocrx_word' id='word_1_374' title='bbox 1024 3528 1096 3567; x_wconf 90' lang='lat' dir='ltr'><strong>esse</strong></span> <span class='ocrx_word' id='word_1_375' title='bbox 1106 3508 1225 3570; x_wconf 91' lang='lat' dir='ltr'><strong>reditu-</strong></span> 
     </span>
     <span class='ocr_line' id='line_1_40' title="bbox 51 3586 1285 3677; baseline 0.002 -27"><span class='ocrx_word' id='word_1_376' title='bbox 51 3613 129 3664; x_wconf 86' lang='lat' dir='ltr'><strong>ram,</strong></span> <span class='ocrx_word' id='word_1_377' title='bbox 158 3615 184 3652; x_wconf 85' lang='lat' dir='ltr'><strong>sr</strong></span> <span class='ocrx_word' id='word_1_378' title='bbox 175 3593 277 3653; x_wconf 89' lang='lat' dir='ltr'><strong>haec</strong></span> <span class='ocrx_word' id='word_1_379' title='bbox 286 3595 530 3677; x_wconf 82' lang='lat' dir='ltr'><strong>neglexerimus,</strong></span> <span class='ocrx_word' id='word_1_380' title='bbox 560 3596 624 3654; x_wconf 87' lang='lat' dir='ltr'><strong>sere</strong></span> <span class='ocrx_word' id='word_1_381' title='bbox 643 3614 748 3652; x_wconf 90' lang='lat' dir='ltr'><strong>omnes</strong></span> <span class='ocrx_word' id='word_1_382' title='bbox 767 3592 838 3652; x_wconf 89' lang='lat' dir='ltr'><strong>satis</strong></span> <span class='ocrx_word' id='word_1_383' title='bbox 857 3586 975 3652; x_wconf 87' lang='lat' dir='ltr'><strong>seimus.</strong></span> <span class='ocrx_word' id='word_1_384' title='bbox 1019 3591 1062 3653; x_wconf 92' lang='lat' dir='ltr'><strong>At</strong></span> <span class='ocrx_word' id='word_1_385' title='bbox 1079 3593 1224 3653; x_wconf 83' lang='lat' dir='ltr'><strong>auxilium</strong></span> <span class='ocrx_word' id='word_1_386' title='bbox 1246 3605 1285 3661; x_wconf 86' lang='lat'><strong>21</strong></span> 
     </span>
     <span class='ocr_line' id='line_1_41' title="bbox 52 3677 1223 3779; baseline 0.003 -44"><span class='ocrx_word' id='word_1_387' title='bbox 52 3697 120 3736; x_wconf 87' lang='lat' dir='ltr'><strong>esse</strong></span> <span class='ocrx_word' id='word_1_388' title='bbox 137 3677 312 3753; x_wconf 82' lang='lat' dir='ltr'><strong>ferendum,</strong></span> <span class='ocrx_word' id='word_1_389' title='bbox 339 3679 449 3740; x_wconf 81' lang='lat' dir='ltr'><strong>dixerit</strong></span> <span class='ocrx_word' id='word_1_390' title='bbox 466 3680 586 3760; x_wconf 90' lang='lat' dir='ltr'><strong>aliquis,</strong></span> <span class='ocrx_word' id='word_1_391' title='bbox 611 3698 717 3740; x_wconf 90' lang='lat' dir='ltr'><strong>omnes</strong></span> <span class='ocrx_word' id='word_1_392' title='bbox 736 3678 912 3751; x_wconf 89' lang='lat' dir='ltr'><strong>statuimus,</strong></span> <span class='ocrx_word' id='word_1_393' title='bbox 925 3691 956 3738; x_wconf 89' lang='lat' dir='ltr'><strong>et</strong></span> <span class='ocrx_word' id='word_1_394' title='bbox 972 3678 1118 3739; x_wconf 84' lang='lat' dir='ltr'><strong>feremus:</strong></span> <span class='ocrx_word' id='word_1_395' title='bbox 1121 3693 1223 3779; x_wconf 36' lang='lat' dir='ltr'><strong>,quo-</strong></span> 
     </span>
     <span class='ocr_line' id='line_1_42' title="bbox 50 3763 1262 3844; baseline 0.002 -23"><span class='ocrx_word' id='word_1_396' title='bbox 50 3763 146 3822; x_wconf 90' lang='lat' dir='ltr'><strong>modo</strong></span> <span class='ocrx_word' id='word_1_397' title='bbox 166 3766 281 3837; x_wconf 86' lang='lat' dir='ltr'><strong>autem,</strong></span> <span class='ocrx_word' id='word_1_398' title='bbox 311 3765 343 3824; x_wconf 94' lang='lat' dir='ltr'><strong>id</strong></span> <span class='ocrx_word' id='word_1_399' title='bbox 361 3765 476 3825; x_wconf 86' lang='lat' dir='ltr'><strong>dicito?</strong></span> <span class='ocrx_word' id='word_1_400' title='bbox 519 3767 568 3827; x_wconf 86' lang='lat' dir='ltr'><strong>Ne</strong></span> <span class='ocrx_word' id='word_1_401' title='bbox 583 3784 656 3824; x_wconf 86' lang='lat' dir='ltr'><strong>vero</strong></span> <span class='ocrx_word' id='word_1_402' title='bbox 675 3763 837 3837; x_wconf 87' lang='lat' dir='ltr'><strong>miremini,</strong></span> <span class='ocrx_word' id='word_1_403' title='bbox 861 3763 1129 3837; x_wconf 84' lang='lat' dir='ltr'><strong>Athenienses,</strong></span> <span class='ocrx_word' id='word_1_404' title='bbox 1104 3764 1224 3844; x_wconf 75' lang='lat' dir='ltr'><strong>siquid</strong></span> <span class='ocrx_word' id='word_1_405' title='bbox 1260 3775 1262 3779; x_wconf 81' lang='grc'>’</span> 
     </span>
     <span class='ocr_line' id='line_1_43' title="bbox 49 3848 1223 3932; baseline -0.001 -24"><span class='ocrx_word' id='word_1_406' title='bbox 49 3861 175 3928; x_wconf 86' lang='lat' dir='ltr'><strong>praeter</strong></span> <span class='ocrx_word' id='word_1_407' title='bbox 191 3849 278 3932; x_wconf 84' lang='lat' dir='ltr'><strong>vulgi</strong></span> <span class='ocrx_word' id='word_1_408' title='bbox 296 3849 474 3930; x_wconf 91' lang='lat' dir='ltr'><strong>opinionem</strong></span> <span class='ocrx_word' id='word_1_409' title='bbox 494 3851 608 3925; x_wconf 73' lang='lat' dir='ltr'><strong>dhrero,</strong></span> <span class='ocrx_word' id='word_1_410' title='bbox 634 3848 861 3930; x_wconf 85' lang='lat' dir='ltr'><strong>Legumlatores</strong></span> <span class='ocrx_word' id='word_1_411' title='bbox 880 3850 1072 3908; x_wconf 89' lang='lat' dir='ltr'><strong>constituite:</strong></span> <span class='ocrx_word' id='word_1_412' title='bbox 1096 3869 1152 3928; x_wconf 90' lang='lat' dir='ltr'><strong>per</strong></span> <span class='ocrx_word' id='word_1_413' title='bbox 1170 3870 1223 3908; x_wconf 90' lang='lat' dir='ltr'><strong>eos</strong></span> 
     </span>
     <span class='ocr_line' id='line_1_44' title="bbox 11 3931 1226 4016; baseline 0.004 -27"><span class='ocrx_word' id='word_1_414' title='bbox 11 3982 15 3988; x_wconf 94' lang='lat'><strong>.</strong></span> <span class='ocrx_word' id='word_1_415' title='bbox 49 3935 398 4016; x_wconf 83' lang='lat' dir='ltr'><strong>autern.legumlatores</strong></span> <span class='ocrx_word' id='word_1_416' title='bbox 426 3935 539 3995; x_wconf 90' lang='lat' dir='ltr'><strong>nullam</strong></span> <span class='ocrx_word' id='word_1_417' title='bbox 565 3935 678 3996; x_wconf 88' lang='lat' dir='ltr'><strong>sancite</strong></span> <span class='ocrx_word' id='word_1_418' title='bbox 703 3935 801 4016; x_wconf 88' lang='lat' dir='ltr'><strong>legem</strong></span> <span class='ocrx_word' id='word_1_419' title='bbox 827 3931 920 4014; x_wconf 88' lang='lat' dir='ltr'><strong>(sunt</strong></span> <span class='ocrx_word' id='word_1_420' title='bbox 938 3934 1018 3993; x_wconf 86' lang='lat' dir='ltr'><strong>enim</strong></span> <span class='ocrx_word' id='word_1_421' title='bbox 1045 3932 1132 3992; x_wconf 89' lang='lat' dir='ltr'><strong>vobis</strong></span> <span class='ocrx_word' id='word_1_422' title='bbox 1150 3933 1226 3994; x_wconf 81' lang='lat' dir='ltr'><strong>satis</strong></span> 
     </span>
     <span class='ocr_line' id='line_1_45' title="bbox 48 4016 1280 4102; baseline -0.002 -23"><span class='ocrx_word' id='word_1_423' title='bbox 48 4016 180 4102; x_wconf 87' lang='lat' dir='ltr'><strong>multae)</strong></span> <span class='ocrx_word' id='word_1_424' title='bbox 199 4021 331 4094; x_wconf 87' lang='lat' dir='ltr'><strong>sedeas,</strong></span> <span class='ocrx_word' id='word_1_425' title='bbox 350 4031 427 4100; x_wconf 89' lang='lat' dir='ltr'><strong>qua&#39;e</strong></span> <span class='ocrx_word' id='word_1_426' title='bbox 445 4043 499 4080; x_wconf 87' lang='lat' dir='ltr'><strong>vos</strong></span> <span class='ocrx_word' id='word_1_427' title='bbox 517 4021 550 4080; x_wconf 92' lang='lat' dir='ltr'><strong>in</strong></span> <span class='ocrx_word' id='word_1_428' title='bbox 569 4019 736 4100; x_wconf 86' lang='lat' dir='ltr'><strong>praesentia</strong></span> <span class='ocrx_word' id='word_1_429' title='bbox 755 4018 889 4090; x_wconf 90' lang='lat' dir='ltr'><strong>la&#39;edunt,</strong></span> <span class='ocrx_word' id='word_1_430' title='bbox 911 4017 1061 4099; x_wconf 76' lang='lat' dir='ltr'><strong>abrogato.</strong></span> <span class='ocrx_word' id='word_1_431' title='bbox 1080 4018 1151 4079; x_wconf 89' lang='lat' dir='ltr'><strong>istas</strong></span> <span class='ocrx_word' id='word_1_432' title='bbox 1170 4039 1223 4097; x_wconf 82' lang='lat' dir='ltr'><strong>au·</strong></span> <span class='ocrx_word' id='word_1_433' title='bbox 1277 4088 1280 4097; x_wconf 37' lang='grc' dir='ltr'>Ι</span> 
     </span>
     <span class='ocr_line' id='line_1_46' title="bbox 45 4100 1221 4204; baseline 0.001 -41"><span class='ocrx_word' id='word_1_434' title='bbox 45 4115 111 4164; x_wconf 89' lang='lat' dir='ltr'><strong>tem</strong></span> <span class='ocrx_word' id='word_1_435' title='bbox 130 4105 216 4179; x_wconf 93' lang='lat' dir='ltr'><strong>dico,</strong></span> <span class='ocrx_word' id='word_1_436' title='bbox 246 4117 278 4165; x_wconf 88' lang='lat' dir='ltr'><strong>et</strong></span> <span class='ocrx_word' id='word_1_437' title='bbox 296 4127 360 4166; x_wconf 89' lang='lat' dir='ltr'><strong>non</strong></span> <span class='ocrx_word' id='word_1_438' title='bbox 379 4106 603 4167; x_wconf 86' lang='lat' dir='ltr'><strong>dissimulanter</strong></span> <span class='ocrx_word' id='word_1_439' title='bbox 621 4100 711 4176; x_wconf 79' lang='lat' dir='ltr'><strong>dico,¹</strong></span> <span class='ocrx_word' id='word_1_440' title='bbox 731 4123 808 4184; x_wconf 88' lang='lat' dir='ltr'><strong>quae</strong></span> <span class='ocrx_word' id='word_1_441' title='bbox 826 4115 898 4162; x_wconf 91' lang='lat' dir='ltr'><strong>sunt</strong></span> <span class='ocrx_word' id='word_1_442' title='bbox 916 4103 953 4161; x_wconf 89' lang='lat' dir='ltr'><strong>de</strong></span> <span class='ocrx_word' id='word_1_443' title='bbox 972 4103 1111 4162; x_wconf 86' lang='lat' dir='ltr'><strong>theatrali</strong></span> <span class='ocrx_word' id='word_1_444' title='bbox 1128 4125 1221 4204; x_wconf 85' lang='lat' dir='ltr'><strong>pecu-</strong></span> 
     </span>
     <span class='ocr_line' id='line_1_47' title="bbox 47 4187 1233 4271; baseline 0.001 -22"><span class='ocrx_word' id='word_1_445' title='bbox 47 4191 108 4262; x_wconf 88' lang='lat' dir='ltr'><strong>nia,</strong></span> <span class='ocrx_word' id='word_1_446' title='bbox 127 4193 219 4251; x_wconf 88' lang='lat' dir='ltr'><strong>etde</strong></span> <span class='ocrx_word' id='word_1_447' title='bbox 238 4191 349 4250; x_wconf 88' lang='lat' dir='ltr'><strong>bellica</strong></span> <span class='ocrx_word' id='word_1_448' title='bbox 366 4212 399 4250; x_wconf 88' lang='lat' dir='ltr'><strong>re</strong></span> <span class='ocrx_word' id='word_1_449' title='bbox 419 4193 581 4271; x_wconf 84' lang='lat' dir='ltr'><strong>quasdam·</strong></span> <span class='ocrx_word' id='word_1_450' title='bbox 601 4212 730 4270; x_wconf 87' lang='lat' dir='ltr'><strong>quarum</strong></span> <span class='ocrx_word' id='word_1_451' title='bbox 748 4189 817 4249; x_wconf 88' lang='lat' dir='ltr'><strong>illae</strong></span> <span class='ocrx_word' id='word_1_452' title='bbox 836 4187 1035 4247; x_wconf 82' lang='lat' dir='ltr'><strong>militarem”</strong></span> <span class='ocrx_word' id='word_1_453' title='bbox 1014 4211 1070 4261; x_wconf 87' lang='lat' dir='ltr'><strong>us,</strong></span> <span class='ocrx_word' id='word_1_454' title='bbox 1095 4211 1148 4268; x_wconf 84' lang='lat' dir='ltr'><strong>qur</strong></span> <span class='ocrx_word' id='word_1_455' title='bbox 1139 4189 1233 4250; x_wconf 89' lang='lat' dir='ltr'><strong>do-.</strong></span> 
     </span>
     <span class='ocr_line' id='line_1_48' title="bbox 47 4274 1221 4375; baseline -0.003 -41"><span class='ocrx_word' id='word_1_456' title='bbox 47 4276 88 4334; x_wconf 87' lang='lat' dir='ltr'><strong>nri</strong></span> <span class='ocrx_word' id='word_1_457' title='bbox 106 4289 250 4349; x_wconf 78' lang='lat' dir='ltr'><strong>manent,</strong></span> <span class='ocrx_word' id='word_1_458' title='bbox 277 4277 315 4335; x_wconf 89' lang='lat' dir='ltr'><strong>ad</strong></span> <span class='ocrx_word' id='word_1_459' title='bbox 334 4278 514 4356; x_wconf 89' lang='lat' dir='ltr'><strong>spectacula</strong></span> <span class='ocrx_word' id='word_1_460' title='bbox 521 4275 721 4375; x_wconf 81' lang='lat' dir='ltr'><strong>distribuupt:</strong></span> <span class='ocrx_word' id='word_1_461' title='bbox 750 4274 817 4349; x_wconf 92' lang='lat' dir='ltr'><strong>hae,</strong></span> <span class='ocrx_word' id='word_1_462' title='bbox 844 4274 1014 4333; x_wconf 89' lang='lat' dir='ltr'><strong>desertores</strong></span> <span class='ocrx_word' id='word_1_463' title='bbox 1034 4280 1065 4332; x_wconf 92' lang='lat' dir='ltr'><strong>et</strong></span> <span class='ocrx_word' id='word_1_464' title='bbox 1083 4293 1221 4332; x_wconf 92' lang='lat' dir='ltr'><strong>emanso-</strong></span> 
     </span>
     <span class='ocr_line' id='line_1_49' title="bbox 39 4356 1221 4442; baseline -0.003 -24"><span class='ocrx_word' id='word_1_465' title='bbox 39 4356 93 4420; x_wconf 81' lang='grc' dir='ltr'><strong>ἰιι</strong></span> <span class='ocrx_word' id='word_1_466' title='bbox 104 4361 276 4425; x_wconf 86' lang='lat' dir='ltr'><strong>indemnes</strong></span> <span class='ocrx_word' id='word_1_467' title='bbox 296 4361 500 4424; x_wconf 84' lang='lat' dir='ltr'><strong>constituunt:</strong></span> <span class='ocrx_word' id='word_1_468' title='bbox 518 4362 562 4422; x_wconf 89' lang='lat' dir='ltr'><strong>sic</strong></span> <span class='ocrx_word' id='word_1_469' title='bbox 576 4359 734 4435; x_wconf 83' lang='lat' dir='ltr'><strong>etaemus,</strong></span> <span class='ocrx_word' id='word_1_470' title='bbox 742 4381 797 4440; x_wconf 87' lang='lat' dir='ltr'><strong>qur</strong></span> <span class='ocrx_word' id='word_1_471' title='bbox 787 4356 916 4419; x_wconf 84' lang='lat' dir='ltr'><strong>officio</strong></span> <span class='ocrx_word' id='word_1_472' title='bbox 930 4358 1019 4442; x_wconf 78' lang='lat' dir='ltr'><strong>iungi</strong></span> <span class='ocrx_word' id='word_1_473' title='bbox 1033 4359 1151 4428; x_wconf 78' lang='lat' dir='ltr'><strong>volunt,</strong></span> <span class='ocrx_word' id='word_1_474' title='bbox 1169 4357 1221 4415; x_wconf 90' lang='lat' dir='ltr'><strong>de-</strong></span> 
     </span>
    </p>
   </div>
   <div class='ocr_carea' id='block_1_3' title="bbox 0 0 1366 4754">
    <p class='ocr_par' dir='ltr' id='par_1_3' title="bbox 0 0 1366 4754">
     <span class='ocr_line' id='line_1_50' title="bbox 0 0 1366 4754; baseline 0 4"><span class='ocrx_word' id='word_1_475' title='bbox 0 0 1366 4754; x_wconf 95' lang='lat' dir='ltr'><strong> </strong></span> 
     </span>
    </p>
   </div>
  </div>
 </body>
</html>
