2722 4754
553 116 567 146 Ψ
776 152 781 165 x
849 156 852 166 1
949 134 957 161 t
1044 123 1046 127 ¹

75 195 187 287 “rs
281 212 285 223 “
432 192 1026 276 nuuosruutvrsoaa'rro
1247 224 1251 239 ·

175 348 177 352 .
458 329 466 353 ι
624 354 628 361 ,
975 320 978 339 ¹
1049 348 1052 361 .
1216 326 1219 331 '

51 416 57 429 .
89 378 129 434 35
148 369 288 431 Inveniet
304 390 338 429 ac
357 364 566 450 deprehendet
582 366 773 432 labefactatas
789 390 839 429 res
858 369 957 443 illius,
975 367 1179 430 Athenienses
1188 369 1315 450 ,upsurn

43 482 45 499 ¹
136 457 280 529 bellum,
289 456 383 514 modo
399 453 617 555 aggrediamur.
635 456 749 521 Verum
763 454 791 515 si
806 454 891 515 domi
909 453 1091 531 sedebimus,
1109 455 1315 515 conviciantes
1332 525 1336 529 ³

146 539 280 636 audituri
299 552 330 601 et
346 539 539 599 criminantes
558 538 640 600 iuter
656 555 688 601 se
706 551 861 601 οιιιοιιιτ
875 560 939 600 non
956 538 1023 601 lieri
1039 538 1101 599 ulla
1118 539 1239 600 ratione
1256 558 1316 603 un-

95 619 237 713 quain
255 635 372 722 potest,
389 637 427 684 ut
443 624 605 704 quicquam
619 624 681 685 rite
700 624 902 685 conficiamus.
935 625 1030 695 Nam,
1053 636 1089 684 ut
1105 645 1171 684 mea
1190 622 1329 723 quidem

95 706 208 771 fert
232 706 358 789 opinio,
384 729 568 789 quocunque
586 729 654 790 pars
680 709 784 791 aliqua
808 707 934 770 civitatis
960 707 1165 789 ablegabitur,
1193 707 1316 795 tametsi

145 807 211 859 tota
229 813 293 852 non
311 793 405 854 adsit:
426 793 474 854 ibi
494 806 524 853 et
542 791 669 854 deorum
688 806 718 853 et
736 794 875 855 fortunae
900 792 1112 853 benevolentia
1138 792 1228 852 nobis
1247 793 1314 874 opi-

145 879 300 954 tulahitur.
334 875 419 939 Cum
434 890 538 941 autem
564 879 793 958 imperatorem,
820 890 851 938 et
876 877 1067 937 decretum
1057 899 1163 951 mane,
1191 890 1223 937 et
1244 898 1315 958 spes

123 955 339 1025 ¹concionales
365 963 502 1023 mittitis:
527 963 603 1023 nihil
621 983 638 1025 a
655 962 741 1023 vobis
767 962 899 1021 feliciter
923 962 1057 1044 geritur,
1085 965 1139 1022 sed
1156 974 1192 1022 ut
1210 962 1315 1023 hostes

146 1049 288 1110 derident
304 1047 476 1109 istiusmodi
495 1047 720 1128 expeditiones,
746 1046 787 1108 ita
804 1046 881 1106 socii
898 1059 983 1106 metu
1008 1048 1208 1108 emoriuntur.
1243 1047 1315 1107 Non

71 1126 79 1141 ⁴
146 1135 229 1194 enim
246 1145 367 1215 potest,
384 1154 448 1193 non
464 1144 568 1213 potest
584 1133 668 1204 fieri,
694 1145 730 1192 ιιι
747 1152 827 1192 unus
844 1132 891 1196 vir
906 1150 1042 1212 unquam
1060 1132 1145 1192 vobis
1166 1152 1200 1191 ea
1218 1132 1314 1192 confi

146 1219 208 1286 ciat
225 1220 347 1292 omnia,
373 1239 450 1299 quae
468 1218 576 1278 vultis.
598 1217 747 1298 polliceri
755 1217 885 1296 quidem
904 1230 934 1278 et
951 1218 1099 1277 affirmare
1126 1230 1156 1277 et
1173 1237 1315 1278 accusare

120 1340 123 1345 .
144 1303 228 1365 hunc
248 1315 279 1364 et
296 1303 382 1363 illum
401 1302 480 1362 licet
515 1303 576 1362 Sed
593 1300 640 1361 his
666 1302 758 1361 rebus
784 1301 886 1362 omnia
903 1302 1068 1382 perierunt
1103 1303 1136 1368 si
1155 1302 1237 1374 enim
1255 1302 1316 1361 dur

28 1411 54 1437 κ
117 1389 327 1450 »miserorum
344 1388 482 1448 mercede
501 1386 707 1457 fraudatorum
730 1387 861 1448 militurn
878 1387 1089 1467 succubuerit:
1114 1388 1259 1468 quivero
1278 1386 1315 1445 de

144 1473 236 1533 rebus
255 1474 318 1533 illic
336 1473 373 1534 ab
396 1494 433 1534 ιο
457 1473 549 1555 gestis
576 1473 612 1531 ad
629 1493 684 1532 vos
711 1493 747 1532 ex
772 1472 927 1572 ιιοιιιοιο
952 1473 1091 1554 expedite
1118 1473 1315 1545 mentiantur,

145 1559 320 1632 extiterint,-
345 1572 376 1619 et
392 1580 447 1618 vos
465 1557 640 1630 exauditu,
669 1555 848 1638 quicquid
838 1579 871 1616 ιιι
896 1570 1031 1618 mentem
1056 1557 1191 1631 venerit,
1205 1557 1315 1616 terire-

144 1664 178 1704 re
199 1643 409 1704 decreveritis:
434 1643 525 1722 quid,
551 1662 667 1722 quaeso
689 1663 761 1715 vos,
788 1644 1007 1723 expectandum
1033 1644 1116 1704 est?
1135 1599 1196 1701 Sed
1215 1640 1315 1725 quod-

74 1735 100 1751 ·‘
144 1728 216 1787 nam
232 1728 296 1788 istis
320 1728 404 1787 malis
422 1728 590 1786 remedium
617 1725 811 1795 invenietur?
839 1728 923 1787 Hoc:
947 1727 973 1787 si
997 1749 1070 1800 vos,
1090 1715 1315 1799 Athenienses,

146 1813 268 1873 eosdem
283 1812 483 1893 designabitis
503 1824 534 1872 et
538 1807 661 1872 milites
681 1825 713 1872 et
735 1823 828 1871 testes
857 1826 999 1872 aetorum
1011 1813 1112 1872 ducis:
1138 1825 1169 1871 et
1184 1811 1240 1872 ubi
1258 1812 1314 1871 do·
1317 1803 1323 1810 ’

41 1910 49 1922 ’
69 1949 77 1963 ,.
117 1898 124 1904 ’
144 1919 228 1958 mum
244 1898 358 1958 reversi
383 1898 513 1972 fuerint,
531 1882 646 1956 iudices
663 1896 822 1956 ιιιιοιιιιιιι
839 1889 1072 1957 referendarum.
1106 1891 1219 1976 Neque
1233 1894 1314 1955 enim

142 1974 231 2042 vobis
249 1983 398 2043 audienda
415 1994 539 2042 tanturn.
549 1994 647 2043 vestra
658 1993 746 2066 -sunt,
764 1981 818 2041 sed
835 1993 866 2041 et
879 2002 979 2042 eoram
998 1982 1151 2044 intuenda.
1169 1981 1259 2041 Nunc
1276 2000 1314 2040 eo

46 2072 49 2076 ’
96 2091 99 2095 ’
143 2060 295 2171 flagitii
271 2080 408 2153 ventum
414 2079 477 2141 est,
496 2079 531 2126 ιιι
549 2059 667 2146 quique
681 2054 773 2126 duces
793 2065 839 2126 his
858 2070 889 2127 ιι
905 2080 954 2127 ιιι·
972 2066 1076 2148 eapitis
1096 2088 1215 2128 causan
1233 2062 1314 2147 apud

18 2224 21 2231 Δ
143 2173 198 2212 vos
217 2151 334 2227 dicant,
353 2148 422 2211 curn
440 2151 579 2213 hostibus
597 2163 699 2211 autem
719 2172 824 2211 eorum
843 2173 934 2213 nemo
952 2153 1012 2211 vel
1019 2151 1112 2211 semel
1131 2150 1249 2217 devita
1268 2150 1314 2211 di·

92 2257 114 2287 ‚v
143 2237 254 2300 micare
272 2236 444 2302 sustineat·
461 2249 559 2316 utque
579 2236 794 2318 plagiariorum
815 2249 845 2295 et
861 2237 962 2296 furum
986 2236 1143 2296 interitum
1168 2234 1314 2317 honestae

143 2321 236 2382 morti
254 2321 432 2424 praeferant
466 2321 596 2384 Malefici
615 2321 696 2381 eninr
721 2335 775 2394 est,
794 2321 933 2381 iudicum·
952 2321 1102 2382 sententia
1129 2318 1314 2399 condemua-

126 2418 209 2485 ‘tum
228 2406 340 2465 emori:
368 2406 470 2480 ducis,
498 2428 574 2469 ιιιιιι,Ι
584 2405 724 2466 hostibus
742 2406 949 2487 proeliantem.
978 2410 1126 2466 Vestrum
1143 2419 1245 2465 autem
1264 2405 1315 2465 alii

144 2491 366 2553 circumeuntes
392 2513 460 2552 enm
478 2491 723 2551 Lacedaemoniis
751 2512 841 2572 agere
859 2491 965 2550 dicunt
983 2490 1164 2591 Philippum
1174 2492 1212 2551 de
1233 2489 1312 2548 'lhe-

74 2632 80 2640 .
144 2576 293 2636 banorum
312 2576 489 2649 eversione,
500 2588 531 2634 et
546 2576 732 2658 respublicas
752 2576 913 2636 divellere-e
930 2574 990 2675 alii,
1010 2596 1079 2637 eum
1097 2575 1213 2638 misisse
1232 2576 1313 2656 lega·
1325 2613 1333 2626 ·

143 2674 191 2721 tos
210 2662 247 2720 ad
264 2681 368 2745 regem
386 2662 562 2721 Persarum.
590 2659 656 2733 alii,
684 2661 794 2741 oppida
812 2661 931 2720 munire
949 2661 982 2719 in
1001 2660 1124 2743 Illyriis:
1151 2659 1217 2733 alii,
1243 2681 1313 2718 suas
1338 2662 1346 2672 ‘

144 2745 274 2824 quisque
293 2746 466 2808 commenti
476 2746 602 2818 fabulas,
619 2744 856 2806 obambulamus.
863 2745 947 2827 Ego
957 2765 1030 2804 vero
1043 2745 1191 2825 equidem
1210 2743 1313 2802 existi

30 2846 48 2899 ss
90 2868 92 2872 ·
144 2852 204 2902 mo,
222 2829 436 2930 Athenienses,
456 2829 573 2890 ebrium
593 2850 658 2889 esse
680 2850 749 2889 eum
763 2851 864 2889 rerum
878 2843 1030 2929 gestarum
1045 2828 1265 2911 magnitudine,
1284 2840 1315 2886 et

143 2914 294 2985 eiusmodi
305 2917 444 2999 somnia.
448 2915 540 2975 multa
559 2936 616 2975 suo
635 2935 703 2974 curu
719 2915 820 2973 animo
839 2915 962 2998 agitare,
980 2937 1048 2975 cum
1067 2914 1142 2994 quia
1153 2913 1240 2974 videt
1258 2931 1322 2971 ne-·

143 2996 256 3062 minem
276 3020 353 3060 esse
360 3012 413 3099 qu'r
404 2992 592 3080 impediat,
618 3011 683 3062 tum
707 2999 895 3063 successibus
921 3000 1049 3060 elatum:
1078 3020 1140 3058 non
1157 3011 1313 3057 marenca

35 3117 38 3120 >
123 3084 185 3144 lsie
203 3105 292 3184 agere
310 3085 487 3157 instituisse,
505 3097 550 3157 ut,
569 3105 622 3164 qur
613 3084 718 3183 apud
732 3105 787 3145 nos
804 3097 876 3145 sunt
892 3083 1098 3185 amentissimi,
1117 3082 1222 3143 norint
1240 3081 1313 3163 quid
1327 3081 1336 3089 “’

94 3236 96 3240 Α
142 3168 193 3228 ille
212 3169 253 3229 sit
270 3170 411 3230 facturus
447 3168 643 3229 stolidissimi
668 3169 749 3228 enim
766 3183 839 3230 sunt
856 3170 913 3228 isti·
933 3183 1105 3269 nugatores.
1138 3166 1225 3227 At
1201 3189 1258 3240 ιι,
1256 3167 1313 3226 his

71 3256 75 3266 ’
111 3323 113 3327 ¹
143 3254 272 3327 omissis,
290 3254 367 3351 illud
379 3266 570 3356 spectemus,
559 3249 736 3313 hominem
756 3275 821 3313 esse
840 3253 956 3313 nobis
947 3254 1119 3327 inimicum,
1145 3264 1313 3313 etnostras

142 3339 230 3399 uobis
251 3356 324 3419 opes
344 3337 479 3419 eripere,
514 3351 545 3399 et
561 3339 683 3439 longo
674 3339 792 3399 iamiam
809 3351 948 3420 tempore
965 3339 1147 3399 insolenter
1151 3359 1184 3398 se
1201 3337 1312 3419 gessis-
1325 3351 1328 3355 ’

136 3445 192 3496 se,
210 3436 241 3485 et
258 3444 457 3504 quaecunque
476 3424 666 3504 speravimus
677 3423 808 3523 aliquem
826 3445 883 3506 pro
901 3424 991 3484 nobis
1010 3444 1075 3492 esse
1090 3436 1249 3523 acturum,
1268 3434 1322 3491 ιιι·

75 3521 113 3578 36
142 3521 177 3569 ιιι
192 3520 320 3608 constat,
339 3522 452 3570 contra
462 3529 518 3569 nos
537 3528 602 3568 esse
621 3508 739 3582 omnia,
759 3520 789 3569 et
803 3521 918 3571 caetera
934 3508 967 3568 in
982 3507 1230 3588 nobismetipsis
1246 3524 1313 3567 esse

142 3580 258 3675 posita,
287 3605 332 3667 et,
352 3595 377 3653 si
396 3614 478 3653 nuno
494 3593 556 3654 illic
575 3592 752 3676 belligerare
771 3593 959 3653 uoluerimus
978 3615 1047 3652 curu
1065 3613 1122 3666 eo,
1148 3592 1229 3652 idern
1248 3591 1311 3649 for

121 3712 125 3719 ·
141 3691 220 3738 tasse
247 3677 335 3739 nobis
354 3679 404 3738 hic
430 3679 528 3738 facere
547 3677 919 3739 necesscfore:haec's1
943 3678 1155 3750 statuerimus,
1181 3687 1211 3735 ιι
1228 3687 1311 3733 recte

141 3765 317 3836 sentiemus,
338 3776 368 3824 et
381 3764 486 3823 inanes
498 3764 615 3825 fabulas
633 3763 736 3823 missas
753 3763 904 3823 faciemus.
922 3763 1029 3842 Neque
1049 3761 1139 3834 enim,
1158 3781 1235 3840 quae
1250 3760 1313 3820 sint

141 3839 254 3921 futura,
272 3848 477 3928 quaerendum
497 3861 556 3909 est:
574 3848 627 3908 sed
645 3848 766 3908 adversa
783 3847 884 3907 futura
901 3845 976 3929 (nisi
993 3847 1084 3907 rebus
1103 3845 1272 3930 gerendis
1262 3866 1311 3904 rn-

140 3934 220 3995 tenti
237 3933 372 4007 fueritis,
403 3945 439 3995 ιι
452 3934 539 4016 fungi
557 3932 661 4008 officio
679 3929 856 4015 volueritis)
874 3952 930 4012 pro
949 3944 1107 4032 comperto
1129 3931 1311 3993 habendum
1330 3990 1337 3995 ι

140 4018 236 4100 Ego'
227 4018 322 4100 agitur
337 4038 394 4079 nec
411 4039 545 4099 unquam
563 4018 634 4077 alias
653 4019 689 4078 ad
708 4017 832 4099 gratiam
847 4015 963 4095 loqui'
955 4016 1084 4089 institui,
1103 4015 1163 4076 nisr
1153 4014 1262 4076 idem
1281 4027 1330 4073 et.

88 4101 93 4110 ’
140 4102 333 4183 profuturum
352 4102 438 4164 vobis
448 4124 633 4185 persuasum
651 4092 808 4163 liaberem:
828 4112 859 4160 et
879 4123 961 4159 nunc
979 4122 1057 4187 quae
1074 4101 1175 4163 sentio
1194 4099 1316 4180 simpli-

142 4187 342 4262 citenomnia,
359 4189 425 4248 sine
440 4188 502 4248 olla
520 4187 777 4270 tergiversatione
779 4185 940 4264 libereque
958 4207 1031 4257 sum
1044 4187 1191 4247 elocutus.
1209 4183 1309 4244 Velim

61 4324 65 4333 ,
130 4286 277 4347 auten,
276 4286 313 4333 ut
331 4273 518 4373 exploratum
536 4272 651 4346 habeo,
665 4293 689 4332 ι
704 4292 737 4332 re
755 4282 853 4335 vestra
872 4291 964 4343 esse,
972 4284 1010 4332 ut
1027 4291 1080 4343 ea,
1098 4293 1176 4351 quae
1196 4269 1309 4350 optima

106 4390 109 4395 ·
141 4371 230 4430 sunt,
239 4357 418 4430 audiatis,
394 4379 438 4419 ιιι
448 4358 533 4427 scire
549 4379 608 4430 me,
631 4356 720 4423 etiam
737 4349 922 4416 fidelissimo.
928 4355 1057 4421 suasori
1068 4314 1156 4431 idern
1168 4353 1310 4477 profutu-
