2722 4754
364 195 660 261 fanvmsus
695 197 912 272 niniam:
1096 161 1100 165 ’
1165 208 1228 262 27⁴3·
1309 238 1313 248 .

83 360 165 425 bitror
178 369 381 432 porro‚.·eum
401 347 468 408 'non
492 348 700 437 dubitaturum
724 372 790 412 esse
813 351 959 433 populum
979 334 1068 413 etiam
1087 353 1226 414 accusare

86 455 111 509 e't
126 430 308 509 concionem,
327 447 358 494 et
375 454 426 508 ea,
443 455 529 514 quae
548 448 613 495 tum
631 435 732 496 dicere
750 437 897 511 audebat,
915 456 984 496 cum
1003 437 1040 496 de
1060 459 1097 498 eo
1116 437 1226 518 quere-⁷
1258 437 1261 445 ¹

86 542 138 606 ttr',
152 516 225 584 nun'c
243 534 367 598 quoque
386 519 554 579 dicturum:
577 520 688 601 quibus
706 522 876 581 exeundum
894 520 1018 596 suisset,
1037 542 1090 585 eos
1106 530 1234 592 reman-'

89 619 158 680 sim:
178 618 206 671 et
222 603 275 684 qui
292 603 439 684 praesidia
458 605 664 678 deseruerint,
683 626 735 666 eos
753 605 926 668 interfuisse
946 607 1103 669 concioni:
1114 610 1161 670 'ac
1178 609 1235 671 lu-'
1286 640 1294 645 ·

89 705 172 767 tinet
189 702 218 749 et
233 688 412 771 peregrinos
431 702 462 749 et
481 690 545 750 eius
562 690 682 772 generis
699 691 837 751 homines
854 691 957 763 luisse,
976 714 991 769 a
1008 693 1119 771 quibus
1134 688 1227 755 suerit

89 783 286 851 condemnatus.
330 773 408 833 Nam
424 787 523 848 tanta,
551 775 686 848 ludices,
714 775 775 835 fuit
792 777 857 837 eius
877 776 1060 837 confidentia
1079 792 1109 839 et
1127 781 1233 862 impu-¹

90 866 182 935 tentia,
205 872 240 918 nt
256 871 372 921 norunt
397 881 413 918 e
437 859 540 931 vobis,
567 860 620 940 qni
643 859 864 934 interfuerunt,
888 873 924 920 ut
942 860 1171 938 maledicendo,
1197 876 1228 927 et
1318 932 1320 936 ,

89 945 248 1019 finiendo,
271 943 451 1018 et‘subinde
475 943 507 1002 in
530 945 765 1006 tumultuantem
785 945 940 1016 concionis
959 946 1059 1006 locum
1078 948 1227 1010 intuendo

38 1052 41 1057 ’
92 1064 117 1108 ,ρ
132 1049 265 1097 terrorem
289 1027 481 1111 incussurum
504 1043 625 1110 putaret
648 1023 732 1091 omni
756 1033 881 1112 populo.
915 1030 1121 1106 Quamobrem
1146 1034 1227 1099 haud
1249 1039 1309 1095 367

55 1189 65 1203 .
91 1122 202 1210 patemo
218 1113 329 1173 iniuria
346 1113 569 1174 ridiculae-iam
589 1115 653 1175 eius
672 1116 820 1201 lacrymae
838 1114 1030 1177 videbuntur.
1073 1118 1157 1193 Quid
1175 1118 1229 1192 ais,
1292 1112 1297 1119 ’

92 1199 248 1283 anelarium
267 1198 376 1278 caput?
401 1201 489 1259 Tune
507 1200 544 1260 ab
562 1200 645 1260 hisce
663 1202 817 1282 postules,
835 1214 870 1263 ut
887 1201 1015 1264 liberunt
1034 1215 1158 1264 tuorum
1176 1211 1229 1264 aut

91 1295 129 1361 tui
141 1287 341 1356 misereantur,
368 1284 467 1343 tuisve
485 1285 655 1345 rationibus
674 1288 830 1360 studeant,
859 1309 874 1346 a
893 1300 923 1346 te
942 1288 1063 1368 publice
1082 1288 1228 1350 contemti

94 1394 121 1443 et
131 1369 242 1438 ludibrio
262 1368 378 1428 habiti?
395 1407 397 1410 <
412 1371 500 1428 Tune
518 1370 602 1430 solus
620 1370 793 1431 mortalium
812 1373 966 1446 omnium,
985 1394 1083 1455 *quem
1101 1364 1228 1454 apertisss
1332 1398 1337 1408 “

96 1468 152 1531 ,ine
165 1466 273 1517 constat
290 1454 322 1512 in
340 1453 401 1513 vita
424 1466 507 1514 tanta
530 1454 671 1535 superbia
695 1468 727 1515 et
750 1456 886 1517 omnium
905 1458 1063 1518 hominum
1083 1460 1228 1540 despectu

94 1540 300 1612 mafanum,
317 1551 354 1598 ut
371 1539 461 1599 etiam
479 1539 534 1615 illi,
553 1563 621 1600 cunr
638 1540 749 1622 quibus
766 1542 825 1601 tibi
842 1542 919 1602 nihil
938 1556 984 1602 est
1000 1543 1127 1627 negotii,
1144 1554 1228 1603 tuam
1268 1602 1275 1609 ,
1314 1618 1317 1623 ᾗ

93 1624 275 1696 confidentiam
301 1636 332 1682 et
348 1645 464 1684 vocem
488 1639 519 1685 et
544 1627 708 1689 tumultum
735 1640 765 1686 et
788 1641 858 1687 tuos
875 1628 1031 1688 ministros
1050 1642 1081 1688 et
1098 1629 1227 1709 opulen·
1298 1673 1304 1691 1

93 1719 150 1780 fiam
163 1724 191 1772 et
203 1709 344 1769 ferociam
363 1709 429 1769 sine
448 1711 554 1771 dolore
573 1724 707 1793 spectare
725 1733 789 1772 non
807 1713 987 1794 possintqin
1005 1709 1119 1774 iudicio
1137 1715 1227 1775 mise·
1331 1757 1334 1765 ·

92 1798 227 1865 ricordiam¹
245 1794 347 1853 statim
373 1797 592 1875 consequeris?
619 1798 763 1879 Magnum
789 1798 911 1878 quidem
936 1799 1154 1880 principatum,
1178 1796 1228 1860 v'el

93 1886 176 1970 potius
190 1892 285 1952 artem,
303 1879 467 1953 inveneris,
487 1881 513 1939 si
532 1883 605 1941 duas
620 1903 671 1944 res
690 1883 772 1942 inter
789 1904 820 1942 se
839 1884 966 1947 maxime
985 1885 1148 1965 contrarias
1166 1898 1240 1963 tam,
1271 1942 1275 1951 ,

93 1970 167 2054 paulo
181 1977 324 2026 momento
349 1962 407 2024 tibi
431 1965 489 2045 ipsi
514 1966 698 2037 circumdare
722 1988 843 2047 posses:
869 1968 1011 2027 invidiam
1030 1990 1066 2028 ex
1083 1968 1162 2043 vitae
1181 1969 1228 2028 in·
1259 1973 1267 1980 ’

46 2054 50 2059 ’
85 2052 204 2124 volentia,
220 2049 454 2109 misericordiam
474 2070 510 2110 ex
527 2051 702 2131 impostura.
730 2051 820 2111 Nulla
837 2052 894 2111 tibi
911 2053 1030 2112 ratione
1047 2053 1142 2112 tribui
1159 2067 1228 2134 pot·
1254 2104 1258 2111 .
1296 2118 1300 2128 ⁸
1332 2125 1337 2134 Ι

94 2153 131 2202 est
139 2134 337 2209 misericordia,
350 2135 496 2214 quicquid
510 2136 696 2217 intueamur:
715 2138 768 2195 sed
782 2150 896 2211 contra,
910 2137 1015 2197 odium
1022 2150 1061 2204 et
1073 2136 1186 2198 invidia
1198 2151 1229 2198 et

94 2221 233 2287 incendia·
256 2220 340 2279 Haec
358 2218 439 2279 enim
458 2221 589 2281 mereris.
624 2221 685 2281 Sed
703 2221 776 2280 illuc
792 2221 904 2293 redeo,
923 2223 960 2282 ad
979 2222 1044 2282 eius
1062 2223 1229 2283 accusatio-

36 2302 40 2307 ’
93 2303 256 2388 nenpopuli
276 2318 306 2365 et
324 2305 488 2365 concionis.
532 2305 626 2379 Quod
644 2306 698 2366 ubi
716 2307 820 2379 faciet,
840 2306 969 2389 cogitate
987 2305 1231 2385 vobiscum,lu-¹
1306 2362 1314 2379 ,

72 2397 171 2467 tices,
188 2391 275 2451 istuin
300 2391 435 2470 equites,
459 2390 682 2450 commilitones
700 2412 789 2464 suos,
813 2413 881 2451 cum
901 2390 1070 2475 Olynthum
1094 2392 1231 2472 ivissent,
1264 2390 1266 2401 '

90 2482 125 2543 ad
138 2476 226 2538 vos‘in
244 2475 425 2558 concionem
444 2497 639 2557 progressum
657 2497 828 2536 accusasse:
846 2498 928 2536 nunc
946 2498 1050 2536 rursus
1069 2477 1148 2557 apu'd
1168 2497 1232 2548 eos,

94 2561 223 2646 qui-loris
253 2560 399 2633 militant,
432 2561 591 2620 occasione
621 2575 806 2641 exspectata,
838 2562 985 2643 populum
1015 2574 1231 2621 accusaturum

92 2653 181 2710 Utrum
195 2644 289 2728 igitur
300 2667 372 2717 vos,
398 2644 460 2704 sive
487 2646 675 2720 manseritis,
700 2648 765 2706 sive
782 2646 952 2719 exiveritis,
976 2646 1051 2706 tales
1076 2645 1232 2727 perhiberi

33 2753 35 2758 ’
88 2755 148 2795 'non
160 2730 454 2809 recusabitis,-quales
469 2731 576 2790 Midias
591 2730 672 2804 facit',
690 2753 728 2790 an
745 2744 849 2791 contra
867 2730 970 2812 potius
988 2731 1046 2790 istc
1064 2751 1184 2811 semper
1202 2743 1233 2790 et

94 2816 188 2896 ubique
201 2815 253 2881 diis
271 2815 387 2875 invisus
406 2815 464 2874 erit
483 2828 513 2875 et
532 2816 751 2875 exsecrandus?
782 2816 849 2898 Ego
868 2811 991 2895 quidem
1010 2815 1121 2895 opinor
1139 2815 1231 2875 istum
1261 2844 1265 2856 =

81 2888 172 2963 'talem
192 2900 260 2960 Nam
278 2921 369 2978 quem
389 2921 452 2959 non
471 2901 605 2979 equites,
624 2900 856 2983 noneollegae,
875 2920 937 2959 non
956 2900 1044 2960 amici
1055 2900 1141 2960 'serre
1159 2922 1231 2981 pos,-

58 3030 62 3039 1
94 2999 164 3048 sunt:
184 2983 306 3065 quidde
325 3006 363 3043 eo
383 2986 545 3045 dicendum
564 2984 629 3044 est?
659 2987 762 3045 lovem
780 2998 878 3045 testor
896 2998 927 3044 et
943 2984 1121 3065 Apollinem
1139 3000 1231 3066 atque

68 3134 71 3141 ,
93 3071 229 3131 Minervam
244 3068 378 3152 (dicetur
396 3069 477 3129 enim
496 3070 559 3129 sive
577 3070 781 3149 profuturum,
800 3070 863 3130 sive
882 3070 1055 3130 nociturum
1070 3068 1143 3152 sit),
1163 3091 1231 3153 curn
1274 3066 1277 3071 ’

76 3157 141 3215 ‘iste
160 3175 186 3215 se
200 3155 378 3237 transegisse
405 3175 523 3215 mecum
550 3154 751 3228 fabularetur,
777 3155 957 3236 apparebat,
984 3157 1150 3235 quosdam,
1178 3154 1231 3235 qui
1318 3192 1328 3204 ‹

96 3239 318 3300 blandeomnino
339 3263 406 3300 cum
427 3261 464 3299 eo
483 3239 585 3299 solent
603 3239 755 3319 colloqui,
780 3240 908 3300 moleste
926 3239 1022 3299 serre:
1041 3240 1160 3320 idque,
1182 3254 1244 3300 me'

95 3325 150 3387 dius
162 3325 256 3400 lidius,
275 3325 319 3384 eis
338 3325 463 3384 minime
480 3325 554 3384 vitio
574 3325 761 3384 vertendum.
785 3325 849 3384 Nec
868 3324 947 3384 enim
966 3324 1039 3384 serri
1053 3338 1158 3406 potest
1175 3324 1232 3385 bo·
1304 3367 1311 3377 ,

96 3429 151 3482 mo,
173 3411 219 3470 sed
237 3423 267 3470 et
286 3410 370 3469 solus
390 3411 473 3471 dives
494 3423 556 3483 est,
589 3423 620 3469 ct
638 3409 786 3489 eloquens
805 3410 907 3483 solus,
941 3423 971 3469 ct
989 3430 1094 3470 omnes
1114 3410 1143 3470 ei
1161 3420 1233 3470 sunt

96 3493 244 3572 quisquiliae
270 3509 301 3555 et
323 3494 474 3567 mendici,
498 3517 532 3555 ac
556 3515 594 3554 ne
620 3493 759 3554 homines
778 3494 909 3575 quidem.
944 3494 1022 3553 Eum
1045 3486 1157 3578 igitur,
1180 3494 1233 3574 qui

94 3591 247 3639 nuncunto
267 3581 347 3640 fastu
365 3592 485 3662 turget,
513 3579 539 3638 si
557 3579 746 3654 absolvatur,
777 3580 851 3661 quid
869 3581 1018 3639 facturum
1037 3579 1169 3661 putatis?
1199 3577 1232 3637 ld

93 3681 142 3739 quo
156 3677 235 3742 pacto
254 3686 440 3747 cognoscere
459 3664 599 3744 possitis,
618 3685 675 3746 ego
695 3665 807 3725 dicam:
825 3664 851 3724 si
870 3685 886 3724 e
905 3663 1016 3748 signis,
1035 3687 1112 3746 quae
1125 3675 1233 3725 secula

89 3757 148 3804 sunt
162 3751 260 3830 populi
278 3749 508 3830 praeiudicium,
526 3770 590 3809 rem
603 3749 780 3826 aestimetis.
801 3750 884 3825 Quis
903 3751 983 3810 enim
1003 3763 1058 3823 est,
1076 3750 1129 3831 qui
1146 3766 1233 3830 prae-

85 3825 184 3893 iudicio
200 3836 356 3901 damnatus
374 3833 478 3894 violati
496 3835 566 3893 sesti
583 3835 778 3915 praesertim,
807 3834 924 3895 etiamsi
942 3834 1059 3896 nullum
1079 3834 1160 3895 aliud
1179 3853 1233 3914 pe-

56 3966 60 3974 .
82 3911 197 3979 neutum
215 3933 266 3980 aut
285 3919 447 3979 discrimen
464 3918 621 3993 subesset,
656 3939 719 3978 non
739 3919 777 3978 ob
797 3919 827 3979 id
845 3920 944 4001 ipsum
964 3919 1046 3980 domi
1064 3940 1096 3978 se
1115 3918 1233 3978 abstru-

78 3993 174 4077 deret,
203 4006 437 4084 modestumque
455 4004 614 4086 praeberet
631 4005 668 4064 ad
688 4003 792 4064 iudicii
810 4005 932 4079 saltem,
966 4004 992 4064 si
1010 4024 1073 4075 uon
1091 4003 1123 4062 in
1142 3998 1240 4063 omnes

74 4089 207 4166 lempst?
228 4090 327 4150 Nemo
348 4103 409 4162 est,
426 4089 501 4169 quin
520 4090 551 4148 id
569 4089 689 4149 laceret
717 4088 817 4149 Aliter
833 4096 905 4150 vero
925 4087 1040 4150 Midias.
1069 4084 1145 4149 Nam
1164 4086 1235 4149 iude
1267 4127 1270 4135 ι

66 4161 104 4223 aa
121 4189 166 4232 eo
183 4174 230 4235 die
248 4175 465 4248 concionatur,
490 4174 694 4247 conviciatur,
719 4174 857 4235 clamitat
900 4172 1027 4256 Legitur
1043 4172 1235 4255 magistratus
1258 4177 1318 4232 368

64 4245 197 4332 aliquis?
220 4258 327 4321 Midias
357 4259 564 4344 Anagyrasius
588 4260 622 4319 in
641 4281 779 4341 campum
797 4258 967 4327 descendit:
992 4256 1146 4320 Plutarchi
1162 4277 1236 4339 pro-
1282 4295 1285 4301 ·

46 4349 240 4413 ‘mammem
264 4345 343 4429 agit,
368 4345 433 4407 eius
452 4358 567 4406 secreta
584 4345 684 4425 novit:
711 4344 784 4405 urbs
803 4366 872 4433 eum
890 4342 1057 4424 nomcapit
1086 4343 1139 4439 'Et
1162 4342 1236 4421 haec

38 4613 42 4621 ,
99 4578 114 4611 N
