2722 4754
30 229 45 275 z
148 191 317 278 ιιι·
344 147 379 194 ”
427 134 1024 249 ιιιιοειιιιιιιιοιιιιο

148 339 341 409 damnatum,
359 346 464 399 contra
482 357 572 417 quos
577 356 658 399 'cum
651 334 780 399 nullam
796 337 948 401 actionem
966 333 1152 409 instituerit,
1169 302 1239 397 satis
1256 348 1341 426 ιῬ.

147 445 264 506 parere,
282 432 412 481 sontem
421 442 497 482 ease
505 420 678 503 Aphobum.

146 743 235 834 Nisi
246 765 335 848 prius
356 766 507 826 adversus
521 718 723 843 Aphobum
713 788 746 824 ιιι

149 790 310 931 multoque
334 851 447 910 maiora
467 861 497 908 et
522 847 702 928 callidiora
704 851 770 909 eius
786 793 962 913 mendacia
978 849 1102 909 facilen
1120 851 1353 929 mereim&

44 984 49 995 .
149 960 216 999 esse
234 936 341 996 scirem
360 945 486 1015 propter
501 931 679 999 iniuriarum
697 934 967 1014 perspicuitatem:¹
964 916 1103 993 mirilice
1116 933 1353 1013 pertimesce

67 1081 77 1090 ,
149 1045 225 1095 rem,
241 1033 278 1081 ut
297 1020 387 1080 etiam
404 1038 497 1077 nunc
495 1019 666 1078 ostendere
684 1028 816 1101 possem,
834 1018 945 1097 quibus
964 1017 1134 1078 rationibus
1151 1017 1249 1079 vobis
1246 1043 1351 1087 uns

85 1113 132 1168 22
145 1109 242 1191 dique
259 1105 363 1163 iocum
381 1103 514 1161 facturus
534 1116 619 1162 essct.
651 1103 780 1176 Nunc,
795 1103 852 1162 diis
872 1102 959 1162 bene
975 1099 1203 1175 iuvantibus,
1177 1123 1205 1190 ιι
1221 1106 1353 1167 mod-

150 1191 255 1272 aequis
274 1201 305 1248 et
320 1186 471 1268 benignis
481 1186 590 1245 animis
613 1209 670 1247 nos
689 1187 897 1258 audieritis,
888 1209 920 1263 ιιι
937 1209 991 1266 spe
1017 1188 1131 1267 optima
1148 1182 1233 1261 snn'r,
1259 1209 1353 1248 vo..-

80 1284 82 1289 ’
151 1299 215 1338 non
232 1274 332 1334 miuus
351 1293 440 1352 quarn
466 1271 583 1350 priores
601 1271 749 1331 iudices
739 1273 827 1345 istius
852 1258 1072 1351 impudentiam
1090 1292 1155 1330 csse
1175 1275 1353 1353 cognitu-

127 1396 129 1405 >
150 1375 210 1430 ros
245 1356 375 1432 Quae
350 1378 377 1416 ιι
395 1355 474 1435 quid
488 1353 684 1434 eloquentiae
698 1369 750 1415 aut
767 1341 937 1415 calliditatis
955 1355 1155 1436 postularent,
1174 1357 1353 1435 equiden

86 1496 88 1500 ,
137 1443 421 1512 ἰιιιιιιιιιιιιιιιιιι,
429 1439 651 1500 adolescentiae
669 1447 753 1500 meae
772 1440 1014 1500 consideratione
1033 1438 1213 1501 deterritus.
1228 1456 1353 1501 m-

40 1542 48 1557 ‘
151 1527 336 1608 simpliciter
345 1524 483 1583 docenda
501 1536 533 1582 et
555 1526 816 1585 commemoranda
839 1537 920 1584 sunt
928 1524 1014 1584 istius
1032 1524 1065 1584 ιιι
1082 1545 1139 1584 nos
1158 1525 1353 1587 commiss-

75 1632 78 1638 ’
151 1613 293 1674 facinora
324 1608 448 1706 Quibus
463 1608 621 1688 expositis,¹¹
636 1607 722 1668 vobis
743 1608 887 1668 omnibus
900 1609 1103 1708 perspicuum
1111 1609 1188 1669 sore.
1198 1609 1353 1709 ιιιιιιιιΞ

34 1723 38 1727 ·
124 1711 222 1769 ,oter
238 1707 377 1755 nostrum
394 1692 435 1751 sit
460 1691 625 1782 improbus
666 1682 817 1771 Equidem
834 1713 906 1753 nou.
922 1693 1048 1775 ignoro,
1066 1715 1159 1754 eum
1160 1694 1353 1771 aetiopenz

152 1783 230 1842 banc
253 1778 438 1849 instituisse,
463 1798 532 1835 non
550 1773 643 1865 quod
660 1797 694 1836 se
711 1777 909 1857 probaturum
934 1778 1118 1852 confideret,
1145 1779 1185 1838 ab
1191 1757 1270 1867 ullo
1288 1799 1353 1842 ιε

64 1931 65 1935 ,
149 1866 228 1928 'ialso
248 1883 314 1924 esse
330 1860 507 1922 testimonio
519 1855 651 1936 laesum,
668 1863 724 1920 sed
740 1862 812 1940 quia
826 1873 929 1942 putat,
946 1883 985 1922 se
994 1861 1033 1921 ob
1052 1860 1230 1923 mulctae
1202 1863 1353 1944 magni-

84 1952 92 1975 l
150 1939 307 2019 tudinem,
336 1964 395 2026 qua
413 1946 579 2004 damnatus
588 1957 648 2016 est,
676 1957 713 2004 et
723 1942 798 2004 milti
821 1934 1029 2018 conflaturum
1048 1946 1208 2020 invidiam
1212 1959 1251 2006 et
1263 1946 1353 2012 sibi

154 2036 211 2116 ipss
203 2027 491 2091 misericordiam
482 2041 729 2110 impetraturum:
747 2041 973 2114 proptereaque.
985 2044 1084 2090 actam
1098 2052 1217 2098 cansam
1237 2053 1353 2101 ιιιιιιι·

108 2180 113 2191 ,
154 2117 308 2188 defendet,
327 2115 364 2173 de
383 2135 448 2194 qua
444 2125 531 2172 tunc
549 2113 647 2175 nihil
643 2114 748 2192 aequi.
751 2114 850 2174 dicere
867 2115 976 2194 potuit
1001 2098 1068 2197 Ego
1085 2136 1183 2188 vero,
1188 2096 1353 2198 ludices«

154 2194 303 2281 siquidem
322 2219 386 2257 reru
405 2196 572 2256 iudicatam
584 2197 622 2257 ab
640 2216 676 2257 eo
696 2199 877 2281 exegissem,
896 2212 949 2258 aut
965 2201 1063 2260 nullas
1080 2221 1193 2281 aequas
1209 2200 1348 2262 condi-

139 2278 254 2347 *dones
272 2282 439 2344 admittere
448 2274 629 2365 voluissem,
656 2303 703 2341 ne
713 2283 766 2342 sic
780 2284 903 2362 quidem
921 2283 1133 2363 deliquissem,
1159 2284 1270 2364 utqui
1287 2305 1337 2354 ea

153 2368 356 2465 postularem,
383 2366 592 2443 quaevestris
608 2367 766 2426 sententiis
785 2369 909 2433 decreta
924 2381 1039 2436 esseut:
1065 2370 1119 2429 sed
1138 2369 1201 2429 dici
1217 2369 1326 2435 tamen

58 2446 64 2453 ’
152 2453 321 2536 potuisset,
337 2451 448 2522 istum,
466 2431 626 2529 bominem
640 2459 818 2539 cognatum,
830 2452 1029 2514 inhumanius
1048 2466 1081 2513 et
1097 2453 1238 2513 acerbius
1256 2452 1321 2513 for.

36 2539 58 2570 ³
91 2536 95 2540 ’
126 2538 236 2600 'tonis
255 2556 320 2596 esse
346 2553 490 2594 eversum.
532 2535 625 2601 Nunc
641 2536 811 2605 contraiit:
837 2558 904 2596 nam
931 2538 989 2596 iste
1007 2559 1075 2596 cum
1102 2522 1316 2602 cbntutorr‘bns

37 2616 41 2625 l
73 2676 79 2696 ,
108 2656 111 2665 ,
145 2621 239 2683 'omni
261 2618 475 2701 patrimonio
463 2639 510 2677 me
536 2619 701 2693 fraudavit,
726 2633 779 2691 et,
791 2622 931 2699 quamvis
950 2623 1028 2701 apud
1054 2643 1107 2680 vos
1126 2622 1226 2701 palam
1244 2631 1312 2682 con

151 2709 266 2783 victus,
291 2717 393 2763 tamen
410 2693 487 2762 nihil
506 2704 594 2784 aequi
612 2725 628 2762 a
647 2725 678 2763 se
704 2705 858 2784 impetrari
876 2705 964 2767 sinit:
960 2703 1043 2764 sed
1059 2706 1203 2782 distracta
1222 2726 1262 2764 re
1275 2706 1311 2766 fa.

47 2830 51 2845 ,
152 2786 271 2861 miliari,
290 2788 414 2847 aedibus
432 2788 536 2862 Aesio,
554 2784 650 2858 lundo
670 2787 799 2847 Onetori
817 2789 950 2862 traditis,
969 2789 1100 2861 effecit,
1105 2803 1140 2855 ιιι
1159 2789 1311 2865 cumillis,

151 2874 257 2935 litibus
276 2885 307 2932 et
324 2872 471 2932 molestiis
498 2870 742 2971 conflictares,
733 2893 797 2950 rpse
815 2882 886 2931 v'ero
913 2873 1116 2939 instrumento
1136 2886 1168 2932 et
1185 2873 1311 2954 supelle·

92 2986 97 2991 ·
152 2958 223 3018 ctilc
239 2978 274 3016 ex
286 2955 410 3015 aedibus
428 2956 535 3028 ablata,
550 2955 708 3036 mancipiis
726 2955 873 3028 abductis,
890 2957 1034 3017 torculari
1051 2958 1249 3031 comminuto,
1266 2955 1312 3017 so-

45 3074 48 3079 ,
135 3042 248 3109 ribus,
250 3041 392 3113 revulsis,
413 3061 447 3099 ac
465 3053 582 3099 tantum
600 3061 663 3107 non
681 3041 744 3119 ipsa
763 3041 883 3101 domo
874 3054 1005 3116 incensa,
1022 3043 1143 3124 Megara
1161 3041 1311 3123 profectus

92 3138 104 3155 ‘
152 3126 337 3210 inquilinum
355 3124 399 3183 ibi
399 3125 485 3206 agit
500 3121 705 3222 Quamobiem
725 3125 821 3184 multo
840 3127 965 3205 aequius
985 3139 1040 3197 est,
1057 3140 1093 3185 ut
1109 3149 1179 3187 eum
1190 3139 1314 3207 propter

104 3215 110 3234 ⁸
142 3211 227 3277 ,baec
250 3209 384 3270 facinora
411 3209 482 3269 odio
509 3207 750 3309 prosequamini,
777 3232 865 3288 quam
883 3222 919 3269 ut
935 3232 983 3269 me
1001 3210 1092 3272 ullius
1112 3211 1314 3271 inhumanita-

68 3331 83 3351 ,-
150 3296 190 3356 tis
209 3293 426 3354 condemnetis
449 3292 494 3352 Ac
513 3294 577 3352 de
568 3292 654 3352 istius
673 3293 813 3352 sordibus
831 3307 921 3373 atque
938 3294 1136 3374 improbitate
1149 3307 1218 3375 post
1234 3296 1313 3374 apud

152 3400 206 3440 vos
219 3367 294 3438 mibi
306 3377 458 3458 prolixius
471 3378 634 3437 dicendum
652 3377 780 3450 videtur,
800 3400 980 3457 quamquam
995 3401 1077 3438 nunc
1094 3398 1214 3458 quoque
1229 3400 1312 3438 sum·
1317 3403 1319 3413 ι

152 3486 230 3523 mam
249 3463 398 3543 quandam
423 3461 593 3552 audivistis:
619 3461 799 3527 testimonia
810 3483 897 3533 vero,
924 3463 961 3521 de
981 3463 1091 3542 quibus
1110 3462 1252 3544 suffragia
1269 3462 1314 3522 se-

151 3549 236 3623 retis,
253 3569 323 3609 vera
341 3566 417 3620 esse,
435 3543 495 3607 ism
513 3569 578 3608 vos,
585 3546 695 3606 docere
714 3546 855 3607 conabor.
880 3547 958 3608 Peto
975 3560 1087 3620 autem,
1105 3547 1244 3618 ludices,
1251 3556 1316 3608 retu

152 3655 281 3713 aequam
298 3645 329 3691 et
345 3632 481 3704 iustam,
495 3644 531 3691 ιιι
547 3631 612 3712 pari
638 3630 850 3690 benevolentia
874 3644 1038 3712 utrumque
1056 3636 1196 3693 nostrum
1214 3630 1315 3694 audia

24 3718 40 3742 ’“
105 3727 107 3731 ’
144 3719 202 3780 tis..
233 3719 330 3797 idque
347 3738 410 3776 non
427 3717 527 3776 minus
553 3714 645 3777 vobis
659 3716 747 3776 etiam
772 3716 923 3796 proderit·
945 3737 1107 3797 namquo
1123 3717 1236 3778 certius
1246 3735 1315 3779 rem

136 3801 377 3886 cognoveritis,
386 3822 423 3860 eo
431 3801 558 3862 iustius
565 3814 596 3860 et
612 3801 749 3861 sanctius
762 3801 1010 3881 pronuntiabitis..
1024 3802 1193 3865 Ostendam
1206 3814 1316 3874 autem,

85 3896 87 3901 ’
128 3941 129 3944 .
149 3889 249 3952 istum
263 3909 326 3948 non
344 3887 437 3947 modo
457 3885 629 3950 confessum
648 3906 712 3948 esse
732 3886 778 3945 de
782 3885 893 3969 Milyae
911 3887 1062 3961 libertate,
1079 3885 1259 3963 sedidem
1250 3905 1315 3966 rpso

151 3974 231 4034 facto
251 3962 432 4045 declarasse,
454 3983 673 4052 praetereaque
689 3970 868 4033 certissimas
887 3971 1112 4051 quaestionum¹
1118 3949 1316 4052 probationes

59 4059 125 4121 23
153 4061 318 4141 recusasse,
335 4048 449 4136 n'eque
446 4056 614 4132 voluisse,
620 4068 656 4116 ut
672 4055 782 4117 veritas
800 4076 856 4135 per
874 4078 921 4116 eas
941 4057 1166 4131 osteaderetm,
1185 4057 1240 4119 sed
1257 4068 1319 4123 ter-⁷

27 4201 53 4209 ,,
82 4154 85 4159 ’
153 4143 344 4224 giversatom,
363 4155 404 4216 et,
421 4141 503 4215 salsis
520 4135 660 4202 testibus
666 4139 844 4221 productis,
851 4141 1033 4221 eloquentia
1038 4141 1158 4205 suarei.
1157 4141 1315 4240 veritatem

142 4224 352 4300 sulimatum,
374 4227 465 4291 tantis
485 4240 516 4289 et
532 4239 601 4287 tam
611 4224 803 4299 evidentibus
820 4225 1036 4309 argumentis,
1040 4238 1076 4286 ut
1087 4225 1184 4290 vobis
1204 4225 1316 4324 perspi

87 4367 91 4371 .
154 4332 245 4374 cunm
261 4308 399 4373 faturum
415 4310 469 4424 ιιι,
480 4312 629 4377 dostram
641 4309 809 4370 orationem
828 4332 893 4377 esse
910 4326 1026 4385 veram,
1030 4311 1144 4375 istum
1152 4312 1241 4379 nihil
1258 4308 1323 4372 sani.
