2722 4754
313 178 319 196 ¹
409 128 905 255 'onfsrroruuumrs.
1114 144 1245 231 'sss

31 324 33 328 ’
80 346 146 385 esse
166 324 225 385 diis
243 323 411 384 manibus
401 341 467 382 rnre
486 321 612 396 dixeris,
637 306 803 402 eademqne
821 342 887 381 esse
906 293 1098 394 cohditione,
1117 323 1179 398 qua
1192 341 1244 379 vo

79 423 161 470 teres
180 411 250 489 illos
269 409 367 468 bonos
387 421 417 467 et
434 418 619 488 praestantes
637 407 718 467 viros
737 408 769 466 in
788 407 896 466 Insulis
914 405 1084 467 fortunatis.
1102 403 1187 463 Nam
1205 424 1245 462 ne
1303 426 1305 430 ·

32 535 36 541 ,
80 496 119 556 de
139 495 198 555 illis
218 494 341 574 quidem
360 492 752 572 quisquam,qurs1derrt
770 488 843 551 haec
861 490 1061 551 renuntiant
1079 489 1247 573 sed,quos
1268 477 1329 545 396

79 581 217 639 viventes
244 577 334 637 huius
359 577 456 636 nostri
479 577 604 656 superni
622 576 703 635 orbis
722 534 882 656 dignamur
898 575 1082 648 honoribus,
1102 589 1160 634 eos
1184 565 1247 634 illic

33 728 49 739 Η
72 653 172 724 etiam
192 663 323 743 quodam
342 660 435 732 animi
452 662 607 743 praesagio
632 660 806 732 consimiles
826 661 959 720 honores
978 659 1102 740 adipisci
1119 659 1246 720 arbitra·
1294 690 1299 701 ι

60 771 157 808 ‘mun
192 747 264 807 Ae
256 759 342 805 rstam
362 746 504 805 oratione
517 747 616 805 levare
633 743 855 818 moestitiam,
865 744 959 804 estid
978 744 1101 823 quidem
1118 745 1246 809 sortasse

79 832 222 893 difficile:
246 831 418 891 faciundum
437 845 537 891 tamen
555 831 723 910 perieulum
742 842 802 903 est,
827 842 857 889 et
874 829 990 889 animus
1010 830 1047 888 ad
1065 829 1245 890 iucundiora
1295 858 1297 864 ι
1332 843 1335 854 ’

78 918 292 978 traducendus.
315 916 422 974 sales
423 915 502 974 enim
522 915 602 975 viros
622 916 675 994 qui
692 927 873 996 genuerunt,
893 927 923 980 et
942 929 957 975 'e
976 910 1086 972 talibus
1104 914 1196 972 aliis
1187 913 1246 994 rpsi
1292 932 1294 940 ¹
1315 960 1326 985 ι

81 1004 142 1062 orti
161 1015 248 1074 sunt,
279 1021 331 1078 eos
350 1001 536 1079 praecissum
555 1014 600 1059 est
618 1001 755 1059 aduersas
773 1017 821 1058 res
840 998 994 1078 pulchrius
1013 999 1137 1058 caeteris
1136 1019 1246 1087 posse

74 1087 178 1160 ferre,
202 1087 281 1145 etin
299 1096 427 1163 utraque
446 1085 567 1144 fortuna
575 1085 671 1147 vultu
690 1086 796 1143 eodem
817 1083 959 1164 conspici.
994 1084 1080 1158 Quae
1099 1078 1246 1143 cumillis

31 1200 36 1207 ·
79 1172 210 1254 marimo
230 1180 260 1229 et
279 1170 390 1229 honori
407 1170 522 1230 suerint
540 1183 571 1229 et
589 1179 791 1228 ornamento:
801 1181 867 1228 tum
885 1168 944 1228 toti
963 1167 1075 1227 civitati
1086 1180 1125 1249 et
1141 1189 1246 1227 vrven
1287 1211 1290 1216 ·

78 1255 163 1316 tibus
188 1248 343 1314 maximam
368 1254 536 1313 attulerunt
559 1253 772 1314 celebritatem.
809 1254 909 1312 Grave
934 1266 980 1312 est
1002 1253 1088 1311 matri
1114 1264 1144 1311 et
1167 1251 1245 1331 patri
1280 1312 1283 1316 „

80 1340 182 1400 orbari
201 1336 337 1410 liberis,'
346 1351 377 1397 et
401 1337 674 1398 coniunctissimis
681 1358 752 1397 suae
771 1333 935 1397 senectutis
954 1337 1063 1435 privari
1055 1336 1246 1396 altoribus·
1314 1373 1316 1376 -

68 1427 148 1485 'sed
147 1425 343 1504 praeclarum
370 1436 433 1496 est,
464 1423 597 1482 honores
623 1424 808 1503 praecipuos
825 1434 856 1480 et
879 1420 1100 1481 monimentum
1122 1420 1244 1480 virtutis

79 1510 210 1568 eosdem
228 1508 348 1588 publice
372 1509 498 1585 adeptos
518 1508 709 1587 conspicere,
735 1506 886 1586 sacrisque
912 1519 958 1565 et.
965 1503 1179 1570 certaminibus
1198 1504 1245 1577 di-

78 1607 187 1676 gnatos
216 1591 459 1651 immortalibus.
464 1592 642 1650 Molestum
673 1603 718 1650 est
746 1590 849 1650 liberis
878 1590 1011 1649 amisisse
1039 1601 1155 1690 patres:
1190 1591 1263 1650 sed·
1290 1657 1295 1663 J

78 1677 264 1758 praeclarum
284 1689 339 1748 est,
358 1687 499 1754 paternae
518 1697 665 1772 consean
657 1675 797 1757 gloriae
816 1671 1022 1760 hereditatem.
1040 1673 1085 1733 Ac
1103 1664 1244 1737 tristitiae
1269 1664 1276 1749 '4

51 1762 203 1841 ”quidem
222 1759 311 1818 huius
330 1757 482 1819 fortunam
509 1781 574 1819 esse
592 1767 711 1823 causam
728 1760 930 1843 reperiemus,
965 1781 1014 1818 eur
1006 1756 1171 1818 homines
1191 1780 1244 1819 na-

31 1858 128 1910 'ptos
154 1847 261 1905 cedore
287 1866 320 1902 ae
345 1864 449 1924 parere
476 1865 600 1905 necesse
626 1858 686 1904 est:
712 1858 742 1904 at
765 1844 906 1904 honoris
913 1857 948 1905 et
965 1843 1102 1916 decoris,
1128 1865 1247 1920 eorum,
1319 1917 1320 1921 ἵ

80 1952 135 2009 qur
125 1929 280 1988 honeste
299 1942 443 2009 oppetere
461 1929 663 2001 voluerunt,
654 1929 835 1989 institutum.
840 1928 932 1987 Mihi
947 1928 1070 2011 quidem
1086 1949 1149 1988 non
1165 1927 1244 1987 mul·
1305 1965 1307 1968 <

78 2026 120 2086 ta,
138 2014 192 2072 sed
210 2035 278 2085 vera
291 2014 398 2072 dicere
416 2014 609 2094 propositum
622 2013 699 2096 ¹suit:
727 2035 782 2074 vos
800 2027 910 2113 autem,
924 2013 1017 2081 finito
1035 2012 1130 2088 luctu,
1147 2024 1183 2073 ut
1199 2012 1244 2073 sas
1313 2005 1316 2014 ¹

77 2097 188 2177 iusque
208 2111 269 2170 est,
286 2097 440 2157 abitote

188 2462 568 2618 ''onsrro
620 2470 1138 2626 sunnonis.»

709 2776 713 2831 l

78 2829 171 2940 Age,
199 2877 270 2938 age,
290 2855 432 2936 qnoniam
451 2857 632 2931 audireris,
651 2859 808 2918 ostendam
826 2855 882 2916 tibi
901 2856 1070 2938 orationem
1088 2869 1119 2917 et
1136 2858 1242 2941 legam.

66 2944 139 3023 'fied
159 2942 320 3016 consilium
338 2940 395 3000 tibi
414 2953 460 3001 est
486 2942 623 3022 inprimis
648 2942 879 3024 intelligendum
898 2941 982 3015 eius,
1009 2942 1061 3020 qui
1079 2943 1241 3014 hancara-

78 3029 195 3089 tionem
221 3027 399 3106 composuit
430 3027 461 3085 ls
480 3026 667 3107 Epicratem,
692 3045 782 3106 quem
808 3027 888 3086 inter
910 3025 1022 3086 multos
1041 3027 1241 3088 etsormosos

62 3127 112 3184 fet
129 3112 238 3170 bonae
251 3111 363 3170 indolis
388 3111 603 3180 adolescentes
620 3125 741 3188 nostrae
764 3111 847 3170 urbis
867 3132 934 3170 esse
959 3110 1195 3185 suavissimum,
1211 3124 1242 3172 et
1268 3168 1273 3171 .
1324 3146 1325 3151 ι

78 3195 280 3276 aequalibus
272 3194 397 3278 ingenio
414 3197 517 3278 magis,
536 3218 624 3276 quarn
638 3198 751 3270 forma,
769 3196 949 3264 antecellere
967 3195 1101 3274 putabat,
1119 3196 1241 3256 laudare

78 3281 219 3357 instituit.
254 3277 328 3339 Cum
348 3282 451 3346 autenr'
466 3281 608 3356 videret,
626 3280 769 3342 amatoria
792 3281 901 3360 scripta
918 3279 1101 3379 pleraque''
1080 3303 1137 3353 us,
1164 3301 1241 3359 quos

79 3353 284 3437 celebrarent,
310 3376 346 3423 ut
350 3364 494 3446 ingenue
514 3365 659 3440 dicam,
650 3365 854 3453 ignominiosa
871 3365 974 3445 potius
993 3384 1058 3424 esse
1078 3387 1166 3444 quam
1184 3362 1241 3424 ho·-
1285 3412 1291 3417 .

79 3451 221 3533 norifiea:
240 3450 269 3508 id
290 3470 328 3509 ne
346 3436 405 3508 sibi
422 3473 480 3509 usu
498 3450 630 3524 veniret,
656 3452 750 3524 cavit,
775 3449 920 3529 et.qnod
926 3469 958 3508 se
977 3448 1078 3508 animo
1097 3470 1153 3508 suo
1172 3471 1241 3530 per-

31 3535 33 3538 ’
79 3557 199 3596 suasum
226 3534 336 3594 habere
359 3534 482 3608 asserit,
507 3535 588 3596 idem
613 3535 702 3613 etiarn
727 3534 863 3616 scripsit,
885 3532 1050 3616 amatorem
1073 3535 1241 3617 ingenuum
1264 3543 1325 3620 397

71 3641 181 3700 neque
197 3619 347 3679 facturum
365 3631 454 3699 turpe
472 3619 642 3700 quicquam,
660 3639 759 3701 nequtr
774 3610 954 3709 petiturum.
988 3619 1106 3692 Quod
1095 3621 1214 3701 igitur
1208 3620 1240 3679 in
1304 3688 1310 3712 ¹

80 3705 220 3764 oratione
238 3703 366 3762 maxime
382 3704 562 3764 amatorium
582 3706 812 3786 deprehendas,-
831 3703 894 3774 id'
885 3726 917 3761 ιιι
935 3695 1011 3765 boe
1008 3714 1124 3784 genere
1142 3726 1242 3771 versa-

57 3802 144 3848 ttnr:
149 3789 284 3886 'reliqua
302 3789 409 3868 partim
421 3785 492 3847 ad
483 3791 577 3872 rpsius
602 3790 801 3850 adolescentis
827 3787 1120 3848 commendationem
1147 3788 1242 3870 perti-
1325 3789 1328 3793 ⁴

77 3887 164 3947 nent,
182 3872 290 3956 partim
307 3874 345 3932 de
363 3873 537 3934 liberalibus
556 3869 722 3954 disciplinis
739 3875 877 3974 vitaeque
895 3891 1014 3956 genere
1026 3874 1241 3935 constituendo

34 4031 38 4045 Ι
78 3959 275 4038 praecipiunt.
309 3958 392 4016 Haec
409 3971 508 4017 autem
527 3961 628 4019 omnia
645 3960 688 4019 sic
705 3959 814 4039 scripta
832 3971 919 4030 sont,
938 3957 1218 4057 quemadmodum
1209 3980 1252 4028 sn,
1301 3959 1307 3970 “

49 4042 266 4105 »monimenta
284 4042 438 4123 literarum
456 4037 563 4104 referii
581 4040 688 4106 solent
723 4045 798 4102 Nam
817 4057 852 4102 ut
879 4044 1049 4116 orationes,
1075 4065 1151 4143 qnae
1169 4062 1241 4124 pro-.
1280 4095 1285 4099 .

78 4128 277 4200 nuntiantur,
295 4112 426 4221 simplici
443 4141 473 4187 et
497 4123 693 4208 extemporali
721 4127 885 4191 sermonis.
883 4148 1007 4213 genere
1034 4128 1097 4187 texi
1119 4127 1242 4229 debent,
1267 4173 1269 4179 .

77 4213 129 4285 ita,
148 4235 222 4293 quas
240 4213 277 4271 ad
294 4225 487 4292 posterorum
504 4214 663 4314 pervenire
680 4213 857 4274 memoriam
872 4206 965 4286 ¹velis,
983 4213 1130 4292 poematis
1147 4213 1259 4283 instar<

75 4297 243 4359 elaboratas
263 4308 294 4358 et
311 4297 492 4378 exquisitum
510 4299 542 4358 in
555 4300 685 4359 modum
701 4299 871 4383 perpolitae
884 4298 1068 4360 esse-deceta*
1081 4297 1241 4372 illese—nim
