2722 4754
121 167 198 253 ’111
286 138 295 174 ”
417 147 1010 296 11111111111111111
1104 207 1106 212 -

84 362 87 365 ’
133 311 224 406 rent.
234 315 319 405 tum·
329 362 387 403 nec
405 339 465 401 iter
482 290 681 416 accelerare,
694 364 753 404 nec
776 327 931 444 navigare
935 339 968 400 in
991 305 1130 421 mentem
1150 339 1195 400 eis
1214 314 1335 397 venit.

55 428 56 431 ’
77 465 86 492 1.
132 426 199 490 Gur
221 427 366 490 taudem?
401 423 486 501 Quia
507 439 608 489 turne
634 448 667 488 re
686 425 837 509 Philippi
844 440 926 499 1111,
951 445 1056 507 pacem
1081 423 1314 524 quamprimum

135 514 276 577 1111111
296 532 369 572 vero
381 523 535 593 tempore,
552 533 668 575 moram
687 535 776 592 quam
793 505 1030 595 longissimam
1020 509 1188 590 mterpoui,
1206 506 1314 589 prius-
1335 535 1347 541 ·

137 618 228 680 quam
246 597 456 658 iusiurandum
474 597 668 682 exigeretur.
686 598 747 658 Sed
765 611 801 660 ut
818 597 1029 667 1111111111
1047 619 1064 659 1
1083 616 1132 656 me
1151 594 1213 655 dici
1233 613 1315 654 con

137 695 213 757 1111,
224 680 315 763 etiam
331 680 392 743 hoc
409 703 482 765 cape
497 682 716 793 testimouium.
1021 717 1024 720 -
1142 697 1148 711 ·

442 871 445 874 ’
514 856 1009 965 rusrr‘uou1uu;'‘>

88 1078 93 1086 ,
221 1025 301 1088 An'
291 1027 386 1112 egitur
401 1026 469 1087 lieri
485 1016 603 1109 potest,
626 1037 662 1090 ut
678 1024 734 1088 ulli
751 1027 890 1089 homines
908 1024 1040 1111 magis
1011 1027 1162 1089 convinci
1179 1006 1313 1107 possint,

51 1165 54 1171 .
122 1133 171 1196 ,pse
190 1114 291 1174 omnia
309 1133 365 1194 pro
380 1112 524 1193 Philippo
543 1135 648 1196 agere,
667 1129 756 1198 quam
775 1114 879 1194 quiin
898 1115 1033 1174 eodem'
1024 1115 1145 1194 itinere,
1157 1133 1234 1173 cum
1252 1127 1314 1190 pro

50 1197 54 1250 Ῑ
137 1192 224 1258 vohis
243 1198 447 1259 festinandum
467 1202 563 1276 esset,
589 1201 801 1260 desederuntz·
814 1202 882 1259 etim
900 1214 973 1260 vero
991 1219 1054 1259 non
1074 1187 1214 1258 eundum
1228 1206 1313 1272 esset

138 1295 209 1343 ante
236 1281 441 1344 caduceatoris
458 1283 613 1358 reditum,
638 1285 842 1346 festinarunt?
859 1286 940 1360 Quo
963 1285 1059 1366 igitur
1080 1294 1221 1363 tempore
1246 1266 1312 1339 illic

138 1366 250 1438 luimus
277 1382 308 1429 11
328 1366 448 1427 Pellae
448 1327 648 1444 desedimus,
678 1369 884 1444 considerate,
906 1370 987 1450 quid
1013 1369 1142 1449 quisquc
1168 1377 1310 1427 nostrum

137 1451 264 1512 111111
254 1452 428 1525 instituerit.
472 1453 539 1536 Ego
565 1455 697 1535 captivos
721 1453 870 1515 redimere
895 1468 926 1514 et
944 1475 1106 1534 quaerere,
1134 1466 1164 1512 et
1183 1446 1231 1511 de
1239 1454 1312 1510 theb

83 1583 97 1608 .,
138 1538 298 1638 pecuniam
316 1540 474 1614 insumere
489 1551 520 1598 et
537 1561 552 1600 1
572 1540 715 1621 Philippo
732 1554 866 1622 petere,
879 1552 915 1599 ut
932 1539 1128 1621 hospitalium
1147 1552 1310 1597 munerum

45 1689 48 1692 ,
122 1621 222 1711 Ι1111,
249 1645 325 1703 quae
344 1608 487 1683 nobisl
452 1624 619 1698 1111111111,
644 1626 715 1686 illos
738 1626 848 1684 missos
871 1626 991 1685 faceret
1035 1627 1094 1684 Iste
1114 1636 1216 1683 autem
1235 1613 1312 1700 quid

138 1719 288 1788 perpetuo
306 1708 447 1782 feeerit,
456 1710 556 1770 statim
575 1711 712 1770 audietis.
733 1705 867 1784 Quid
858 1709 957 1792 igitur
968 1710 1045 1769 illud
1064 1709 1148 1769 erat?
1177 1704 1312 1766 111111.

46 1813 48 1826 ·
138 1791 240 1871 lippus
259 1793 463 1854 commu-niter
479 1795 638 1875 pecuniam
657 1794 745 1855 nobis
764 1785 933 1876 largiretur
960 1797 1017 1854 Ut
1040 1808 1139 1853 autem
1158 1811 1216 1851 nec
1234 1790 1311 1850 ttlud

122 1875 298 1976 ignoretis,
318 1879 370 1938 tlte
389 1899 445 1948 nos
463 1879 649 1960 periclitatus
670 1892 716 1939 est
734 1901 850 1952 omnes,
860 1880 919 1939 ad
923 1873 1060 1962 singulos
1074 1877 1219 1959 privatim
1237 1875 1311 1935 mis-

123 1958 233 2022 'srtans
252 1977 283 2025 et
301 1964 429 2031 multum
448 1985 519 2024 sane
537 1987 603 2024 aurs
593 1965 762 2025 'offerens
792 1967 834 2024 Ut
851 1977 951 2024 autem
969 1966 1079 2024 frustra
1098 1961 1312 2044 experiebatur
1343 1967 1345 1970 ⁴

93 2033 355 2130 quemcunque
374 2049 489 2133 (neque
508 2051 589 2110 enim
608 2048 712 2110 deme
728 2051 794 2130 ipso
815 2030 889 2107 mihi
907 2048 1069 2109 dicendum
1089 2061 1144 2121 est,
1162 2049 1227 2107 sed
1235 2047 1333 2106 lacta'

56 2126 119 2191 250
143 2146 244 2197 etrus
270 2134 352 2215 ipsae
376 2133 602 2223 declarabunt),
622 2118 831 2195 communiter
848 2134 945 2193 datam
969 2134 1128 2215 pecuniam
1150 2133 1312 2220 universos

140 2218 275 2299 putabat
283 2221 384 2280 statim
402 2232 516 2280 temere
534 2233 734 2320 accepturos·
764 2241 816 2279 eos
834 2219 929 2300 igitur
946 2219 977 2278 in
999 2232 1066 2280 tuto
1085 2220 1169 2291 sore,
1207 2217 1260 2298 qui
1279 2236 1314 2276 11

115 2330 124 2362 2
140 2304 280 2385 privatim
298 2303 524 2382 vendidissent,
551 2328 577 2364 sr
568 2304 642 2365 'vel
660 2304 819 2372 minimum
838 2305 1041 2369 communiter
1059 2305 1144 2364 datae
1163 2301 1313 2383 pecuniae

109 2402 117 2431 ³
141 2385 368 2478 accepissemus
378 2391 431 2449 Eo
451 2389 598 2450 11111111.·
594 2389 772 2471 huspjitalia
790 2402 891 2450 autem
907 2409 1032 2471 munera
1050 2388 1312 2489 praetexebantur
1338 2449 1342 2455 ,

141 2477 191 2536 Ut
201 2488 302 2535 autem
321 2496 379 2558 ego
398 2474 552 2556 prohibui,
565 2496 683 2534 wrursus
697 2476 748 2535 isti
767 2473 832 2535 de‘
823 2485 944 2556 integro
962 2475 1044 2536 inter
1060 2494 1092 2534 11
1111 2473 1216 2555 partiti
1234 2483 1313 2533 sunt

144 2555 221 2620 Cum
239 2580 312 2620 vero
330 2573 466 2641 peterem
489 2581 505 2618 a
530 2560 693 2640 Philippo,
719 2573 754 2620 ut
778 2580 842 2618 eam
867 2560 1027 2647 pecuniam
1051 2560 1083 2619 in
1102 2559 1238 2639 captivos
1257 2557 1313 2616 im-

143 2645 308 2726 penderet,
324 2667 428 2725 neque
448 2658 654 2744 opportunum
672 2645 718 2706 illi
735 2644 820 2706 suit
811 2657 885 2709 istos
904 2647 1049 2725 prodere,
1068 2656 1122 2721 aut
1140 2643 1257 2716 dicere,
1275 2642 1311 2701 il-

63 2747 72 2767 *
128 2738 132 2812 J
142 2731 219 2791 lum
224 2731 272 2790 vel
290 2729 376 2790 illum
394 2729 564 2812 accepisse,
581 2750 693 2817 neque
690 2731 867 2810 impensam
884 2730 1007 2831 fsprgere
1026 2732 1079 2791 sed
1099 2714 1207 2801 elusit,
1225 2749 1258 2788 se
1276 2727 1313 2786 ad

90 2822 96 2828 ’
143 2814 358 2878 Panathenaea
371 2815 439 2876 illos
457 2815 639 2877 amissurum
656 2816 819 2895 pollicitus.
863 2815 1000 2877 Recita‘
991 2817 1085 2898 agitur
1101 2812 1310 2919 testimouium

130 2899 383 2982 Apollophanis,
402 2899 513 2962 deinde
530 2900 675 3014 aliorum,
693 2922 757 2981 qus
737 2895 934 3011 adfuerunt.

524 3123 936 3171 TESTIMONIUM

187 3244 313 3346 Age,
344 3244 432 3325 uobis
460 3262 606 3328 exponam
636 3248 744 3320 etiam,¹
776 3259 864 3326 quot
876 3246 941 3327 ipse
957 3245 1100 3328 captivos
1125 3232 1314 3305 redemerim.

83 3363 104 3416 1·
145 3332 227 3390 Dum
250 3331 332 3393 enim
356 3340 425 3390 ante
449 3333 579 3391 reditum
597 3331 743 3413 Philippi
749 3331 849 3391 Pellae
869 3331 1161 3411 commorabamur,
1173 3312 1315 3392 nonnulli

130 3413 353 3514 ,captivorum3
382 3438 435 3496 qur
426 3415 541 3477 'vades
560 3419 722 3497 dederant,
752 3416 944 3491 diffidentes,
972 3429 1008 3477 ut
1023 3399 1100 3475 inihi
1119 3415 1271 3487 videtur,
1285 3433 1318 3474 se

145 3511 217 3602 post
234 3521 251 3560 1
269 3499 410 3582 Philippo
430 3502 487 3562 id
478 3516 710 3584 tmpetraturos,
728 3501 880 3575 dixerunt,
898 3522 935 3562 se
948 3501 1026 3562 velle
1046 3501 1228 3582 semetipsos
1247 3498 1317 3557 red-

146 3586 258 3659 imere,
284 3596 388 3664 neque
410 3587 454 3650 id
461 3586 643 3648 beneficium
668 3594 824 3668 acceptum
837 3586 984 3688 Philippo
1008 3587 1184 3659 relaturos,
1201 3597 1232 3644 11
1250 3605 1318 3642 mu·

49 3680 51 3683 ’
139 3682 210 3732 tuo
221 3685 412 3746 sumserunt,
430 3672 506 3749 alius
524 3685 585 3731 tres
604 3672 717 3746 minas,
735 3673 820 3732 alius
830 3673 983 3751 quinque,
1002 3672 1078 3731 alius
1096 3683 1189 3752 prout
1208 3669 1320 3748 cuique

59 3790 62 3796 ·
148 3754 340 3816 conditiones
360 3768 453 3818 erant
459 3757 645 3839 propositae.
680 3758 845 3848 Postquam
866 3769 967 3816 autem
985 3757 1143 3858 thilippus
1163 3754 1333 3837 pollicitus!

62 3910 67 3916 ‚
147 3839 240 3916 fuit,
241 3858 273 3903 se
293 3834 428 3903 caeteros
446 3843 554 3903 missos
573 3844 739 3904 facturum:
764 3863 838 3925 ego,
857 3842 1031 3903 convocatis
1049 3841 1102 3914 iis,
1122 3841 1233 3920 quibus
1252 3861 1320 3899 mu·
1354 3864 1357 3869 ·

147 3939 230 3988 tuam
248 3927 407 4008 pecuniam·
425 3927 490 4009 ipse
506 3925 665 4001 dederam,
691 3941 733 3990 11
738 3935 876 3988 actorum
894 3927 1170 4001 commonefactis,.
1176 3946 1216 3985 ne
1234 3935 1320 3985 suam

47 4083 49 4086 ,
149 4011 207 4072 sibi
224 4011 466 4089 festinatlpnem
470 4013 568 4074 fraudi
586 4013 679 4074 fuisse
697 4025 876 4095 putarent,
892 4031 968 4073 neve
990 4012 1053 4073 suis
1079 4007 1230 4072 sumtibus
1249 4010 1319 4069 red-

49 4117 67 4136 -·
115 4110 128 4125 ’
150 4098 319 4158 imeretitur
336 4100 444 4158 tendes
453 4097 615 4172 homines,
640 4121 709 4159 cum
727 4111 794 4180 spes
813 4110 908 4171 esset,
932 4077 1010 4172 1111,
1027 4111 1064 4157 ut
1081 4097 1192 4159 caeteri
1212 4117 1228 4156 a
1246 4095 1319 4155 Phi-

150 4182 233 4285 lippo
254 4181 496 4245 dimitterentur:
516 4185 598 4244 dono
618 4183 687 4243 dedi
705 4183 835 4264 pretium
853 4183 1059 4269 redemtionis.
1076 4184 1178 4258 Quae
1197 4194 1232 4242 ut
1249 4201 1318 4240 vere

72 4288 78 4301 ²
151 4290 165 4328 a
179 4276 238 4373 me
254 4266 317 4373 dici
333 4271 478 4386 constet,
487 4269 580 4369 recita
599 4279 630 4330 et
647 4268 722 4345 haec
735 4266 917 4375 testimonia.
