2722 4754
579 40 649 83 ,s

268 147 284 175 ²
346 138 608 270 ‘sconsum
634 128 897 239 ‘cononum
1019 143 1040 255 j.
1169 182 1228 239 sm
1265 199 1268 206 ι

55 350 122 396 tem
148 335 225 394 adeo
249 354 319 394 non.
347 334 482 394 deterret
510 343 563 392 aut
587 328 749 412 prohibet,
783 331 917 412 ut-ipse
931 329 993 388 dux
1017 338 1046 387 et
1071 334 1178 398 auctor
1199 331 1256 382 et'

58 421 208 482 omnium·
224 419 458 481 uecordissimus
476 416 531 476 sit:
558 405 695 495 quo‘iste
713 408 808 498 digno
825 415 912 477 lactis
930 413 1004 473 suis·
1018 408 1168 493 supplicio
1185 405 1230 466 af-

57 507 201 566 ficietur?
237 504 405 584 Equidem,
430 502 455 562 si
472 501 687 573 interficiatur,
712 500 849 562 nondum
867 500 961 577 iustas
979 499 1098 558 dedisse
1116 512 1229 577 poenas
1247 508 1249 513 ’

61 592 211 652 existimo.
229 589 351 648 Etenim
370 586 489 655 si‘nihil
507 587 572 667 ipse
591 584 800 658 commisisset,
817 584 883 657 sed,
900 585 926 644 si
941 589 986 642 eo'
1001 585 1137 659 adstante
1157 574 1232 637 Cte-·

52 679 137 749 sias,
156 675 236 751 filius
256 674 336 747 eius,
347 694 409 746 ·ea,
430 667 506 752 quae
524 669 606 730 nunc
622 669 710 743 fecit,
737 670 1038 752 designassetfeum
1055 670 1142 735 iusto,
1155 661 1232 726 odio

58 750 332 844 prosequeremini.
368 752 400 816 si
420 757 500 816 enim
519 756 562 816 sic
581 756 739 815 educasset
755 754 835 815 filios
854 777 943 827 suos,
960 753 1044 828 utin
1063 759 1229 828 conspectu

63 848 129 907 eius
158 846 347 904 committere
373 838 407 902 e'a
433 840 624 922 praesertim,
657 860 788 918 quorum
817 839 964 899 nonnulla
991 837 1088 919 capite
1115 832 1228 920 sancita
1264 841 1292 921 ’Χ

63 945 146 1005 sunt,
165 944 264 1008 neque
283 927 441 998 timerent,
459 946 559 1005 neque
579 925 809 984 erubescerent:
829 947 919 1004 quam
936 925 1065 1005 poenam
1083 944 1146 982 non
1165 939 1229 976 me-

62 1018 162 1076 ruisse
181 1013 375 1074 existimatis?
405 1011 577 1094 ‘Egoenim
595 1010 667 1069 inde
684 1009 814 1091 colligo,
832 1031 871 1069 ne
888 1010 981 1069 istum
999 1009 1122 1088 quidem
1141 1025 1229 1064 suurn
1320 1048 1322 1053 ,

64 1101 195 1162 coluisse
214 1111 345 1178 patrem:
368 1119 440 1156 nam
459 1096 485 1154 si
502 1117 572 1155 eum
590 1096 656 1177 ipse
682 1096 826 1154 coluisset
845 1115 878 1154 ae
901 1093 1073 1165 metuisset,
1100 1092 1180 1151 idem
1200 1101 1230 1147 et
1277 1135 1296 1145 ..

64 1188 101 1247 ab
120 1186 185 1244 istis
204 1182 375 1250 sibitrihui
391 1181 566 1262 postularet.
584 1177 665 1261 Cape
681 1181 781 1262 legem
795 1180 838 1238 de'
847 1178 1041 1251 contumelia,
1059 1190 1089 1238 et
1106 1177 1230 1236 alteram
1245 1201 1250 1211 ·
1289 1182 1311 1258 ῃ·

64 1267 362 1352 degrassatoribus:
394 1267 467 1326 istos
494 1267 574 1326 enirn
603 1266 635 1324 in
660 1265 765 1358 haruin
789 1277 949 1343 utramque
974 1260 1162 1325 commisisse
1186 1258 1233 1318 vi·
1334 1298 1336 1314 1

64 1356 183 1416 debitis.
311 1359 316 1366 ‘
1110 1352 1116 1359 '

512 1501 734 1544 ‚anons
1015 1482 1016 1487 ’
1091 1480 1132 1510 ““
1209 1557 1211 1563 Ι
1253 1498 1315 1556 fflq

152 1608 207 1667 His
226 1606 346 1688 legibus
371 1606 509 1684 utrisque
529 1600 639 1662 Conon
664 1603 726 1663 suis
752 1603 817 1664 istis
841 1604 938 1678 factis,
952 1618 1089 1668 tenetur:
1115 1618 1236 1681 namet

64 1693 281 1753 contumeliam
300 1691 372 1750 fecit
390 1703 421 1749 et
438 1690 572 1756 vestibus
590 1688 737 1768 spoliavit
771 1690 854 1763 Quas
872 1690 898 1750 si
916 1692 948 1750 in
965 1693 1147 1755 ulciscendis
1166 1694 1231 1754 istis

64 1799 212 1859 usurpare
231 1775 402 1836 noluimus:
421 1788 525 1835 et-nos
544 1770 682 1833 ho'miues
701 1774 797 1854 quieti
814 1770 1007 1857 modestique
1024 1779 1232 1839 viderisdehe-

15 1932 21 1940 ⁶
67 1887 153 1941 mos,
178 1864 209 1922 et
225 1862 283 1921 iste
302 1881 397 1940 aeque
415 1859 580 1943 improbus.
615 1858 735 1933 Quodsi
752 1859 827 1938 quid
844 1861 1109 1925 mihi-accidisset:
1134 1863 1232 1940 caedis
1286 1887 1287 1893 ¹

66 1962 99 2008 et
110 1947 355 2030 'gravissimarum
374 1966 538 2026 poenarum
557 1957 638 2005 esset
653 1965 735 2004 reus
762 1940 948 2006 Brauroniae
967 1962 1053 2008 certe·
1066 1949 1232 2009 sacerdotis

65 2044 193 2114 patrem,
212 2033 274 2111 qui,
292 2044 327 2091 ut
344 2031 533 2113 inpconsesso
552 2029 624 2103 luit,
637 2029 702 2110 ipse
720 2030 913 2101 intersectum
931 2053 995 2093 non
1011 2034 1160 2117 attigerat,
1177 2031 1231 2094 sed
1260 2082 1263 2103 ,

23 2118 26 2122 ’
65 2117 294 2178 interfectorem
314 2114 487 2175 cohortatus
505 2116 619 2187 suerat,
643 2126 678 2173 ut
695 2115 958 2188 caederet,'eiecit
975 2118 1007 2177 in
1027 2119 1164 2187 exsilium
1183 2140 1232 2178 sc-

66 2214 155 2263 natus
174 2223 210 2260 ex
227 2200 404 2280 Areopagoe
422 2198 555 2258 merito.⁴
575 2198 607 2256 Si
626 2199 707 2258 enim
725 2199 757 2272 ii,
776 2200 829 2279 qui
845 2201 966 2274 adsunt,
982 2204 1060 2263 adeo
1077 2224 1141 2263 non
1158 2223 1232 2284 pro-

66 2287 175 2347 hibent
193 2306 262 2358 eos,
274 2285 334 2363 ,qui
351 2284 398 2342 vel
416 2302 472 2364 per
489 2282 681 2356 ebrietatem,
707 2285 756 2343 vel
774 2306 811 2344 ex
827 2284 998 2360 iracundia,
1017 2289 1065 2348 vel
1083 2289 1139 2348 alia
1157 2310 1232 2368 qua·
1276 2277 1280 2291 ’

67 2373 148 2453 piam
167 2370 203 2429 de
223 2391 309 2428 causa
327 2368 451 2448 peccare
469 2367 650 2439 instituunt,
667 2380 702 2426 ut
720 2368 778 2448 ipsi
797 2369 885 2429 etiarn
903 2371 1045 2433 incitent:
1059 2373 1145 2447 ¹nulla
1164 2379 1233 2454 spes

68 2455 173 2517 salutis
192 2465 331 2534 superest
349 2453 394 2524 ei,
413 2452 465 2533 qui
483 2453 520 2511 iri
534 2451 672 2511 homines
690 2453 861 2533 petulantes
878 2455 1029 2530 inciderit,
1047 2458 1100 2519 sed
1117 2456 1235 2518 tamdiu
1330 2452 1335 2463 ’

70 2563 176 2601 eorum
193 2540 314 2601 ferenda
333 2537 513 2618 protervitas
532 2537 599 2608 erit,
617 2538 689 2596 durn
706 2537 764 2619 ipsi
779 2538 1046 2621 defatigenturzid
1061 2544 1144 2622 quod
1157 2543 1233 2609 mihi
1242 2597 1247 2627 ¹

67 2625 183 2686 accidit.
218 2627 278 2683 lam
297 2622 389 2706 quid,
405 2623 473 2681 eum
492 2621 650 2681 arbitrium
667 2621 771 2698 fieret,
795 2624 930 2707 egerint,
956 2627 1042 2687 vohis
1060 2627 1234 2709 explicabot

30 2759 35 2763 .
69 2706 137 2770 nam
155 2708 203 2767 vel
221 2709 293 2767 inde
317 2700 446 2766 istorum
471 2707 668 2787 petulantiam
688 2709 899 2788 perspicietis.
920 2711 1026 2772 Noctis
1054 2714 1135 2773 enim
1153 2732 1232 2793 pene

67 2797 266 2875 intempestae
283 2805 400 2871 captato
418 2805 567 2872 tempore,
584 2811 685 2871 neque
702 2794 876 2855 testimonia
891 2795 995 2877 legere
1011 2791 1121 2877 neque
1132 2818 1233 2856 exem-

37 2950 43 2956 .
67 2882 116 2961 pla
135 2881 206 2939 dare
229 2877 405 2937 voluerunt:
421 2888 521 2956 'atque
547 2883 669 2950 eorum,
695 2877 748 2956 qui
766 2879 855 2938 nobis
874 2880 1016 2955 aderant,
1041 2883 1177 2973 singulos
1195 2882 1232 2941 ad

65 2987 149 3024 aram
167 2963 374 3035 adduxerunt,
400 2975 432 3022 et
448 2962 600 3034 iurarunt,
627 2974 658 3021 et
674 2962 848 3028 testimonia
872 2965 1075 3046 scripserunt,
1102 2966 1179 3027 nibil
1195 2967 1232 3026 ad
1267 2982 1272 2987 ·

68 3070 132 3108 rem
152 3048 336 3119 ¹attinentia,
362 3047 524 3119 sedhoius
550 3046 686 3130 generis:
711 3067 747 3106 ex
771 3049 930 3110 meretrice
956 3052 1015 3111 sibi
1040 3062 1144 3113 natum
1163 3073 1231 3111 eum

67 3156 209 3216 puerum,
226 3146 257 3192 et
273 3151 449 3213 perpessum
469 3153 534 3192 esse
552 3132 625 3192 haec
644 3144 675 3193 et
692 3127 773 3192 haec.
797 3136 897 3209 Quae,
911 3157 960 3195 me
979 3136 1165 3215 diusxfidius,
1183 3139 1233 3195 lu-

69 3220 163 3290 dices,
180 3239 280 3289 nemo,
299 3218 352 3297 qui
370 3212 481 3290 aderat,
499 3238 561 3277 non
581 3229 611 3277 et
627 3217 816 3296 vituperabat
835 3232 867 3279 et
882 3242 971 3302 aegre
989 3220 1117 3280 ferebat,
1137 3220 1233 3286 Deni-

69 3325 131 3384 que
149 3302 199 3361 isti
218 3302 307 3361 etiam
325 3302 383 3382 ipsi
395 3302 491 3363 'invisi
507 3301 627 3376 fiebant
663 3302 814 3377 Tandem,
835 3304 894 3363 iam
913 3306 1069 3388 defatigati
1087 3319 1118 3367 et
1135 3303 1234 3365 satiati

25 3458 28 3462 ,
67 3389 135 3449 istis
154 3387 296 3468 ineptiis,
313 3388 496 3466 profitentur
513 3385 657 3447 eludendi
673 3407 761 3447 causa
780 3401 811 3449 et
827 3410 883 3462 eo,
901 3412 941 3450 ne
959 3391 1060 3451 echini
1076 3380 1234 3473 signaren-

67 3476 129 3546 tur,
148 3472 353 3549 dederevelle
372 3493 404 3532 se
423 3493 535 3544 servos,
553 3471 670 3552 scriptis
684 3491 794 3532 eorum·
806 3475 998 3535 nominihust
1015 3489 1045 3537 et
1057 3497 1149 3548 nunc,
1166 3474 1234 3556 opi-

37 3559 42 3571 *
69 3581 138 3630 nor,
156 3558 212 3616 hac
230 3559 268 3617 de
285 3578 318 3616 re
337 3557 467 3637 plurima
483 3556 575 3617 verba
592 3555 700 3616 facturi
718 3570 797 3618 sunt
814 3559 881 3642 Ego
899 3561 1072 3623 verovobis
1092 3559 1233 3621 omnibus
1293 3603 1297 3614 .

68 3642 154 3704 illud
165 3643 418 3703 considerandum
445 3648 581 3716 censeo,-
597 3641 689 3717 istos,
714 3643 741 3702 si
758 3657 918 3724 propterea
945 3657 1176 3728 provocassent,
1198 3656 1235 3703 ut
1278 3670 1283 3679 ¹

70 3727 266 3809 quaestiones
284 3727 477 3800 haberentur,
495 3741 527 3788 et
544 3747 581 3787 eo
599 3726 665 3786 iure
682 3727 752 3787 freti
769 3728 913 3803 fuissent,
931 3752 1005 3805 non,
1022 3753 1090 3790 cum
1109 3730 1168 3790 iam
1186 3751 1234 3789 ar·

69 3814 151 3874 biter
166 3812 261 3872 ferret
278 3813 476 3892 sententiamp
486 3825 591 3885 noctu,
608 3832 677 3872 cum
694 3811 777 3873 nulla
794 3835 881 3875 causa
898 3815 1015 3895 reliqua
1034 3828 1123 3888 esset,
1140 3814 1234 3874 fuisse

47 3911 298 3981 provocaturos.
327 3898 391 3957 'Sed
409 3898 550 3978 primurn,
566 3909 636 3957 ante
653 3897 803 3958 actionem
817 3899 999 3977 institutam,
1017 3892 1088 3962 dum
1106 3920 1165 3983 ego
1184 3907 1261 3959 ae-.‘

38 3986 42 3991 “
69 3997 178 4067 grotus
196 3983 428 4055 decumbebam,
454 3979 648 4065 et,'ignarus
665 4004 704 4043 an
723 3992 865 4044 evasurus
883 4006 995 4059 essem,
1019 3988 1099 4068 apud
1118 4005 1234 4058 ornnes,

70 4068 125 4150 qui
137 4084 185 4127 me
197 4067 344 4141 visebant,
360 4068 535 4147 profitebar,
552 4067 643 4127 istum
655 4067 786 4148 primum
801 4069 977 4131 verberasse
990 4085 1021 4133 et
1036 4072 1234 4154 plurimarum
1266 4068 1275 4080 '

70 4153 338 4230 contumelias-nm,
352 4148 430 4231 ‘quas
447 4174 606 4235 perpessus
624 4153 932 4237 lucram-auctorem
950 4177 1031 4216 esse:
1049 4170 1113 4218 tum
1133 4154 1233 4216 statim

69 4239 175 4300 multis
193 4239 322 4301 testibus
339 4237 482 4299 adhibitis
495 4240 532 4300 ad
543 4239 634 4299 aedes
651 4237 755 4300 venire
773 4237 888 4314 debuit,
904 4253 969 4302 tum
985 4263 1088 4306 servos
1103 4242 1233 4313 tradere,
1259 4238 1265 4245 ’

68 4339 135 4386 tum
153 4323 272 4405 aliquos
297 4322 517 4406 exssllreopag'o⁸
538 4321 707 4421 arcesseret
730 4319 855 4385 sienim
880 4324 1039 4402 obiissem',
1063 4327 1143 4408 apud
1159 4325 1231 4393 illos
1252 4327 1339 4417 doh.

1179 4474 1191 4502 χ
1209 4480 1215 4493 s
