2722 4754
167 136 169 141 ’
305 122 318 139 ”
364 161 426 256 ou
461 161 621 251 rausa
656 161 958 261 nasamone
1079 142 1088 152 '
1136 239 1141 245 ,
1186 138 1246 230 ’aba

99 326 160 386 hanc
176 314 347 407 orationem
356 335 455 374 veram
472 335 537 376 esse
551 327 637 397 puto,
656 329 686 389 et
701 329 785 398 opto,
804 319 976 384 conservari
988 320 1095 383 urbem
1108 322 1243 385 nostram
1286 325 1292 336 “

100 405 237 475 divinitus,
262 413 293 462 et
311 401 536 483 quodammodo
564 402 701 463 existimo
722 416 751 462 et
769 403 813 463 s'ic
831 405 962 486 accipio,
988 426 1038 482 ca,
1063 430 1140 488 quae
1159 430 1247 468 nunc

37 496 46 513 ⁶
99 493 251 558 acciderunt
269 486 369 546 omnia
387 485 427 556 in
444 486 635 547 accusatione
655 485 725 561 hae,
748 489 869 566 ⁸divinae
895 491 1051 573 cuiusdam
1071 515 1144 576 erga
1161 515 1241 553 rem-

99 577 225 666 publicam
251 570 481 631 benevolentiae
507 571 627 655 signum
655 572 811 637 exstitisse.
854 575 950 655 quue
976 577 1019 637 sic
1045 571 1242 639 considerate.

101 671 199 731 Homo,
223 657 275 737 qui
298 656 393 729 multa
418 654 450 716 in
472 656 627 739 legatione
647 671 678 718 et
699 659 952 720 atrocia-scelera
978 662 1173 746 designavit,
1188 663 1241 744 qui
1263 689 1267 693 ’

100 744 243 837 provincias
268 741 409 815 tradidit,
436 741 468 800 in
488 742 598 821 quibus
617 745 691 825 deos
710 765 726 804 a
744 744 833 804 nobis
861 757 891 804 et
908 747 999 806 sociis
1018 749 1079 807 coli
1104 749 1250 824 decebat,-

100 829 238 924 ignominia
256 826 373 888 notavit
391 828 562 912 (luendam,
587 829 638 909 qui
658 830 722 892 eius
748 842 952 890 accusatorem
971 853 1003 890 se
1020 835 1159 912 profiteri
1177 857 1240 895 non

101 915 227 987 dubitavit
254 909 337 972 Cur?
360 912 490 994 Nejpsc
510 913 690 974 delictorum
709 936 834 976 suorum
851 915 984 991 veniam,
1004 929 1056 977 aut
1073 919 1164 979 ullam
1182 920 1260 981 nti-¹

55 1024 60 1028 “
101 999 266 1072 sericordiam
291 1005 538 1080 consequeretur.
582 999 643 1059 Sed
660 1001 764 1062 'etillo
791 1001 959 1063 accusando
979 1001 1010 1062 in
1028 1025 1077 1062 me
1095 1004 1239 1066 invehere

101 1087 221 1158 instituit,
248 1096 278 1144 et
295 1083 400 1143 rursus
418 1105 475 1165 pro
495 1084 643 1145 concione
668 1087 891 1157 accusationem
917 1087 993 1147 mihi
1010 1087 1165 1148 minitatus
1185 1090 1254 1162 est,
1278 1105 1280 1108 ’

103 1178 191 1242 eteius
206 1168 323 1253 generis
343 1168 406 1229 alia.
441 1170 669 1243 Quamobrem?
704 1173 745 1231 Ut
764 1172 876 1253 optima
896 1188 963 1232 eum
982 1172 1069 1248 venia
1086 1175 1167 1254 apud
1184 1197 1238 1234 vos
1251 1192 1264 1201 “
1284 1193 1286 1198 ’

102 1287 154 1349 ego,
168 1256 212 1340 qui
228 1254 341 1314 scelera
359 1254 445 1314 istius
466 1255 579 1335 optime
598 1257 670 1316 novi
689 1270 721 1316 et
734 1257 834 1316 omnia
853 1270 1005 1338 comperta
1024 1257 1133 1332 habeo,
1150 1254 1237 1319 accu·
1283 1273 1296 1298 '-

103 1368 182 1413 sarem
197 1339 277 1426 Quin
297 1338 386 1399 etiam
406 1362 472 1399 eum
493 1341 577 1401 omni
595 1341 746 1423 superiori
764 1355 901 1424 tempore
920 1343 1031 1418 iudicia
1053 1343 1187 1418 eluserit,
1204 1343 1237 1404 in

75 1453 77 1457 ’
103 1438 128 1496 id
142 1425 249 1494 coniecit
267 1447 334 1485 sese
353 1439 490 1505 tempus,
509 1425 541 1485 in
560 1438 647 1507 quo,
663 1427 689 1486 si
707 1449 770 1487 non
789 1427 828 1486 oh
847 1429 945 1502 aliud,
972 1428 1019 1489 vel
1037 1432 1163 1511 propter
1180 1429 1236 1489 im-

83 1514 215 1581 minentia
227 1511 369 1591 pericula,
388 1534 445 1572 nec
456 1512 582 1585 licitum,
600 1532 656 1573 nec
669 1526 769 1572 tutum
781 1511 867 1573 vobis
882 1525 937 1587 est,
955 1513 1046 1575 istum
1056 1513 1236 1595 ¹corruptum

98 1597 279 1688 largitionibus
292 1597 455 1657 absolvere.
475 1597 602 1679 Semper
617 1598 707 1671 enim,
725 1598 940 1673 Athenienses,
959 1594 1037 1659 odio
1046 1588 1253 1682 prosequenss

96 1691 124 1752 di
138 1693 194 1750 subt
210 1695 237 1742 et
253 1682 401 1762 puniendi
419 1683 592 1763 proditores
611 1697 642 1744 et
660 1683 798 1744 homines
818 1684 963 1767 corrupti,
980 1699 1044 1744 tum
1058 1707 1135 1757 ,vero
1155 1707 1239 1765 nune

95 1776 125 1836 id
140 1767 291 1851 cumprimis
310 1769 490 1848 tempestive
509 1781 540 1830 et
567 1770 808 1851 communicum
827 1770 958 1835 utilitate
984 1770 1157 1839 mortalium
1175 1771 1236 1830 liet.

35 1857 39 1863 ¹
95 1859 200 1920 Morbus
217 1853 304 1927 euim,
323 1853 545 1929 Athenienses,
564 1855 671 1938 ingens
691 1852 800 1915 inuasit
818 1856 849 1915 in
870 1847 1026 1917 Graeciam
1046 1868 1076 1915 et
1095 1856 1237 1930 difficilis,

94 1946 189 2028 quique
204 1961 336 2024 magnam
356 1952 386 1998 et
404 1940 576 2001 felicitatem
597 1954 627 2000 et
645 1962 745 2020 curam
763 1953 892 2000 vestram
910 1941 1054 2021 postulet
1073 1941 1136 2016 Qui
1155 1939 1234 2001 enim
1273 1972 1290 2018 χ

92 2044 153 2091 suat
167 2029 193 2087 in
207 2023 339 2099 urbibus
355 2024 553 2099 nobilissimi,
583 2025 663 2085 etin
682 2047 758 2107 quos
784 2025 891 2087 collata
910 2037 956 2086 est
978 2025 1163 2107 reipublicae
1181 2048 1234 2085 au·
1248 2025 1275 2040 “’

94 2115 209 2180 ctoritas:
225 2109 271 2185 hi,
290 2132 361 2170 suae
380 2111 552 2191 proditores
572 2111 718 2171 libertatis
736 2111 890 2184 infelices,
908 2109 993 2170 ultro
1008 2110 1039 2169 in
1058 2111 1233 2171 servitutem

94 2223 122 2261 se
136 2197 296 2270 coniiciunt,
315 2197 387 2256 dum
401 2196 534 2277 Philippi
553 2196 719 2277 hospitium
735 2209 765 2256 et
779 2188 1009 2256 familiaritatem
1025 2207 1055 2254 et
1072 2195 1233 2268 amicitiam

91 2299 165 2365 atque
183 2283 242 2354 alia,
259 2282 418 2341 minuendi
437 2305 525 2342 causa
545 2282 688 2356 criminis,
707 2281 738 2341 in
759 2302 811 2341 ore
829 2268 950 2342 hibent.
994 2277 1114 2363 Caeteri
1132 2293 1241 2364 antem‘

92 2383 119 2430 et
131 2368 305 2451 magistratus
330 2367 517 2449 singularum
540 2368 692 2441 urbium,¹
707 2367 882 2447 quicunque
906 2366 952 2425 illi
974 2379 1061 2440 suut,
1086 2389 1103 2427 a
1122 2366 1233 2446 quibos
1269 2391 1271 2397 ·

92 2456 147 2529 illos
170 2453 293 2513 eo‘e'reeri
319 2453 481 2534 oportebat
500 2467 530 2513 et
547 2454 648 2547 statim
674 2451 785 2513 occidi:
813 2453 835 2512 ii
852 2464 970 2513 tantum
994 2444 1096 2525 abest,
1121 2454 1156 2511 ut'
1173 2451 1232 2512 tale

93 2536 184 2620 aliqoid
199 2551 300 2621 agant,
324 2551 360 2597 ut
378 2561 430 2598 eos
449 2536 637 2599 admirentur
655 2550 685 2598 et
702 2537 873 2598 fortunatos
892 2536 1044 2610 iudicent,
1073 2550 1103 2596 et
1120 2534 1233 2618 singuli

91 2646 116 2684 se
131 2625 192 2685 tales
209 2644 272 2684 esse
292 2636 406 2704 optent.
437 2623 533 2704 Atqui
554 2647 587 2685 ea
604 2646 652 2684 res
673 2636 703 2682 et
722 2622 872 2693 eiusmodi
890 2621 1119 2697 aemulationes,
1135 2621 1232 2707 Thes-
1251 2651 1261 2677 ι

92 2709 212 2783 selorum,
230 2709 453 2783 Athenienses,
473 2733 538 2770 curn
558 2731 657 2790 nuper
674 2709 749 2768 adeo
768 2708 971 2789 principatum
991 2719 1022 2767 et
1040 2725 1233 2767 communem
1247 2715 1259 2735 '

91 2796 272 2854 auctoritatem
299 2794 519 2876 perdidissent:
545 2794 703 2854 nunciam
723 2793 812 2853 etiam
839 2792 1010 2851 libertatem
1029 2790 1232 2872 eis'eripiunt
1254 2851 1256 2866 ,

52 2948 54 2951 ,
88 2880 150 2938 Nam
172 2882 354 2962 quorundam
381 2881 486 2963 exzeis
511 2901 593 2943 arces
613 2879 795 2938 Macedones
824 2875 990 2959 praesidiis,
1007 2878 1174 2956 occupant:
1201 2876 1231 2954 in

87 2963 308 3046 Peloponnesum
334 2980 434 3027 antem
461 2965 595 3048 ingressa
619 2965 725 3024 caedes
744 2964 809 3024 illas
828 2963 916 3025 Elide
942 2961 1121 3037 concitavit,
1148 2972 1180 3021 et
1198 2981 1232 3021 ea

88 3049 221 3130 iniquitate
241 3066 272 3113 et
289 3053 404 3111 insania
422 3050 548 3110 miseros
567 3051 636 3110 illos
654 3049 808 3130 implerit,
825 3062 877 3123 ut,
902 3068 964 3128 quo
982 3047 1033 3107 alii
1051 3046 1116 3106 aliis
1135 3046 1231 3127 impe·
1254 3059 1295 3114 27

88 3149 141 3196 rent
156 3151 181 3198 et
196 3137 338 3219 Philippo
357 3137 580 3220 gratificentur,
599 3148 798 3218 cognatorum
817 3155 943 3213 suorqm
962 3146 992 3193 et
1010 3132 1121 3209 civium
1140 3131 1231 3192 caede

89 3223 258 3307 sepulluant.
302 3222 348 3282 Ac
367 3243 405 3282 ne
433 3221 482 3281 hic
509 3221 630 3301 quidem
649 3241 696 3279 res
716 3219 816 3280 stetit:
840 3221 893 3279 sed
911 3217 1070 3286 Arcadiam
1095 3216 1232 3301 ingressa
1264 3273 1272 3290 ,

86 3308 242 3367 omuia‘illie
261 3331 379 3368 sursum
399 3302 602 3387 deorsumque
620 3304 721 3379 uertit,
740 3310 864 3365 et‘nune
878 3305 1029 3364 Arcadum
1045 3303 1143 3376 multi,
1161 3325 1247 3365 cum'

87 3412 125 3452 eos
138 3391 303 3453 libertatem
321 3394 419 3453 facere
438 3392 558 3452 maximi
578 3403 727 3473 oporteat,
746 3384 895 3470 aequent
912 3410 966 3461 vos
985 3388 1057 3471 (soli
1077 3388 1158 3449 enim
1176 3410 1230 3448 vos

87 3497 113 3537 ex
133 3477 266 3538 omnibus
294 3478 467 3561 aborigines
492 3475 578 3560 estis)
596 3477 769 3558 Philippum
796 3474 997 3546 admirantur,
1026 3486 1056 3534 et
1074 3493 1175 3535 aereas
1202 3472 1231 3532 ei

79 3575 170 3624 statuas
190 3563 313 3647 erigunt
332 3576 362 3624 et
381 3585 507 3623 coronas
527 3564 711 3622 decernunt:
739 3561 871 3642 denique
890 3561 916 3628 si
934 3560 966 3619 in
983 3559 1230 3640 Peloponnesum
1261 3632 1266 3637 Ι

75 3647 139 3722 ierit,
157 3671 226 3708 eum
247 3649 365 3731 oppidis
383 3649 520 3731 recipere
540 3649 748 3708 decreverunt
766 3647 878 3706 Eadem
899 3659 930 3706 et
948 3644 1133 3731 Argivorum
1151 3643 1229 3704 ratio
1273 3675 1276 3684 ·

59 3746 115 3814 'est
156 3736 258 3808 llaec,
276 3757 324 3795 me
344 3735 410 3795 dius
429 3735 535 3808 fidius,
554 3734 580 3793 si
597 3735 677 3795 serio
696 3732 846 3816 agendum
866 3744 920 3805 est,
938 3751 1001 3790 non
1019 3752 1139 3812 parvam
1157 3751 1229 3810 pru-

69 3820 191 3902 dentiam
217 3822 381 3902 postulant.
424 3821 538 3880 Passim
558 3820 637 3879 enim
664 3831 823 3902 pervagata
842 3818 907 3878 lues
925 3816 976 3876 llla
996 3816 1086 3876 etiam
1104 3814 1164 3874 hue
1183 3814 1229 3873 in-

45 3938 48 3944 *
67 3906 153 3979 troiit,
170 3905 383 3974 Athenienses.
396 3907 489 3975 ,Dum
508 3906 604 3989 igitur
619 3905 650 3965 in
669 3917 736 3965 tuto
757 3902 842 3977 estis,
859 3915 972 3974 cavete,
990 3914 1021 3961 et
1039 3921 1102 3974 eos,
1120 3899 1173 3981 qui
1192 3898 1229 3958 il

63 3991 116 4051 lam
134 3991 225 4075 primi
243 3991 496 4068 introduxerunt,
523 3988 838 4073 cogitein'ordinem.
881 3986 1002 4064 Quodsi
1020 3984 1229 4068 neglexeritis:

61 4077 168 4151 videte,
186 4100 225 4137 ne
244 4090 308 4148 tum
329 4098 378 4148 ea,
397 4099 473 4157 quae
491 4097 575 4153 nune
592 4075 672 4149 dico,
688 4088 770 4136 recte
789 4074 869 4136 dicta
888 4093 954 4133 esse
972 4071 1141 4146 videantur,
1160 4092 1228 4130 cum

59 4163 176 4223 nullum
194 4185 298 4238 rerum
313 4174 479 4222 uestrarum
495 4161 616 4221 initium
635 4159 801 4243 reperietis.
818 4159 889 4217 Non
905 4156 1038 4231 cernitis,
1056 4156 1230 4217 Athenien·
1277 4220 1279 4226 ,

58 4270 122 4321 ses,
149 4271 239 4329 quam
266 4248 388 4309 evidens
409 4259 439 4306 et
463 4247 588 4307 illustre·
607 4246 776 4328 exemplum
802 4244 841 4304 sit
859 4243 890 4302 in
916 4242 1046 4303 miseros
1063 4239 1229 4326 Olynthios

55 4333 191 4409 editum,
215 4333 272 4417 'qui
290 4333 372 4406 nulla
390 4331 447 4392 alia
465 4353 497 4393 re
522 4332 617 4414 magis
637 4353 725 4413 quam
750 4328 924 4396 istiusmodi
941 4329 1027 4406 factis
1042 4323 1231 4416 perierunt?
