2722 4754
103 175 228 281 1ιιιὸοΙ
264 248 270 253 ,
423 186 800 251 DEMOSTHENIS
822 186 1032 252 ORATIO

19 419 27 427 ,
135 324 263 427 propter
279 319 461 425 peculatum
504 290 665 424 Numquid
678 344 760 422 ideo,
783 346 894 426 quod
884 346 1036 406 ruforum
1055 304 1238 426 erumpebat
1255 340 1316 405 sibi

79 456 98 490 a
135 430 352 504 interdictum,
377 440 463 488 etex
488 440 525 489 eo
551 431 724 492 moderatae
743 432 824 492 vitae
848 431 1024 514 bomines
1014 451 1083 511 apse
1099 431 1132 490 in
1159 447 1315 490 carcerem

99 512 102 521 ’
133 514 332 596 abripiebat?-
359 512 412 577 ,Αι
428 513 544 578 facinus
562 516 691 576 fortasse
709 518 871 592 fuisset,
847 541 873 578 sn
892 518 1071 600 Melanqpus
1091 537 1174 577 nunc
1193 516 1228 575 in
1245 514 1315 585 vin-

86 642 88 650 .
136 602 204 664 cula
222 599 431 660 coniiciendus
450 592 547 661 esset?
566 600 612 660 Ac
630 602 668 662 de
685 616 770 683 patre
790 604 959 684 quidem
932 625 996 663 erus
1015 602 1087 662 mali
1105 601 1184 662 nihil
1204 580 1329 675 dicam,

8 761 20 772 ι
136 684 273 768 quamvis
292 684 357 745 eius
376 680 454 747 furta
473 685 543 746 satis
562 689 705 747 materiae
722 689 965 770 suppeditarent:
986 689 1067 748 sed
1058 711 1084 748 ιε
1100 710 1158 770 per
1175 707 1225 746 me
1243 686 1315 746 talia

54 781 62 799 '
100 824 107 835 s
137 784 204 860 esto
222 793 304 848 sane,
322 771 419 851 qualis
438 793 453 831 a
472 772 643 832 Timocrate
661 775 828 854 praedicari
846 788 945 856 queat
988 773 1022 833 Si
1039 795 1129 848 vero,
1147 772 1242 855 probi
1260 792 1316 854 pa·
1347 800 1350 805 ¹

134 850 192 921 uis
208 856 305 931 filiu's,
329 857 515 938 improbus
505 877 572 938 rpse
590 870 622 917 et
637 858 688 918 fur
705 860 849 933 exstitit,
864 874 911 935 et,
936 860 1120 940 proditionis
1141 861 1316 932 damnatus,

79 948 101 987 κ’
133 945 192 1005 tria
207 943 323 1004 talenta
339 943 496 1024 pependit,
515 955 633 1003 etcum
652 945 786 1028 collegae
804 947 920 1028 iudices
939 947 1095 1026 peculatus
1114 967 1203 1007 reum
1221 963 1314 1026 pere.-

45 1103 48 1106 ,
134 1041 265 1115 gerunt,
292 1031 323 1088 e't
341 1027 531 1108 decuplnm'
521 1049 586 1109 lpse
605 1030 713 1102 solvit,
742 1045 773 1092 et
789 1032 975 1114 legationem
993 1031 1214 1133 Aegyptiacam
1235 1029 1315 1090 mala

33 1108 37 1118 ¹
133 1117 208 1177 fide
215 1115 308 1189 obiit,
327 1127 374 1173 et
383 1134 455 1174 suos
472 1113 616 1175 fratres
606 1116 726 1175 miuriis
745 1117 862 1177 affecit:
888 1138 992 1178 nonne
1009 1127 1101 1178 tanto
1122 1117 1219 1200 magis
1242 1135 1322 1193 eum

24 1278 27 1282 Ι
111 1201 244 1265 xvinciri
261 1199 419 1282 oportuit,-
413 1199 501 1259 -boni
518 1200 611 1281 patris
630 1201 768 1262 sobolem
786 1216 847 1264 tam
866 1204 1069 1287 degenerem?
1095 1203 1164 1287 Ego
1185 1200 1322 1283 quidem·

50 1295 58 1300 “
133 1285 323 1361 arbitror,
298 1308 324 1346 sa
342 1304 447 1347 revera
465 1285 629 1349 virbonus
648 1303 729 1351 esset
745 1290 859 1350 Laches
878 1303 910 1351 et
927 1290 1072 1373 bonus
1046 1289 1136 1364 civis,
1154 1290 1254 1349 ultro
1261 1287 1315 1348 da·-

132 1387 236 1453 turum
254 1372 348 1433 fuisse
367 1392 508 1454 operam,
525 1386 560 1434 ut
577 1373 677 1465 filips,
699 1376 752 1457 qui
771 1372 895 1457 quidem
913 1377 953 1436 sit
971 1378 1040 1437 talis
1059 1388 1091 1436 et
1107 1388 1196 1436 tanto
1215 1360 1314 1460 dede-

131 1481 205 1522 core
223 1472 341 1541 patrem
358 1458 506 1533 afliciat,
496 1481 529 1520 ιιι
546 1438 667 1521 vincula
685 1462 916 1523 conficeretur.
931 1463 972 1522 Et
989 1463 1083 1524 hunc
1079 1481 1162 1523 sane
1179 1455 1312 1522 missum

112 1546 294 1630 facimus,
314 1545 560 1634 Glaucetetnque
573 1561 752 1629 spectemus.
788 1548 860 1609 Non
879 1561 951 1610 vero
971 1548 1047 1608 hic
1037 1571 1063 1610 rs
1083 1560 1159 1622 est,
1156 1570 1221 1628 qur
1210 1544 1314 1606 binc

131 1625 295 1695 Deceleam
313 1629 490 1716 transfugit,
519 1646 610 1713 atque
629 1633 728 1695 inde
718 1635 895 1696 meursione
913 1634 990 1696 facta
1008 1638 1062 1696 vos
1082 1654 1169 1694 omnr
1158 1630 1313 1694 latroci-

49 1758 55 1764 -
129 1717 176 1780 nii
194 1739 308 1803 genere
327 1729 374 1778 est
391 1718 613 1799 depraedatus?
647 1718 753 1800 Atqui
771 1721 860 1796 haec,
880 1742 957 1802 quae
977 1721 1056 1796 dico,
1074 1719 1172 1780 nostis
1193 1739 1309 1780 omnes

83 1800 289 1886 ΙΙ(ιιιίιιιιιὶιι
308 1816 439 1864 autema
450 1804 558 1875 vestris
576 1806 724 1866 uxoribus
738 1820 769 1867 et
780 1807 885 1868 liberis
900 1807 1023 1889 eripuit,
1042 1806 1191 1888 quicquid
1208 1806 1311 1867 aliun-

44 1889 105 1955 471
129 1893 168 1957 de
194 1903 300 1953 nactus
324 1888 401 1949 fuit.
435 1887 547 1949 horum
575 1891 712 1952 omnium
732 1892 800 1952 illic
820 1894 979 1973 praefecto
997 1894 1150 1954 Laconico
1176 1892 1312 1953 decimas

130 1977 291 2040 bonafide
315 1975 532 2036 annumeravit
575 1977 672 2036 Deam
689 1990 791 2037 tamen
816 1991 965 2053 nostram,
993 1980 1119 2040 decreto
1138 1977 1167 2038 ei
1185 1999 1203 2038 a
1218 1968 1313 2040 vobis

8 2069 31 2083 “’
69 2126 70 2130 ,
128 2063 293 2148 legationis
311 2061 446 2134 honore,
465 2060 591 2122 decimis
609 2061 749 2123 hostibus
769 2064 965 2125 defraudavit
1008 2067 1209 2142 Quaesturam
1227 2065 1310 2126 arcis

76 2186 81 2197 ι
109 2148 257 2233 ιιιιιιιιιιιι
291 2159 414 2209 nostrae
432 2147 562 2208 civitatis
589 2148 722 2228 praemia
740 2160 771 2209 et
789 2150 978 2211 monimenta
995 2149 1201 2224 fortitudinis,
1218 2169 1312 2232 quae

130 2239 169 2299 de
182 2233 327 2296 Barbaris
347 2244 487 2315 ceperat,
512 2254 549 2295 ex
565 2253 634 2295 arce
653 2234 815 2316 surripuit:
840 2235 945 2296 sellam
963 2232 1046 2299 illam
1065 2237 1136 2298 dico
1154 2236 1312 2319 argenteis

23 2370 27 2378 .
110 2320 277 2427 'pedibus
280 2331 311 2380 et
327 2319 479 2379 acinacem
497 2319 660 2395 Mandonii,
680 2343 733 2401 qur
723 2320 876 2382 Doricos
895 2335 1050 2384 trecentos
1068 2323 1163 2387 valet.
1174 2322 1215 2381 Et
1227 2321 1315 2383 baec

81 2442 84 2448 ·
128 2410 172 2471 ita
187 2420 263 2469 sunt
279 2405 477 2509 pervulgata,
489 2417 525 2465 ut
543 2425 642 2466 nemo
638 2405 842 2469 hominum
832 2420 963 2511 ignoret.
998 2397 1033 2468 ln'
1051 2409 1118 2469 aliis
1136 2419 1241 2469 autem
1259 2428 1314 2469 re-

81 2536 91 2549 ·
120 2495 187 2571 ,bus
205 2512 311 2555 nonne
330 2503 377 2553 est
394 2491 531 2551 omnium
545 2492 705 2552 hominum
723 2476 985 2556 violentissimus?
1002 2493 1224 2555 Parcendum
1213 2493 1314 2577 igitur

17 2582 21 2589 ’
127 2582 253 2643 illorum
268 2578 414 2658 cuiquam
433 2590 489 2652 est,
505 2589 541 2637 ut
552 2579 679 2660 propter
694 2578 768 2639 istos
787 2579 836 2640 vel
855 2581 930 2640 deae
947 2580 1082 2661 decimae
1087 2581 1314 2665 negligantur,

127 2668 178 2730 vel
197 2665 309 2747 duplex
326 2664 441 2725 solutio
459 2664 600 2745 publicae
618 2665 782 2745 pecuniae:
808 2687 846 2726 an
865 2665 923 2726 iste
941 2667 1063 2748 potius,
1088 2666 1201 2728 talium
1216 2667 1312 2727 sedn-

128 2753 178 2815 lus
197 2753 351 2823 defensor,
368 2751 565 2831 puniendus?
593 2750 713 2830 Ecquid
730 2771 804 2812 vero
824 2751 979 2832 prohihet,
996 2774 1061 2835 quo
1078 2753 1181 2812 minus
1200 2772 1312 2812 omnes

40 2866 43 2871 ’
127 2836 262 2942 improbi
280 2838 350 2909 sint,
368 2836 496 2897 ubitam
515 2837 634 2897 lucrosa
652 2835 747 2898 fuerit
764 2838 964 2919 improbitas?
982 2839 1077 2914 Nihil,
1095 2859 1164 2899 mea
1182 2838 1310 2920 quidem

130 2924 285 3007 opimone.
310 2921 384 2980 Ne'
375 2922 470 3003 rgitur
485 2921 544 3000 ipsi
535 2910 707 2997 doceatis,
725 2924 779 2983 sed
796 2924 946 3006 puniatis.
965 2945 1066 3006 neque
1085 2924 1227 3021 sinite,u
1206 2923 1309 2984 nin-

129 3011 305 3094 dignentur,
324 3025 356 3064 se
376 3005 416 3064 ob
434 3006 553 3088 rapinas
573 3027 667 3086 opum
685 3020 852 3067 vestrarum
864 3009 896 3066 in
909 3007 1030 3070 vincula
1047 3009 1204 3082 coniici,s
1260 3007 1310 3069 le·

111 3096 218 3181 gibus
238 3114 291 3153 eos
310 3089 459 3152 subiicite.
488 3091 597 3172 Neque
617 3092 709 3166 enim,
728 3092 782 3173 qui
799 3093 1026 3176 peregrinitatis
1046 3086 1239 3195 damnantur,
1256 3108 1310 3154 ae·
1331 3144 1336 3153 ,

66 3170 79 3256 ,Ρ
103 3224 105 3229 ·
129 3203 183 3267 gre
202 3180 316 3252 ferunt,
334 3199 367 3237 se
381 3177 414 3236 in
428 3176 489 3237 boc
508 3197 573 3238 esse
592 3177 759 3253 domicilio,
778 3180 851 3245 dum
863 3179 932 3239 falsi
945 3180 1115 3241 testimonii
1133 3201 1222 3241 causa
1227 3198 1309 3264 aga-

127 3277 195 3330 tur·
220 3266 274 3326 sed
292 3263 430 3338 manent,
449 3283 550 3344 neque
568 3277 694 3344 putant,
712 3264 839 3324 vadibus
858 3265 948 3326 datis
955 3286 1020 3326 esse
1032 3266 1306 3327 obambulandum.
1328 3288 1334 3295 ·

65 3408 71 3415 ,
129 3354 238 3415 Visum
258 3349 350 3410 enim
358 3362 406 3410 est
422 3349 546 3422 civitati,
563 3347 703 3409 fidem
675 3371 731 3410 ers
737 3371 801 3410 non
817 3371 883 3410 esse
890 3351 1090 3453 habendam,
1100 3368 1199 3433 neque
1216 3370 1306 3411 corn-

128 3438 325 3510 mittendum,
340 3448 377 3495 ut
389 3457 445 3517 per
461 3436 596 3517 speciem
613 3436 735 3496 vadium
753 3430 984 3498 constitutionis
1002 3437 1127 3518 impune
1144 3435 1310 3496 elaberen-

67 3527 68 3530 ’
128 3539 195 3590 tur.
213 3524 267 3585 sed
284 3535 320 3582 ut
336 3521 381 3581 ibi
398 3534 584 3595 manerent,
599 3521 654 3582 ubi
673 3543 709 3581 ex
726 3522 792 3588 aliis
811 3541 935 3604 quoque
960 3522 1077 3583 civibus
1096 3520 1203 3583 multi..
1227 3520 1309 3581 Nam

113 3626 162 3674 ·et
179 3610 220 3672 ob
238 3607 382 3691 pecunias
406 3608 522 3669 multi
512 3629 572 3683 ram
589 3607 684 3669 vincti
710 3620 782 3668 sunt
800 3622 831 3669 et
853 3621 980 3691 propter
996 3609 1127 3683 iudicia,
1156 3619 1310 3667 ettamen

127 3699 161 3760 id
179 3717 244 3757 non
265 3706 452 3755 recusarunt.
484 3697 611 3756 lnsuave
630 3693 753 3775 quidem
771 3693 906 3755 fortassis
926 3707 981 3769 est,
999 3693 1181 3754 nominatim
1198 3691 1310 3752 memi-

127 3784 211 3846 nisse
228 3783 266 3842 de
279 3780 447 3861 aliquibus.
465 3780 519 3840 sed
533 3780 614 3840 idem
627 3779 832 3843 necessarium
843 3793 956 3856 tamen,
974 3780 1044 3840 illos
1060 3801 1130 3840 curn
1141 3777 1215 3840 istis
1223 3797 1309 3838 com-

126 3889 242 3954 parare.
284 3866 348 3926 Eos
365 3878 482 3939 autem,
507 3866 561 3945 qui
578 3878 648 3926 ante
665 3857 839 3947 praetorem
856 3866 1014 3927 Euclidem
1032 3866 1187 3939 fuerunt,
1195 3862 1309 3925 omitto

92 3978 94 3985 ’
129 3968 161 4017 et
178 3955 249 4017 illos
268 3951 395 4012 omnino
413 3964 540 4012 veteres.
583 3951 647 4027 Qui
666 3971 855 4035 quanquam,
879 3953 942 4013 suis
962 3950 1103 4032 quique
1098 3950 1311 4033 temporibus,

128 4039 382 4135 praeclarissime
394 4058 460 4098 sese
485 4037 615 4120 gessisse
641 4049 776 4099 anteacta
802 4052 900 4099 aetate
923 4037 1117 4100 viderentur.
1142 4051 1247 4098 tamen
1265 4035 1311 4095 ob

130 4126 259 4188 admissa
277 4120 388 4186 deinde
399 4124 536 4185 facinora
553 4123 767 4185 vehementem
777 4114 885 4205 populi
898 4124 1083 4184 iracundiam
1098 4137 1172 4185 sunt
1184 4120 1311 4204 experti

36 4215 39 4219 ’
109 4212 203 4272 'Non
222 4211 303 4271 enim
322 4231 377 4271 eos
395 4209 499 4271 civitas
519 4211 556 4270 ad
573 4222 710 4292 tempus
722 4211 867 4270 duntaxat
884 4219 1027 4292 oportere
1045 4210 1145 4270 iustos
1165 4228 1231 4270 esse
1248 4231 1312 4290 pu-

109 4352 112 4357 ,
131 4297 230 4399 tabat,
252 4309 323 4379 post
339 4316 413 4358 vero
430 4296 638 4378 peculatores,
665 4295 746 4356 sed
737 4317 769 4356 ιιι
788 4295 1022 4357 administranda
1041 4295 1227 4398 republica
1217 4295 1311 4356 rusti-

130 4383 192 4446 tiae
217 4393 374 4464 perpetuo
395 4382 608 4446 observantes.
633 4402 709 4444 nam
726 4380 864 4464 alioquin
890 4383 955 4445 eius
979 4381 1102 4467 generis
1126 4381 1226 4445 homo
1243 4400 1313 4445 non

344 4600 349 4613 Ι
387 4564 391 4601 Ι
