2722 4754
169 95 175 122 l

278 122 964 262 ·'-⁴,c,0mmmn0cr1sau
1018 168 1028 177 ’
1188 179 1284 253 625,
1326 200 1331 218 ’

81 324 207 388 iuvandi
224 330 312 400 sunt,
338 316 453 406 quanto
465 322 572 383 ‘minus
590 342 643 384 ros
662 322 844 403 deceperint
887 322 963 386 Nam
982 323 1166 387 contrarium
1185 346 1254 391 esse

81 413 214 485 laetum,
246 423 278 471 et
294 432 358 490 non
376 409 484 483 istum,
515 410 568 468 sed
587 429 636 469 me
653 407 836 469 factionibus
854 412 1019 489 pressum,
1041 422 1073 474 et
1089 434 1108 472 a
1124 411 1252 493 quibus-

82 499 170 570 dam,
193 496 246 576 qui
264 496 458 579 receperant,
481 513 513 553 se
531 514 548 552 a
565 514 614 553 me
632 505 781 572 staturos,
805 504 932 575 propter
948 492 1078 557 istorum
1096 497 1252 578 conspira-
1291 516 1298 546 t

81 582 184 644 tiones
210 601 276 640 esse
301 579 475 661 proditum,
499 599 563 638 non
586 577 695 651 istum,
721 579 915 659 perspicuum
939 581 1118 661 vohisserit.
1152 586 1261 644 Vocet·¹

82 687 193 751 praeco
212 666 261 725 hic
279 665 528 737 Demosthenem.
542 663 618 724 Non
637 664 807 723 adscendet.
825 664 898 725 Eius
917 677 1017 726 autem
1035 669 1185 749 reisscausa
1205 679 1253 731 est

84 774 149 815 non
168 752 259 825 haec,
278 751 362 831 quod
380 768 401 808 a¹
415 748 595 828 quibusdam
613 749 760 809 adductus
779 748 871 808 istum
890 751 1002 811 detuli:
1020 755 1073 814 sed
1092 753 1173 833 quod
1193 752 1250 814 iste
1280 750 1284 757 ’

84 853 117 900 et
135 839 178 913 is,
197 836 249 916 qui
268 837 360 895 modo
378 833 560 906 vocabatur,
579 833 660 893 inter
677 854 709 893 se
726 846 947 917 transegerunt
982 838 1075 911 Quod
1093 851 1128 898 ut
1145 852 1250 898 verum

84 944 151 984 esse
164 920 306 995 constet,
324 918 651 980 dicere.tcstimonium
671 940 777 1002 cogam
797 917 1041 1001 Clinomachum,
1060 922 1114 1003 qui
1132 942 1184 982 eos
1202 943 1254 983 rea
1294 917 1312 932 '
1345 969 1350 982 .

85 1007 275 1078 conciliavit,
294 1019 325 1066 et
341 1004 544 1077 Eubulidem,
561 1003 614 1083 qui
633 1003 665 1064 in
684 1001 860 1088 Cynosarge
877 1005 1022 1066 interfuit
1049 1007 1158 1086 Neque
1175 1027 1250 1067 vero

85 1095 207 1176 signum
226 1090 311 1151 vobis
330 1090 389 1150 hoc
407 1089 524 1162 minus,
552 1089 606 1149 sed
625 1089 720 1149 maius
738 1090 913 1170 proferam,
931 1092 1013 1151 unde
1031 1104 1165 1166 constet,
1191 1092 1251 1153 hoc

88 1199 153 1238 esse
171 1199 290 1237 verum:
309 1197 370 1255 quo
389 1175 504 1247 audito,
523 1173 597 1233 mibi
617 1195 722 1234 omnes
740 1175 954 1241 assentiemini
982 1176 1178 1250 Theocrines,
1198 1176 1273 1258 qui'

85 1263 265 1323 violatarum
285 1262 386 1343 legum
405 1266 532 1319 accusat‘
543 1260 693 1339 impurum
712 1250 808 1334 illum,
825 1274 860 1320 ut
876 1261 1096 1341 quamprimum
1112 1263 1203 1336 dicet,
1221 1251 1256 1323 et

86 1349 221 1408 istorum
241 1347 270 1409 ci
294 1347 441 1405 malorum
464 1350 638 1416 auctorem,
665 1345 760 1424 palam
780 1345 808 1403 ei
824 1345 942 1405 remisit
959 1345 989 1404 id
1009 1345 1141 1419 crimen,
1167 1348 1253 1426 quod

86 1435 192 1492 decem
217 1431 338 1490 talentis
364 1428 556 1489 aestimarat
576 1427 658 1502 Qui?
688 1427 772 1491 Nihil
789 1429 821 1489 id
839 1429 962 1508 quidem
980 1428 1069 1502 novi,
1093 1431 1251 1494 sedidem
1312 1432 1315 1437 ”

85 1518 175 1590 iacit,
201 1516 285 1596 quod
303 1515 353 1573 alii
372 1515 493 1593 quidam
512 1512 598 1573 istius
616 1513 728 1573 similes
748 1526 883 1596 egerunt.
909 1514 985 1577 Nam
1003 1515 1254 1590 Demosthenem,
1282 1580 1288 1604 x

86 1601 290 1684 pronuntiata
300 1599 438 1671 actione,
473 1598 583 1657 iuravit
602 1599 723 1677 quidam
747 1611 919 1680 aegrotare,
954 1621 1023 1659 cum
1041 1599 1067 1659 is
1085 1600 1254 1662 ambularet

86 1700 180 1766 atquc
197 1684 342 1746 Aeschini
360 1683 587 1742 conviciaretur.
621 1683 699 1741 Eum
723 1703 796 1742 vero
814 1683 969 1742 inimicum
987 1685 1045 1744 iste
1064 1685 1187 1745 missum
1205 1687 1253 1746 fe-
1309 1748 1312 1752 ,

60 1760 150 1843 ἐὴ,
186 1784 217 1831 ct
234 1789 333 1848 neque
351 1780 425 1827 tunc
444 1767 651 1827 iusiurandum
669 1765 771 1840 dedit,
807 1789 906 1847 neque
925 1769 1067 1850 deinceps
1087 1771 1116 1829 ei
1134 1772 1255 1832 ‹lenun-

88 1855 200 1915 tiavit.¹
226 1855 336 1913 Nonne
355 1852 513 1912 evidenter
529 1852 580 1911 isti
597 1853 699 1921 sucum
718 1852 808 1914 vobis'
822 1854 956 1929 iaciunt,
980 1855 1033 1936 qui
1051 1875 1104 1916 eos
1122 1869 1158 1917 ut
1174 1855 1256 1919 inter

88 1960 122 2000 se
141 1938 281 2000 inimicos
299 1937 446 1998 audiatis?
482 1936 587 1996 Recita
604 1936 785 1998 testimonia
1031 1954 1034 1961 ·

269 2132 314 2149 ,,
383 2120 385 2125 .
487 2056 851 2135 assrrmonra

175 2194 309 2255 Proinde
328 2192 441 2253 iustum
461 2203 523 2264 cst,
546 2192 681 2264 ludices,
704 2199 805 2271 neque
822 2210 877 2252 vos
897 2214 949 2253 eos
968 2194 1072 2256 audire
1090 2198 1183 2272 velle,
1202 2199 1272 2279 qui·

89 2302 123 2342 se
140 2279 308 2341 Theocrini
330 2299 366 2336 ex
391 2276 464 2336 odio
482 2274 696 2336 Demosthenis
720 2276 902 2358 patrocinari
927 2279 1123 2358 profitentur:
1147 2283 1254 2344 iubere
1331 2290 1334 2298 '

55 2376 69 2389 ”
89 2366 211 2449 potius,
238 2361 388 2443 siquidem
407 2381 511 2420 revera
528 2358 644 2420 inimici
662 2360 739 2435 sint,
752 2372 800 2421 'ut
817 2383 886 2421 eum
905 2362 952 2422 illi
968 2380 1125 2441 accusent,
1151 2388 1254 2448 neque
1291 2384 1294 2389 ’

90 2449 240 2511 contraria
259 2446 377 2530 legibus
397 2447 529 2507 scribere
547 2445 706 2527 patiantur.
728 2447 805 2508 Sunt
822 2460 922 2532 autem
942 2456 972 2508 et
989 2448 1047 2530 ipsi
1066 2451 1256 2532 eloquentes,
1315 2472 1318 2477 ’

92 2548 125 2596 et
142 2535 208 2615 plus
226 2535 307 2615 apud
326 2553 379 2613 vos
399 2531 512 2591 habent
529 2531 731 2591 auctoritatis?
756 2532 808 2593 sed
828 2554 891 2605 non
909 2533 1021 2594 facient
1039 2534 1104 2595 hoc.
1140 2537 1264 2613 Quam.

85 2619 221 2680 obrem?
250 2618 329 2693 Quia
348 2639 380 2676 se
400 2617 502 2677 dicent
519 2615 657 2674 inimicos
677 2638 758 2691 esse,
783 2639 849 2677 cum
870 2639 932 2678 non
950 2614 1159 2681 sintinimici.'
1194 2623 1256 2682 Sed
1294 2630 1313 2640 ”

92 2705 220 2764 istorum
245 2701 418 2762 inimicitias
442 2716 496 2761 ros
515 2700 588 2760 mibi
612 2701 723 2762 certius
743 2703 951 2783 exposueritis,
970 2693 1059 2784 quam
1078 2725 1136 2790 ego
1161 2707 1257 2768 vobis.

90 2790 204 2850 bibens
223 2802 323 2850 autern
342 2808 441 2847 coram
459 2785 546 2846 vobis
564 2785 767 2870 Theocrincm
784 2801 989 2868 percontarer,
1006 2789 1032 2848 si
1050 2790 1125 2851 mihi
1142 2791 1258 2872 aliquid
1336 2833 1342 2850 ,

92 2874 184 2954 acqui
202 2875 419 2953 responderet,
449 2872 592 2952 quidnam
619 2872 733 2931 iaceret
749 2870 885 2954 (quaudo
904 2873 935 2933 id
954 2897 1042 2934 suum
1061 2899 1171 2938 munus
1191 2898 1257 2938 esse

93 2960 186 3032 dicit,
210 2972 247 3018 ut
264 2979 336 3030 eos,
359 2957 415 3037 'qui
433 2957 582 3023 contraria
599 2956 719 3038 legibus
738 2958 934 3032 decernunt,¹
950 2960 1119 3045 coe'rceat),
1145 2963 1171 3024 si
1189 2964 1257 3044 quis
1290 2976 1294 2985 “

93 3045 176 3124 apud
195 3064 300 3103 omnes
312 3043 413 3116 cives,
445 3041 583 3100 oratione
602 3041 702 3103 habita
721 3055 751 3102 et
762 3043 912 3124 probata,
941 3045 1133 3122 decerneret,
1164 3048 1260 3109 licere'
1279 3053 1343 3114 354

62 3164 65 3169 -
92 3127 307 3212 ignominiosis
334 3139 365 3185 et
390 3125 510 3187 aerariis
536 3139 701 3200 accusare,
725 3127 874 3203 indicare,
902 3130 1037 3204 deferre,
1064 3153 1098 3191 ea
1124 3128 1257 3215 denique

63 3250 66 3256 ·
93 3229 196 3296 agere,
214 3234 290 3306 quae
309 3233 389 3271 nunc
408 3212 491 3294 leges
509 3211 552 3270 eis
571 3210 763 3273 interdicunt.
797 3213 952 3299 Nurpquid
971 3216 1086 3278 decreti
1102 3231 1258 3295 auctorem

92 3299 274 3359 violatarum
297 3298 398 3379 legum
423 3309 591 3377 accusaret,
615 3318 672 3357 nec
696 3299 755 3359 ne?
780 3298 856 3361 Natu
882 3299 907 3358 si
925 3300 1020 3373 dicat,
1045 3321 1078 3360 se
1103 3298 1166 3364 hon
1193 3324 1258 3364 esse
1316 3334 1320 3342 =
1345 3312 1352 3323 “

49 3418 54 3431 ι
93 3395 320 3443 accusaturum:
347 3394 431 3441 estne
449 3381 586 3442 habenda
606 3383 634 3440 ei
651 3384 743 3456 fides,
768 3404 801 3443 sc
820 3405 891 3457 eos,
917 3383 970 3464 qui
988 3384 1122 3446 scribant
1138 3400 1259 3458 contra-
1314 3428 1317 3434 «

92 3469 138 3529 ria
153 3467 283 3550 legibus,
302 3468 461 3526 observare
475 3467 641 3527 iactitanti?
660 3468 714 3526 Sin
731 3475 898 3529 accusaret:
917 3469 991 3549 quid
1005 3468 1151 3551 iniquius,
1169 3495 1258 3555 quam

93 3550 154 3614 alio
180 3564 304 3613 auctore
328 3552 534 3625 intercedere,
562 3573 600 3611 ne
618 3553 649 3613 id
668 3553 841 3626 decretum,
863 3573 930 3634 quo
957 3574 991 3615 ea
1013 3568 1147 3635 potestas
1171 3557 1261 3618 detur

95 3626 256 3710 omnibus,
280 3650 378 3699 ratum
403 3637 506 3709 fieret,
532 3646 562 3698 et
585 3638 777 3698 accusatione
793 3637 939 3700 ⁴instituta
963 3640 1124 3722 perspicue
1148 3635 1260 3702 adscri-

81 3712 185 3795 bere,
216 3744 280 3782 rem
306 3743 371 3782 esse
390 3722 515 3804 degibus
541 3712 747 3793 interdictam:
778 3746 860 3785 narnc
885 3724 976 3785 istum
1000 3724 1100 3806 ipsum
1116 3727 1279 3788 'iactitare‘
1333 3780 1337 3785 ,

93 3808 321 3881 accusationes,
343 3825 425 3866 'cum
443 3807 474 3866 id
493 3828 593 3887 neque
616 3811 634 3869 ¹a
651 3808 767 3888 populo
784 3808 968 3892 impetrarit,
1003 3831 1111 3893 neque.
1121 3833 1184 3870 rem
1203 3805 1261 3893 pu-

94 3895 174 3955 blice
200 3893 424 3953 deliberandam
441 3892 652 3974 proposuerit,
676 3893 795 3975 legibus
813 3893 844 3954 id
862 3892 1055 3973 vetantibus?
1082 3896 1189 3958 Statim
1207 3920 1278 3959 au-.

95 3969 159 4045 tem
178 3978 274 4051 dicet,
293 3977 397 4057 inique
417 3997 519 4037 secum
539 3976 597 4060 agi,
615 3976 641 4036 si
659 3977 733 4037 hacc
752 3977 810 4037 sibi
827 3979 925 4038 facere
942 3992 1007 4038 non
1026 3970 1125 4055 liceat,
1142 3982 1260 4066 legum-

96 4063 387 4145 que‘scveritatem,
413 4056 524 4151 quibuq
542 4063 662 4123 futurus
681 4064 721 4134 sit
739 4061 909 4136 obnoxius,
933 4063 958 4123 si
977 4063 1151 4141 damnetur,
1171 4077 1259 4129 eorn-

96 4149 293 4210 memorabit:
318 4149 401 4230 leges
420 4161 521 4208 autem
538 4146 612 4209 non'
621 4149 755 4223 curabit,
778 4150 832 4209 sed
851 4144 963 4209 tantam
981 4148 1040 4209 sibi
1060 4150 1156 4211 daria
1175 4151 1263 4214 vobis
1334 4212 1337 4217 .

93 4234 250 4296 licentiam
265 4232 459 4314 postulabit,
496 4245 637 4314 quantam
666 4255 757 4294 nemo
785 4254 919 4315 unquam
948 4247 1052 4315 petere
1081 4237 1146 4297 luit
1164 4260 1262 4310 ausus.
1343 4235 1351 4246 ⁸

94 4319 277 4401 Namquod
295 4320 332 4379 ad
350 4317 534 4379 delationem
553 4318 680 4394 attinet,
715 4319 1057 4399 nequeTbcocrinem,
1091 4313 1191 4404 neque
1209 4323 1263 4384 de-

875 4472 907 4497 „
949 4408 1088 4487 440.
1140 4405 1179 4433 ⁸
