2722 4754
289 156 578 307 'inversus
618 166 1038 278 anrsrocna‘run'
1129 245 1135 255 a
1181 197 1243 259 aus

13 404 20 415 .
70 332 193 432 quibas
208 347 322 419 auditis
336 342 393 411 'ros
413 328 623 408 oblectemiui:
654 345 729 405 inde
744 347 836 405 ducto
855 345 998 418 exordio,
1023 343 1106 405 unde
1121 344 1177 404 ¹ros
1195 363 1243 403 re-

71 434 213 495 ctissime
230 453 296 499 rem
314 430 506 513 intelligetis,
533 449 689 514 regressus
700 429 744 489 'ad
762 429 810 503 id,
840 432 923 510 quod
942 427 1124 500 Charidemo
1141 429 1244 493 datum

72 533 136 594 est,
153 516 329 600 pcaemium.
363 517 444 589 Nos,
461 516 676 588 Athenienses,
699 511 912 574 Charidemum
932 517 1026 577 civem
1044 515 1182 589 fecimus,
1198 524 1244 574 at-
1272 564 1279 573 ..
1304 508 1307 519 ’

73 608 140 684 q'ue
155 624 213 684 per
229 602 261 661 id
277 599 458 661 beneficium
474 621 543 661 eum
561 602 597 659 in·
612 600 787 659 societatem
804 600 973 680 recepimus
991 622 1155 673 sacrorum,
1172 604 1260 681 pro-f

72 689 235 760 laborum,
260 685 486 758 institutorum,
510 692 612 761 rerum
630 684 762 764 denique
780 684 932 757 omnium,
958 685 1068 764 quibus
1093 685 1151 766 ipsi
1169 685 1244 745 leui-

73 796 153 834 mur.
197 771 275 831 Sunt
292 782 393 830 autem
412 770 492 850 apud
510 792 566 833 nos
585 769 650 830 eius
668 768 788 851 generi's
807 769 980 850 complura,
999 791 1076 847 quae
1094 792 1243 850 nusquam

72 857 165 920 alibi:
192 878 288 923 unum
305 875 378 916 vero
398 854 524 914 maxime
544 854 700 934 proprium
724 867 755 913 et
777 853 858 913 inter
875 854 1243 930 caeterauobilissimum,

71 1026 249 1099 fabulosae,
274 1039 339 1085 tum
358 1024 470 1084 nostris
489 1024 672 1084 testimoniis
691 1024 883 1084 confirmatae
901 1036 1089 1106 suppetunt,
1112 1026 1244 1105 quotde

71 1110 163 1177 nullo
180 1111 241 1170 alio
260 1109 398 1170 concilio.
429 1109 455 1167 E
474 1109 591 1188 quibus
602 1120 694 1169 unam
712 1123 803 1189 atque
821 1109 960 1182 alteram,
978 1109 1074 1169 veluti
1091 1110 1129 1169 ad
1146 1109 1243 1189 speci-

14 1240 19 1249 ι
70 1217 148 1258 men
167 1194 387 1267 exhibendum,
404 1194 509 1254 audire
526 1192 621 1254 suerit
639 1215 747 1273 operae
765 1194 905 1273 pretium.
940 1194 1076 1254 Primum
1094 1193 1189 1276 igitur
1206 1195 1244 1254 de

1257 849 1327 908 ’407

70 934 231 1026 Αὴομξί
248 939 413 1012 iudicium,
438 941 475 1000 de
495 960 556 1019 quo
581 939 668 998 vobis
693 952 740 998 tot
762 940 931 1019 praeclarae
949 938 1154 1015 narrationes,
1178 942 1258 1001 tum'
1325 1008 1330 1015 ⁵

69 1280 225 1360 antiquis,
248 1291 283 1341 ut
307 1300 342 1339 ea
365 1278 455 1338 nobis
473 1280 582 1340 tradita
599 1291 678 1338 sunt.
713 1281 748 1337 In
767 1277 826 1337 hoc
843 1280 911 1338 solo
935 1278 1051 1339 iudicio
1075 1279 1117 1338 dii
1139 1279 1186 1339 ius
1205 1280 1243 1339 de
1269 1280 1314 1341 ’ζ’

69 1366 169 1428 caede
186 1366 256 1431 dare
266 1377 305 1424 et
322 1366 458 1443 accipere
476 1365 656 1435 voluerunt,
692 1375 723 1422 et
740 1363 957 1444 disceptatores
982 1384 1047 1423 esee
1067 1360 1244 1436 intersere,

62 1463 111 1529 ,ut
128 1450 245 1522 lerunt,
270 1448 492 1509 dissentientes.
525 1449 602 1509 Nam
619 1447 779 1528 Neptunus
798 1470 815 1507 a
832 1448 928 1508 Marte
945 1469 1060 1529 poenas
1079 1448 1180 1532 exegit
1196 1449 1244 1509 in-

67 1534 195 1597 terfecti
210 1532 374 1593 Alirrothii
398 1534 469 1603 filii:
487 1547 527 1594 et
543 1532 643 1597 Furiis
666 1554 702 1593 ac
720 1531 822 1591 Oresti
840 1533 887 1593 ius
914 1533 1056 1595 dixerunt
1081 1533 1243 1609 duodecim
1332 1598 1334 1602 ,

67 1619 124 1679 dii.
161 1619 206 1680 Ac
223 1631 325 1678 vetera
344 1617 467 1698 quidem
484 1618 558 1678 haec
575 1631 653 1678 sunt
688 1618 840 1697 Deinceps
858 1631 975 1691 autem,
1000 1619 1099 1680 solum
1116 1619 1176 1680 hoc
1194 1618 1243 1679 iu-

66 1703 187 1766 dicium
204 1724 269 1763 uun
287 1715 444 1785 tyrannus,
465 1724 528 1763 non
545 1703 913 1784 paucorum'dominatus,
931 1725 995 1763 non
1012 1704 1120 1785 populi
1137 1717 1242 1765 aucto.-

65 1788 149 1855 ritas
166 1786 343 1869 capitalibus
362 1787 458 1847 causis
478 1788 677 1849 diiudicandis
696 1787 826 1867 spoliare
845 1789 994 1849 instituit:
1012 1790 1066 1848 sed
1085 1811 1190 1849 omnes
1208 1809 1242 1850 se

68 1874 113 1935 cle
131 1866 180 1935 bis
197 1872 412 1933 controversiis
432 1872 532 1933 minus
550 1893 639 1955 grave
657 1873 722 1944 ius,
748 1895 837 1952 quam
855 1872 892 1932 ab
911 1870 1133 1934 his'inventum
1153 1882 1248 1949 esset,

67 1958 297 2041 excogitaturos
322 1957 525 2018 crediderunt
568 1959 655 2032 Quae
674 1978 742 2016 cum
759 1958 801 2015 ita
820 1958 896 2032 sint,
920 1956 980 2017 hoc
1003 1957 1093 2018 etiam
1116 1960 1259 2033 accedit,-
1325 1993 1338 2011 ι

69 2044 161 2122 quod
186 2041 235 2101 bic
260 2063 351 2101 nemo
376 2060 511 2121 uuquam
533 2043 581 2101 vel
605 2063 675 2102 reus
703 2042 875 2115 damnatus,
900 2039 1059 2102 vel'actor
1081 2057 1240 2124 superatus

47 2128 237 2188 ‘ostendere
262 2127 380 2206 potuit,
406 2127 588 2188 sententiam
612 2146 769 2207 perperam
795 2126 889 2187 luisse
914 2126 1011 2186 latam
1054 2127 1123 2187 Hoc
1147 2128 1242 2210 igitur

14 2280 23 2291 ,
69 2210 258 2292 praesidium
273 2210 401 2271 civitatis
421 2224 451 2271 et
468 2211 617 2293 legitimas
635 2211 700 2269 eius
718 2211 852 2272 ultiones
870 2210 1005 2292 neglexit
1022 2212 1109 2272 istius
1127 2212 1241 2277 decreti

67 2298 225 2377 scriptor,
248 2308 280 2356 et
298 2291 479 2356 Charidemo
505 2296 620 2357 viventi
642 2295 794 2355 licentiam
813 2296 898 2375 dedit
920 2295 1068 2370 faciendi,
1096 2298 1241 2378 quicquid

70 2380 141 2441 eius
159 2380 255 2441 libido
281 2380 394 2441 tulerit
437 2381 491 2446 ¹Sin
518 2381 592 2460 quid
616 2381 645 2440 ei
668 2379 841 2440 accidisset:
864 2380 1042 2449 necessariis
1069 2381 1133 2441 eius
1158 2382 1240 2442 cilu-
1343 2401 1344 2404 ’

70 2464 224 2539 mnia'rom
237 2487 323 2529 ansas
337 2466 547 2545 suppeditavit
565 2465 615 2543 ¹Sic
629 2477 730 2524 autem
749 2465 946 2525 considerate.
964 2465 1054 2526 Scitis
1073 2467 1131 2526 hoc
1149 2466 1240 2534 nimi,

68 2572 143 2610 rum
162 2538 295 2622 omnes,
317 2551 349 2608 in
367 2554 529 2632 Areopago
537 2593 550 2624 „
571 2536 633 2609 irbi
650 2550 698 2613 lex
716 2550 753 2609 de
773 2550 864 2625 caede
883 2551 993 2633 agendi
1011 2563 1042 2610 et
1059 2542 1240 2632 potestatem
1313 2576 1316 2581 ·

70 2647 104 2695 et
123 2636 297 2696 mandatum
318 2635 388 2707 dat,
416 2636 547 2714 primum
574 2633 782 2694 iusiurandum
803 2635 878 2695 ¹(lare
898 2649 928 2695 et
954 2635 1077 2703 exitium
1100 2635 1140 2719 (si
1158 2636 1240 2695 calu-

70 2718 221 2801 mnietur)
239 2734 306 2789 tum
318 2718 377 2789 sihi
388 2717 456 2798 ipsi,
474 2733 539 2779 tum
556 2720 650 2801 genti,
667 2732 732 2778 tum
747 2718 877 2778 familiae
890 2740 970 2779 suae.
980 2719 1137 2799 imprecari
1155 2721 1240 2801 cogi-

69 2818 127 2864 tur
142 2804 191 2877 is,
204 2805 258 2885 qui
276 2802 407 2882 aliquem
425 2804 492 2863 talis
510 2804 636 2873 alicuius
655 2801 796 2863 facinoris
815 2803 997 2864 crimffla'turt
1038 2803 1158 2864 Deinde
1176 2824 1240 2863 non

69 2888 339 2971 vulgarealiquod
356 2882 653 2950 iusiurandumdare
672 2887 808 2968 cogitur,
841 2889 894 2947 sed
914 2887 1002 2967 quale
1019 2909 1110 2947 nemo
1128 2887 1160 2946 in
1178 2888 1240 2965 ulla
1305 2922 1309 2928 -

68 2994 105 3034 re
128 2974 187 3035 alia
211 2974 307 3046 iurat,
330 2974 472 3035 insistens
497 2972 680 3033 consecratis
704 2971 843 3035 carnibus
868 2973 947 3052 apri,
973 2971 1074 3033 arietis
1100 2986 1130 3033 et
1151 2972 1240 3052 tauri,

68 3058 182 3139 bisque
201 3057 346 3130 mactatis,
363 3070 428 3117 tum
447 3080 463 3117 a
482 3057 591 3137 quibus
611 3070 742 3138 oportet,
760 3068 824 3116 tum
843 3056 879 3115 iis
899 3057 1017 3130 diebus,
1035 3056 1145 3137 quibus
1165 3078 1246 3132 cong

72 3144 172 3204 venit:
200 3157 237 3203 ut
255 3163 305 3216 ea,
334 3163 411 3221 quae
431 3156 461 3202 et
479 3143 576 3222 spatio
595 3141 740 3222 temporis
758 3154 789 3201 et
806 3162 925 3216 rerum,
952 3162 1029 3221 quae
1046 3141 1240 3215 adhibentur,

69 3228 257 3288 solennitate
275 3227 381 3309 perfici
403 3228 450 3287 ins
475 3227 579 3306 fasque
599 3239 661 3301 est,
688 3226 789 3286 omnia
806 3234 1004 3306 praestentur.
1047 3228 1246 3306 Quamquam

69 3326 174 3382 autem
191 3334 224 3372 se
241 3312 296 3373 tali
313 3325 498 3373 sacramento
514 3311 667 3394 obligarit,
685 3311 823 3375 noudum
838 3325 939 3371 tamen
955 3310 1084 3381 hahetur
1102 3312 1240 3391 eifides:
1341 3362 1346 3369 .

69 3399 128 3458 sed
152 3396 179 3456 si
203 3395 353 3457 mendacii
377 3397 531 3458 convictus
556 3395 668 3469 suerit,
688 3391 766 3454 nihil
784 3395 864 3461 aliud
884 3395 1181 3475 consequitur„nisi
1203 3406 1239 3467 u't
1340 3442 1343 3447 ,

54 3482 186 3555 =liberos
205 3502 277 3541 suos
298 3494 328 3541 et
347 3502 467 3541 omnem
485 3480 760 3541 familiamnefario
785 3494 816 3540 et
833 3479 962 3540 exitioso
981 3478 1107 3561 periurii
1120 3481 1239 3557 'scelere

68 3563 294 3627 contaminarit
321 3564 375 3625 Sin
394 3556 460 3626 iure
479 3587 632 3627 accusasse
650 3565 798 3645 videatur,
809 3562 847 3624 'et
862 3586 949 3625 reum
961 3565 1067 3635 caedis
1084 3578 1239 3646 perpetra·
1281 3608 1312 3649 ·:'

67 3651 328 3727 taelcunvicerit,
353 3671 392 3721 oe
417 3651 461 3711 sic
487 3651 609 3732 quidem
628 3652 799 3727 damnatum
825 3650 857 3708 in
882 3672 935 3710 sua
957 3662 1107 3730 potestate
1132 3649 1240 3730 habet:
1303 3646 1311 3713 ,’

68 3737 126 3797 sed
144 3736 308 3821 infligendi
325 3735 465 3816 supplicii
482 3736 530 3796 ius
549 3749 587 3797 eu
597 3735 759 3797 auctoritas
773 3754 867 3816 penes
886 3736 1031 3816 legesest
1045 3746 1075 3794 et
1090 3754 1153 3807 eos,
1171 3734 1239 3813 qui-

18 3896 21 3901 .
69 3821 129 3899 bus
142 3814 300 3884 exsecutio
319 3814 487 3895 sententiae
506 3835 553 3882 est
567 3821 713 3884 mandata.
731 3821 879 3882 Interesse
899 3820 1070 3900 spectaculo
1090 3817 1241 3899 supplicii,

69 3909 157 3986 quod
176 3909 350 3987 damnatum
369 3927 405 3965 ex
422 3905 662 3988 legesequitur,
685 3905 860 3975 ,accusatori
877 3905 964 3977 licet,
998 3926 1054 3983 bec
1071 3915 1191 3983 praeter
1202 3901 1239 3971 ¹id

12 4025 17 4034 ·
68 3991 155 4061 aliud
181 3992 352 4072 quicquam,
394 3991 434 4050 Et
460 3991 533 4051 haec
557 4002 644 4063 sunt,
669 4011 746 4069 quae
770 3991 808 4048 ad
832 4004 1037 4051 accusatorem
1061 3987 1240 4069 pertineant.

68 4078 155 4137 Reus
174 4090 278 4138 autem
296 4075 462 4135 calumniae
479 4075 688 4135 iusiurandum
707 4075 758 4134 dat
775 4073 884 4134 eodem
903 4075 1012 4151 modo,
1036 4085 1067 4133 et
1084 4071 1171 4145 licet,
1194 4085 1239 4146 ut,
1270 4094 1275 4103 ·

69 4162 213 4223 oratione
230 4160 334 4242 priore
352 4160 421 4221 loco
440 4160 535 4235 dicta,
568 4160 654 4220 cedat
672 4179 689 4221 e
706 4158 808 4219 medio
825 4159 977 4239 salutique
995 4177 1067 4219 suae
1086 4157 1243 4233 consulat:¹

68 4248 157 4328 quod
174 4267 233 4307 nec
251 4258 423 4318 accusator,
447 4265 546 4325 neque
563 4244 697 4319 iudices,
714 4243 964 4324 nequealiorum
979 4242 1137 4302 hominum
1156 4236 1240 4322 quis}

69 4354 163 4411 quam
174 4329 346 4415 ⁴prohibere
363 4342 472 4411 potest
515 4326 734 4407 Curtandem,
750 4328 973 4403 Athenienses,
990 4327 1064 4389 haec
1082 4326 1125 4388 sic
1143 4326 1239 4395 admi-

1260 4328 1322 4386 408
