2722 4754
133 191 196 252 ass
335 179 344 200 ⁸
381 146 1014 257 ιιιιίιοιιιιιίιιιοιιιιιο

131 334 242 410 abduci
257 300 351 408 liceat
367 347 405 407 ad
422 303 663 418 Undecimviros
691 347 811 428 Siquis
830 367 902 409 vero
921 359 1018 407 noctu
1037 346 1193 429 quippiam
1213 347 1305 408 suni

35 418 108 511 468
133 435 251 518 puerit:
276 446 346 497 eum
365 444 397 492 et
409 433 570 535 occidere,
596 447 627 494 et
643 435 726 496 inter
750 433 998 515 persequendum
1015 431 1196 506 vulnerare,
1223 445 1269 492 et
1264 434 1307 494 a'd
1330 500 1333 513 Ι

108 519 417 593 -Undecimviros,
392 540 418 580 st
436 520 486 579 cui
504 519 600 594 lubet,
617 520 779 592 abducere,
795 519 839 582 fas
856 529 933 580 esto.
958 514 1109 579 Convicto
1129 530 1234 579 autem
1254 538 1306 579 eo-

129 629 198 669 rum
216 604 397 680 facinorum,
415 618 542 687 propter
560 607 689 687 quaein
705 604 831 665 vincula
844 604 917 666 licet
934 604 1042 685 abripi,
1061 625 1125 665 non
1144 605 1237 664 liceat
1256 604 1307 665 da-

75 678 84 696 *
129 694 171 754 tis
175 682 314 752 vadibus
333 690 504 752 satisfacere
522 709 578 772 pro
596 692 704 752 furtis.
728 691 782 750 scd
799 710 882 750 mors
899 710 999 771 poena
1018 704 1093 751 esto.
1129 687 1220 762 Ac
1195 711 1222 748 ιι
1240 689 1309 769 quis

130 788 147 841 e
165 780 279 879 Lyceo,
297 789 350 837 aut
367 797 403 838 ex
420 775 613 850 Academia,
611 789 670 837 aut
688 772 866 860 Cynosargc
883 789 950 850 vest
936 789 1009 850 tem,
1027 789 1081 837 aut
1095 775 1311 859 lagunculum,

130 876 183 927 aut
201 858 363 949 quicquam
382 855 464 923 alind
482 861 601 922 minimi
618 861 726 945 pretii,
750 876 803 922 aut
819 862 944 942 aliquod
968 863 1123 924 vasculum
1143 875 1161 922 e
1180 877 1310 944 gymna-

130 950 184 1012 siis
198 964 250 1011 aut
264 949 415 1031 portubus
429 949 612 1029 surripuerit
626 970 746 1031 supra
730 949 835 1008 decem
855 947 1020 1030 drachmas,
1040 948 1131 1008 etiam
1145 946 1195 1008 his
1208 958 1311 1007 morte
1336 962 1342 970 “

109 1056 245 1120 poenas
264 1056 330 1096 esse
349 1035 475 1095 luendas
503 1034 669 1109 coustituit.
712 1022 746 1092 Si
765 1034 832 1113 quis
850 1052 929 1094 vcro
949 1033 1066 1119 privato
1096 1031 1213 1094 iudicio
1233 1031 1312 1092 furti

92 1119 98 1130 ⁴
131 1121 300 1187 convictus
308 1121 431 1193 fuerit,
446 1141 475 1179 er
466 1104 585 1180 licere
612 1120 740 1202 duplum
764 1119 891 1180 solvere
908 1120 1082 1181 aestimatae
1107 1119 1185 1180 litis:
1212 1137 1311 1200 penes

52 1253 55 1255 Δ
87 1252 89 1256 f
130 1228 204 1271 vero
223 1208 354 1267 ludices
360 1224 445 1280 esse,
461 1205 566 1266 fur‘ern
584 1218 706 1287 praeter
729 1218 889 1289 argentum
908 1206 946 1265 ad
965 1206 1113 1307 quinque·
1121 1206 1244 1265 dicrum
1262 1215 1314 1263 ιο-

96 1321 104 1328 *
129 1295 287 1376 tidemque
313 1292 451 1370 noctium
476 1291 597 1354 vincula
623 1294 782 1397 damnare,
808 1304 843 1352 ut
862 1312 968 1352 omnes
988 1313 1058 1352 curn
1083 1291 1223 1357 vinctum
1241 1310 1312 1350 csse

77 1421 83 1426 -›
129 1379 260 1442 videant
688 1413 693 1418 ·
1078 1419 1081 1427 ι
1288 1380 1324 1425 -’

182 1464 324 1524 Etiam
332 1464 385 1524 bas
402 1464 488 1547 leges
506 1463 598 1544 paulo
615 1462 712 1564 prius
719 1414 884 1523 audivistis,
914 1458 1043 1523 Censuit
1061 1463 1154 1537 enirn,
1172 1461 1314 1546 {lagitio-
1350 1490 1355 1496 ·

19 1608 21 1612 ι
51 1608 86 1636 ,χ
130 1573 198 1638 sum
216 1550 374 1610 bominem
385 1570 474 1623 ιιοιι,
499 1560 618 1609 tautum
635 1548 752 1630 rapinis
767 1549 935 1623 restitutis,
955 1569 1020 1609 esse
1040 1549 1202 1609 liberatum
1222 1547 1313 1632 (qnia

20 1636 34 1667 '·
129 1628 272 1719 magnum
290 1633 401 1694 furum
410 1647 594 1716 proventum
613 1654 650 1695 eo
669 1634 793 1715 quidem
810 1647 899 1715 pacto
918 1635 1011 1695 sore
1004 1636 1139 1708 censuit,
1164 1657 1192 1695 ιι
1182 1633 1313 1696 celato

101 1792 104 1797 ⁴
123 1721 211 1783 'furto
227 1720 415 1794 fruerentur,
434 1721 627 1801 deprehenso
645 1720 836 1780 tantumdem
855 1720 1000 1780 duntaxat
1016 1721 1191 1794 solverent,
1211 1740 1308 1800 quan·

77 1851 80 1855 ·
127 1821 194 1869 tum
213 1803 436 1888 sustulissent):
461 1806 515 1866 sed
534 1818 600 1864 tum
619 1805 908 1887 duplumoportere
926 1807 1061 1881 solvere,
1088 1819 1172 1880 tum,
1189 1805 1223 1866 in
1240 1805 1311 1866 vin-

128 1892 213 1960 culis
223 1891 388 1969 habiturn,
391 1913 481 1972 supra
499 1890 642 1953 mulctam
660 1890 748 1964 hanc,
767 1888 851 1970 quod
869 1891 949 1952 vitae
960 1892 1115 1972 reliquum
1132 1891 1239 1965 fuerit,
1258 1911 1313 1951 ex-

110 1978 225 2062 ‘igere
230 1998 300 2038 curn
318 1977 449 2037 infamia.
475 1976 574 2036 Non
564 1988 607 2036 ιιι
624 1976 828 2045 Timocrates:
847 1976 901 2036 sed
921 1990 952 2036 et
970 1977 1030 2038 boo
1049 1976 1163 2051 effecit,
1174 1989 1218 2038 ut
1235 1976 1312 2037 sim

44 2138 46 2144 ἢ
125 2064 176 2146 pla
202 2063 377 2134 solvantur,
405 2076 482 2142 quae
507 2060 598 2142 dupla
612 2062 695 2121 solvi
721 2061 941 2163 conveniebat,
969 2063 1131 2151 nequead
1152 2062 1225 2122 haec
1242 2061 1310 2121 nlla

127 2169 228 2248 poena
246 2141 413 2207 adiicietur.
431 2148 539 2227 Neque
558 2147 630 2206 satis
648 2146 793 2222 babuit,
784 2147 1011 2227 rniquissimum
1028 2150 1129 2209 facere
1149 2148 1308 2208 decretum

127 2241 184 2318 p'rc
203 2233 259 2308 iis,
286 2233 339 2312 qui
344 2234 520 2333 peccaturi
539 2244 657 2305 essent,
681 2232 743 2292 nisi
761 2233 851 2293 etiam
871 2233 911 2293 ob
931 2234 1074 2295 delicta'
1064 2256 1125 2294 ram
1144 2229 1313 2292 mulctatos

126 2318 236 2401 poenis
256 2318 422 2378 exemisset.
459 2311 557 2397 Atqui
576 2336 633 2400 ego
652 2317 805 2397 putabam,
823 2318 1005 2400 legislatoris
1024 2321 1066 2380 id
1074 2339 1140 2389 esse
1160 2315 1315 2389 officinm,

18 2455 21 2465 .
121 2404 252 2484 *futuris
259 2406 297 2463 de
315 2405 407 2463 rebus
427 2425 504 2483 quae
522 2403 589 2463 fieri
609 2411 769 2504 oporteat,
787 2415 818 2463 et
836 2403 935 2483 qualia
954 2405 1074 2491 singula
1092 2424 1169 2490 esse,
1188 2416 1221 2463 et
1240 2402 1327 2487 qui-¹

103 2483 109 2488 ’
128 2490 184 2551 bus
203 2491 312 2570 poenis
331 2488 457 2549 iniurias
483 2489 617 2572 singulas
636 2488 771 2549 οοιέιιιιὶ
798 2489 923 2564 deceat,
948 2488 995 2551 bis
1015 2493 1137 2551 demum
1157 2482 1314 2549 derebus

128 2576 324 2637 constituere.
360 2575 429 2635 Hoc
448 2574 529 2635 enim
549 2587 596 2635 est
613 2574 697 2657 leges
716 2574 815 2649 ferre,
841 2595 919 2655 quae
936 2577 1008 2657 pari
1027 2576 1180 2660 aequitate
1201 2594 1312 2634 omnes

126 2661 208 2722 cives
227 2660 504 2742 comprehendant:
531 2661 586 2720 sed
604 2658 645 2719 de
660 2660 832 2740 praeteritis
857 2661 1010 2737 scribere,
1033 2655 1065 2722 id
1083 2680 1157 2724 vero
1177 2671 1314 2725 nonest

60 2789 83 2829 ‘.
126 2741 207 2806 ferre
221 2746 320 2829 leges,
338 2746 393 2806 sed
411 2747 516 2804 lovere
535 2752 691 2807 nocentes.
725 2743 926 2807 Considerate
944 2767 1018 2808 vero
1036 2748 1069 2807 in
1088 2745 1191 2807 baec'
1181 2758 1312 2820 urtuen-

125 2827 184 2906 t'es,
200 2847 293 2911 quam
310 2844 407 2910 ‘aequa
426 2832 532 2890 dicam.
549 2831 665 2890 Nam
641 2854 666 2891 ιι
681 2832 853 2892 Euctemon
864 2824 1046 2895 violatarum
1060 2834 1184 2914 legum
1183 2816 1312 2891 darnna-

17 2931 19 2935 '
68 2989 73 3001 ι
120 2929 176 2978 'tus
195 2920 286 2993 essct,
302 2937 368 2975 non
385 2916 512 2977 tulisset
524 2914 652 2998 legem
643 2929 731 2977 astam
744 2917 943 2992 Timocrates,
962 2939 1064 2999 neque
1078 2908 1217 3000 baclcge
1230 2916 1310 2976 luis-
1335 2918 1337 2923 ’

126 3014 174 3063 ιιι
192 3022 271 3082 opus
294 3000 500 3090 reipublicaet
525 3002 579 3060 scd
597 3002 671 3063 satis
688 3002 747 3083 ipsi
773 3001 969 3078 habuissent,
997 3004 1140 3085 peculatu
1160 3023 1218 3063 suo
1234 3000 1309 3075 frui,
1329 3049 1332 3052 .

106 3167 108 3170 ⁴
126 3086 274 3188 quicquid
292 3088 333 3146 de
348 3084 423 3147 aliis
436 3087 531 3146 fieret
566 3087 673 3161 Nunc,
692 3105 763 3147 cum
779 3087 821 3148 sit
837 3087 1013 3174 absolu-tus,
1030 3101 1163 3150 vestram
1179 3099 1307 3148 senten-

104 3172 200 3233 -ἰίιιιι
218 3185 249 3232 ιι
274 3172 380 3236 iudicii
410 3172 589 3254 suffragium
613 3173 809 3259 reliquasque
835 3174 962 3256 leges
938 3196 1004 3235 stne
1031 3174 1217 3236 auctoritate
1238 3192 1308 3234 esse
1344 3179 1354 3185 ”

126 3269 283 3340 oportere
298 3270 440 3318 censent:
468 3279 552 3328 suam
571 3271 602 3318 et
628 3279 701 3319 suae
727 3260 804 3342 legis
830 3261 1043 3322 auctoritatem
1069 3281 1135 3320 esse
1161 3264 1305 3354 oportere

32 3355 43 3397 ⁸<
78 3363 82 3377 ·
125 3364 272 3426 maguam.
306 3343 421 3423 Atqui,
440 3344 642 3418 Timocrates,
659 3366 715 3405 eae
733 3344 833 3428 leges,
852 3366 927 3424 quas
944 3346 1045 3406 firmas
1065 3359 1097 3405 et
1113 3348 1189 3406 ratis
1199 3341 1302 3403 babe-

58 3439 59 3442 ’
125 3445 210 3504 mus,
238 3450 359 3491 omnem
378 3447 462 3490 suam
481 3429 694 3493 auctoritatem
713 3430 745 3489 in
765 3431 857 3491 hosce
876 3432 1057 3506 conferunt,
1075 3430 1192 3510 illisque
1210 3440 1309 3508 pote-
1336 3418 1340 3438 '

104 3527 245 3576 statem·
253 3515 344 3589 dant,
360 3527 417 3589 ut,
430 3536 479 3575 re
486 3516 606 3588 audita,
624 3516 715 3596 quale
734 3517 851 3576 facinus
871 3517 1052 3591 iudicarint,
1070 3515 1127 3577 tali
1141 3530 1212 3596 erga
1231 3533 1320 3572 son-.

39 3607 100 3667 469
119 3614 187 3662 tem
214 3599 305 3660 etiarn
331 3603 375 3661 ira
402 3615 668 3663 commoveantur:
700 3601 726 3662 si
750 3623 911 3685 magnum,
938 3624 1064 3686 magna·
1089 3600 1144 3661 sin
1166 3619 1308 3680 parvum,

123 3679 222 3769 parra.
257 3686 335 3748 Nam
353 3686 424 3747 cuni
441 3687 473 3747 in
492 3709 530 3748 eo
548 3707 597 3748 res
617 3695 673 3762 est,
694 3699 731 3748 ut
747 3689 840 3749 statui
859 3680 978 3763 debeat,
997 3688 1072 3771 quid
1091 3687 1132 3748 sit
1149 3685 1199 3745 vel
1215 3683 1307 3743 luen-

39 3834 49 3845 ,
124 3773 216 3847 dum,
242 3773 292 3834 vel
316 3773 514 3834 solvendum:
540 3773 712 3835 aestimatio
737 3773 869 3834 mulctae
877 3789 986 3875 'penes
1012 3774 1068 3833 hos
1089 3785 1151 3834 ιιι·
1156 3778 1213 3831 tu
1230 3788 1308 3829 vero

30 3862 33 3867 ’
123 3878 244 3940 poenas
256 3879 421 3945 corporum
439 3860 600 3933 sustulisti,
616 3859 755 3919 vinculis
766 3860 908 3921 remissis.
936 3860 1057 3935 Quibus
1076 3879 1150 3919 vero
1170 3855 1241 3916 id?-
1238 3855 1306 3913 Fu-

95 3965 99 3981 ·
123 3943 225 4018 ribus,
237 3933 406 4046 sacrilegis,
419 3946 587 4026 parricidis,
605 3945 777 4019 homicidis,
796 3945 1015 4021 emansoribus,
1035 3941 1183 4042 ordinum
1200 3919 1304 4001 deser·
1326 3996 1329 4001 .

66 4068 72 4079 s
123 4030 261 4090 toribus·
282 4030 338 4090 bos
357 4032 438 4091 enim
457 4053 564 4092 omnes
582 4032 644 4091 ista
659 4031 727 4114 lege
745 4032 848 4093 tueris.
874 4032 1038 4091 Enimvero
1058 4027 1200 4110 quisquis
1219 4027 1305 4108 leges

117 4113 254 4174 «ιιιιιιι
244 4137 277 4175 ιιι
295 4103 410 4176 libera
417 4116 537 4177 civitate
562 4138 663 4198 neque
689 4139 863 4190 sacrorum,
888 4137 989 4196 neque
1011 4110 1125 4197 populi
1150 4114 1304 4175 ιιιίοιιιιιι

124 4198 232 4271 babet,
251 4201 305 4260 sed
324 4222 432 4261 eorum
450 4201 626 4277 hominum,
646 4224 724 4283 quos
743 4204 836 4283 modo
856 4204 928 4276 dixi,
945 4223 1050 4261 annon
1067 4200 1213 4263 ultimum
1224 4219 1304 4298 sup-

25 4290 30 4295 '
123 4280 250 4365 plinium
268 4287 365 4366 probe
384 4288 586 4349 commeruit?
622 4290 686 4348 Nec
706 4287 786 4347 enirn
812 4287 873 4347 hoc
892 4287 989 4362 dicet,
1015 4286 1150 4360 scilicet,
1178 4285 1254 4366 qui-n
1274 4294 1305 4340 ct

86 4367 110 4447 ,'
125 4381 268 4451 oporteat
285 4383 321 4437 et,
334 4371 420 4455 leges
436 4372 571 4474 iubeant,
585 4372 681 4436 huius
693 4373 833 4474 generis
829 4374 979 4435 homines
988 4371 1176 4456 gravissimis
1193 4367 1303 4453 poenis
