2722 4754
113 169 176 240 aaa
394 162 762 243 Demosthenis
798 138 990 233 oresio

113 328 297 397 munitatem.
316 348 410 415 porro
429 325 638 393 'aedilitiorum
663 345 842 430 munerum,
876 323 1027 407 siquidem
1052 325 1110 397 tila,
1127 327 1177 387 ad'
1192 343 1281 397 sacra

28 464 33 479 “’
112 415 516 586 tdtttttttlbtt
533 416 1183 579 ltt‘ff‘tttttttttttttttt?tt
1193 430 1282 556 ,tt

112 582 264 671 reliquum
288 599 341 648 est
375 581 447 647 Non
470 598 569 659 certe,
594 585 664 645 Sed,
679 600 785 656 eorum
808 600 984 657 munerum,
1012 602 1089 663 quae
1112 581 1146 643 in
1169 579 1282 643 orbem

63 684 66 690 '
111 678 251 751 redeunt,
263 670 519 755 quemadmodum
535 683 566 733 et
579 680 676 731 statua
690 667 813 741 indicat,
824 680 856 728 et
870 680 906 727 tu
921 667 1009 729 initio
1027 667 1102 750 legis
1118 665 1283 740 definiisti,

112 777 144 825 et
163 760 264 821 omnia
281 757 444 840 superiorat
461 771 599 840 tempora
615 767 778 827 testantur:
800 774 877 836 quae
895 776 964 814 cum
986 754 1039 813 lon
1063 752 1163 815 'asima
1179 753 1282 815 intei-

112 847 276 919 cesserint,
304 864 405 924 neque
423 844 521 904 tribus
538 865 672 925 unquam
689 840 751 902 ulla
769 858 1006 922 quemquamex
1021 775 1148 909 illbrum,
1161 836 1284 899 'familia

44 989 46 993 .
110 932 239 1001 aedilem
258 932 421 992 decernere
438 950 508 989 ausa
525 927 598 1002 fuit,
621 949 739 1008 neque,
764 927 790 986 si
808 927 875 1007 quis
893 925 969 985 alius
987 925 1127 985 decretus
1144 923 1224 997 fuit,
1240 923 1282 984 ad
1298 950 1311 967 ·-

37 1052 39 1057 ·
111 1016 366 1101 permutationem
382 1014 559 1077 facultatum
577 1035 629 1074 eos
647 1030 820 1094 provocare.
861 1002 963 1087 Qua‘re
981 1010 1215 1071 auscultandum
1231 1007 1281 1069 illi

111 1123 174 1164 nou
194 1115 255 1175 est,
280 1101 306 1160 si
329 1099 376 1158 bis
391 1099 542 1160 contraria
559 1098 695 1181 proferre
713 1119 803 1158 ausus
820 1095 920 1161 luerit
961 1096 1120 1155 Praeterea
1138 1092 1280 1155 semesis

88 1237 91 1249 .
112 1187 202 1249 etiam
221 1185 280 1251 hoc
298 1183 507 1266 exagitabunt,
535 1185 699 1265 quosdam,
725 1181 779 1263 qui
795 1201 827 1241 se
846 1181 1038 1263 Megarenses
1056 1191 1088 1239 et
1104 1176 1279 1239 Messeniae

112 1291 178 1339 esse
196 1271 313 1343 dicant,
329 1272 462 1349 quorum
479 1268 663 1333 marima¹sit
680 1267 860 1340 multitudo,
883 1265 1032 1325 immunes
1050 1283 1132 1337 esse,
1151 1275 1182 1324 et
1200 1262 1289 1323 alios,
1310 1307 1313 1311 -

53 1360 55 1365 ’
112 1355 257 1438 quosdam
276 1362 378 1430 servos
397 1367 428 1414 et
444 1354 638 1430 verberones,
656 1366 692 1414 ut
701 1352 844 1436 Lycidan
863 1362 893 1410 et
906 1344 1088 1432 Dionysium
1099 1347 1191 1432 (nam
1210 1346 1279 1408 eius

46 1446 63 1527 J
111 1440 232 1525 generis
250 1437 389 1500 homiues
406 1437 586 1523 elegerunt)
611 1440 644 1499 Si
661 1439 756 1522 igitur
772 1435 966 1509 hocdic'eut,
984 1422 1092 1499 iubete,
1105 1454 1176 1507 eos,
1192 1431 1223 1505 ‚si
1240 1431 1291 1491 ti.-

34 1592 42 1600 ,
112 1527 180 1585 dem
199 1523 257 1583 sihi
274 1545 290 1583 a
307 1524 394 1585 vohis
413 1525 518 1587 h‘aberi
536 1525 648 1607 velint,
677 1520 1135 1593 senatusconsulta'ostendere,
1163 1516 1277 1598 quibus

112 1609 163 1671 isti
181 1609 413 1679 immunessina
447 1610 512 1671 Nec
529 1609 609 1671 enim
629 1609 787 1690 quisquam
805 1605 885 1686 apud
902 1626 956 1666 vos
975 1605 1116 1665 immunis
1134 1615 1199 1675 est,
1216 1600 1283 1665 nisi-
1336 1622 1341 1629 ·

112 1694 141 1754 ei
158 1695 198 1753 sit
214 1691 386 1759 immunitas
405 1694 453 1754 sel
471 1693 752 1769 senatusconsulto,
776 1693 824 1752 vel
843 1691 911 1773 lege
929 1690 1005 1751 data
1041 1688 1187 1770 Hospites
1202 1686 1277 1768 qui-
1294 1728 1315 1741 -

113 1779 182 1837 dem
199 1776 315 1858 publici
338 1790 369 1837 et
391 1791 618 1859 procuratores,
643 1779 717 1848 tales
741 1777 820 1859 apud
842 1797 896 1837 vos
920 1796 975 1856 per
991 1775 1184 1857 magistratus
1203 1771 1277 1833 secti

113 1875 194 1936 sunt,
212 1883 343 1942 quorum
359 1884 440 1923 unus
458 1875 505 1925 est
520 1863 668 1948 Lycidas·
685 1862 746 1923 Sed
764 1860 847 1923 eliud
858 1873 912 1931 ,est
929 1880 994 1920 esse
1013 1860 1175 1941 hospitem,
1192 1856 1278 1919 aliud
1295 1870 1298 1877 '

84 1966 95 1985 '-
113 1947 225 2007 habere
242 1947 470 2007 immunitatem.
495 1947 546 2008 'Ne
565 1947 659 2030 igitur
674 1968 729 2009 vos
747 1948 903 2021 seducant,
920 1965 989 2018 nec,
1005 1944 1075 2025 qnia
1092 1964 1197 2005 servus
1213 1942 1277 2026 ty-

113 2030 194 2093 cidrs
212 2045 243 2092 et
259 2031 427 2116 Dionysius
451 2045 485 2097 et
505 2032 580 2093 alius
603 2032 712 2114 aliquis
736 2054 792 2114 per
809 2031 956 2111 eos,·qui
972 2031 1112 2091 mercede
1130 2026 1278 2095 conducti

111 2115 181 2175 talia
199 2115 350 2189 scribunt,
375 2116 464 2178 facilc
481 2118 616 2198 hospites
635 2116 816 2191 ductisunt,
843 2128 1004 2196 propterea
1021 2114 1096 2175 alios
1113 2113 1222 2196 dignius
1241 2123 1276 2170 et

112 2199 226 2260 liberos
241 2212 272 2260 et
287 2201 405 2280 optime.
416 2198 597 2282 promeritos
613 2200 839 2276 donationibus,
853 2223 926 2281 quas
940 2201 1006 2262 iure
1020 2198 1135 2260 avohis
1150 2217 1277 2278 accepe-

29 2287 89 2343 316
113 2298 204 2359 runt,
221 2285 351 2365 spoliare
367 2288 516 2349 studeant
547 2288 624 2347 Nam
640 2289 689 2348 vel
706 2287 762 2348 hac
777 2287 896 2347 ratione
913 2307 982 2347 cum
1000 2281 1136 2345 Chabria
1147 2280 1278 2363 iniquis-

32 2374 40 2389 '
113 2371 189 2432 sime
206 2383 357 2453 ageretur,
375 2372 401 2433 si
418 2370 479 2446 isti,
497 2372 550 2453 qui
565 2368 784 2453 rempublicam·
799 2371 860 2431 hoc
875 2371 968 2432 modo
984 2382 1105 2453 gerunt,
1122 2389 1188 2429 non
1202 2386 1283 2447 coms

78 2510 82 2515 ,
112 2455 201 2527 tenti,
217 2475 337 2516 servum
354 2456 419 2517 eius
430 2457 573 2542 Lycidam
589 2470 723 2519 vestrum
741 2457 891 2538 hospitem
908 2454 1027 2529 secisse,
1046 2455 1136 2516 etiam
1152 2464 1281 2534 propter

113 2540 202 2600 illum
225 2541 339 2635 aliquid
364 2541 422 2622 ipsi
446 2563 623 2605 concessum
643 2564 749 2618 rursus
772 2540 953 2623 eripuerint,
977 2524 1280 2621 salsam'praesertim

70 2692 74 2711 ι
115 2645 233 2685 causam
250 2628 461 2706 praeterendo.
478 2628 544 2689 Nee
562 2627 642 2688 euim
659 2627 709 2687 vel
725 2628 792 2700 iste,
810 2626 859 2687 vel
877 2626 1037 2706 quisquam
1055 2625 1144 2697 alius,
1160 2621 1279 2685 miemsi

64 2720 74 2735 ·
115 2709 226 2789 hospes
251 2709 306 2784 sit,
331 2723 492 2792 propterea
513 2712 657 2772 immunis
680 2724 741 2784 est,
764 2712 825 2773 nisi
849 2711 899 2780 cui
913 2711 1009 2775 claris
1026 2709 1127 2771 verbis
1145 2707 1278 2788 populus

115 2793 336 2856 immunitatem
361 2795 486 2857 dederit
528 2797 597 2856 istis
620 2812 693 2856 vero
718 2817 783 2856 non
806 2796 907 2870 dedit,
933 2816 990 2857 nec
1014 2795 1279 2856 iddenonstrare

114 2890 267 2959 poterunt
302 2879 357 2938 Sin
379 2880 573 2962 impudenter
594 2880 800 2942 affirmabunt:
824 2881 901 2941 nihil
924 2879 1070 2963 praeclari
1091 2876 1287 2939 iacient'a‘ut'

115 2962 204 3023 laude
222 2963 356 3045 dignum.
382 2964 460 3039 lam,
479 2966 562 3046 quod
580 2965 717 3025 omnium
733 2967 860 3028 maxime
878 2966 1044 3027 etvendum
1061 2962 1149 3024 vobis
1165 2974 1227 3035 est,
1245 2958 1279 3019 id

115 3046 259 3135 adiiciam.
287 3048 363 3107 Nam
381 3048 407 3108 si
425 3050 492 3128 quis
512 3049 628 3124 omnia,
646 3067 723 3145 quae
740 3051 883 3132 Leptines
901 3052 940 3112 de
957 3051 1025 3132 lege
1043 3048 1142 3120 dicet,
1160 3058 1192 3107 et
1208 3043 1279 3124 qui-

116 3130 172 3190 bus
191 3131 349 3206 ostendet,
368 3147 433 3193 eam
449 3146 533 3194 recte
551 3135 640 3195 latam
659 3156 741 3209 esse,
760 3137 907 3197 concedat
924 3156 994 3196 sere
1011 3133 1049 3193 ab
1067 3130 1201 3192 'eo'diciz
1215 3150 1280 3188 una

114 3227 231 3301 tamen,
255 3216 371 3276 etiamsi
394 3218 582 3298 promoverit
605 3219 736 3299 aliquid,
760 3221 919 3300 turpitudo
943 3240 1007 3279 non
1030 3217 1165 3289 tollitur,
1190 3218 1297 3293 quaes

98 3298 184 3381 xlege
200 3299 257 3360 ista
274 3300 446 3381 approbata,
463 3303 650 3384 reipublicae
667 3305 792 3365 omnino
807 3304 991 3365 usuveniet
1010 3304 1096 3378 Quae
1114 3300 1209 3383 igitur
1220 3297 1277 3356 illa

115 3384 179 3444 est?
202 3385 296 3477 Quod
313 3386 391 3445 bene
410 3388 534 3450 meritos
553 3386 707 3470 decepisse
724 3388 883 3451 uidebitur.
908 3390 1007 3449 Nemo
1026 3400 1137 3459 autem,
1155 3380 1278 3464 opinor,

114 3468 182 3543 erit,
201 3468 275 3548 quin
293 3468 431 3545 fateatur,
449 3473 480 3532 id
499 3494 564 3533 esse
581 3486 686 3554 turpe:
712 3485 826 3555 quanto
844 3494 916 3533 vero
934 3472 1021 3553 vohis
1035 3471 1167 3551 turpius,
1186 3488 1278 3547 qnam

56 3568 60 3629 j
113 3550 189 3624 aliis,
211 3573 259 3612 me
277 3554 387 3615 audite.
429 3557 486 3617 Est
500 3557 587 3617 vobis
606 3559 729 3638 antiqua
747 3559 795 3618 lex
814 3578 830 3617 e
847 3559 1040 3638 probatarum
1058 3573 1202 3630 numeros
1243 3549 1278 3609 Si

114 3636 182 3716 quis
206 3637 321 3717 aliquid
338 3639 514 3719 pollicendo
531 3641 622 3703 rerba
640 3644 755 3725 populo
774 3642 905 3715 dederit,
928 3642 1150 3703 ut·adducatur
1173 3637 1206 3696 in
1227 3634 1277 3694 iu-

16 3734 48 3757 ·“
113 3721 244 3781 dicium:
269 3724 443 3800 convictus,
467 3738 504 3786 ut
519 3740 617 3788 morte
635 3728 805 3787 mulctetur.
848 3730 911 3797 Vos
935 3727 1031 3808 igitur
1052 3745 1116 3785 non
1139 3718 1279 3802 pudebit,

103 3804 335 3881 Athenienses,
350 3809 433 3891 ipsos
452 3831 486 3870 ea
504 3812 602 3892 palam
619 3814 824 3885 committere,
843 3812 969 3892 quaein
987 3810 1053 3871 aliis
1072 3805 1194 3888 capitali
1211 3804 1279 3864 vin·

113 3889 241 3951 dicanda
257 3893 406 3973 supplicio
424 3896 605 3958 censuistis?
635 3897 712 3958 Nam
730 3916 799 3958 cum
817 3897 918 3958 omnia
936 3896 1117 3978 cavenda'et
1134 3887 1279 3973 fugienda

112 3987 194 4048 sunt,
211 3986 272 4036 t'anr
291 3998 369 4057 qnae
387 3980 487 4061 turpia
503 4002 537 4042 re
549 4003 620 4043 vers
637 3996 718 4055 sunt,
737 4004 826 4063 quam
845 4002 921 4062 quae
939 3981 1082 4042 videntur
1099 3976 1279 4037 inhonesta:

112 4069 178 4117 tum
194 4080 267 4120 vero
286 4081 321 4122 ea
338 4064 538 4144 potissimum,
557 4088 634 4147 quae
651 4067 683 4127 in
701 4067 767 4127 aliis
784 4067 913 4127 moleste
930 4066 1016 4126 feras.
1032 4065 1098 4125 Nec
1117 4059 1200 4123 enim
1216 4057 1278 4118 ulla

113 4147 318 4207 controversia
336 4149 534 4230 relinquitur,
560 4153 634 4232 quin
653 4173 687 4212 ea
704 4151 839 4213 iacienda
857 4171 920 4212 non
938 4153 1016 4222 sint,
1043 4169 1122 4230 quae
1141 4147 1207 4227 ipse
1224 4163 1278 4203 an-

96 4237 160 4326 'tea
178 4229 280 4309 turpia
295 4230 446 4296 iudicaris.
473 4235 523 4296 Ad
542 4238 615 4298 haec
631 4236 708 4297 illud
726 4257 850 4317 quoque
869 4226 1052 4306 cavendum,
1069 4252 1109 4293 ue
1128 4229 1203 4312 quid
1220 4250 1278 4310 pu·

112 4309 191 4373 blsce
209 4314 396 4395 admittatis,
408 4322 492 4400 quod
510 4320 647 4407 privatim
664 4321 806 4383 vitaretis.
832 4318 974 4384 Vestrum
990 4333 1093 4382 antem
1111 4336 1205 4379 neme
1223 4325 1282 4383 est,
