2722 4754
674 82 680 106 l

128 172 246 272 ts'e
348 183 376 222 ‘·
428 185 798 250 onnosrnmms
835 187 1061 275 enarro,
1104 246 1110 259 .

298 294 306 317 Ι
969 311 971 316 .

47 422 50 427 ¹
144 339 335 425 aduersatus)
357 342 434 402 istos*
451 340 533 422 ipsos
560 344 729 425 producere
757 357 869 418 testes,
898 344 1012 404 omnia..
1025 345 1106 407 inter
1129 368 1180 406 me
1201 357 1234 408 et
1251 344 1325 406 illos

55 430 59 435 ’
145 430 295 492 contraria
316 449 381 487 esse
399 427 497 487 lacta?
515 427 593 505 istos
608 432 767 511 pecuniam
786 443 891 490 contra
909 451 962 508 vos
982 433 1143 513 accepisse,
1160 454 1213 492 me
1231 454 1324 493 recu-

143 517 247 578 sasse?
282 514 393 574 Videte
411 513 516 596 igitur,
534 537 695 594 quemnam
713 518 745 575 in
764 515 885 575 civitate
903 515 1057 585 fateamini
1076 540 1142 579 esse
1160 518 1323 583 vecordis-

23 678 27 685 Ι
50 603 54 607 ’
123 603 270 684 Nsimum,
290 612 321 659 et
338 600 516 664 temeritatis
535 614 625 680 atque
644 601 850 682 impudentiae
875 600 1321 675 refertissimuml.Neminem

27 686 33 697 ’
144 700 289 760 vestrum,
307 686 353 746 vel
372 706 427 767 per
445 707 597 759 errorem,
614 686 706 761 alium
725 685 788 745 scio
816 686 968 749 dicturum
994 712 1084 769 quam
1102 690 1321 751 Philocratem

41 818 46 827 .
68 826 71 838 ,
144 775 245 866 Quem
264 784 365 831 autem
384 773 520 832 omnium
539 728 808 872 ιιιιιιοείιιίιιιιιιιι,
835 785 866 845 et
884 774 1039 853 quaelibet
1056 776 1224 836 clarissima
1243 796 1329 836 uoce

54 852 61 860 ’
143 849 429 944 pronuntiantem?
443 854 677 916 Aeschinem
646 857 797 916 mmirum.
833 859 932 934 Quem
952 874 1053 921 autem
1071 862 1122 921 isti
1141 880 1247 922 carere
1264 883 1329 933 am,

13 998 14 1003 ,
144 946 246 1018 dacia,
270 957 301 1003 et
318 930 459 1004 timidum
480 962 544 1002 esse
564 943 601 1002 ad
618 943 722 1003 turbas
741 942 864 1018 dicunt,
890 967 947 1027 ego
967 960 1067 1006 autem
1087 946 1329 1008 verecundum?

27 1038 32 1045 '
83 1022 86 1027 ¹
142 1033 200 1091 Me.
222 1018 332 1111 Neque
350 1028 439 1088 enim
450 1048 583 1107 unquam
601 1027 688 1087 vobit
706 1028 853 1089 molestus
871 1031 926 1105 fui,
943 1045 996 1092 aut
1014 1033 1100 1114 co'e'gi
1118 1033 1244 1096 invitos.
1261 1031 1329 1094 At.

143 1115 243 1198 quiin
254 1114 399 1177 omnibus
415 1112 627 1187 concionibus,
632 1115 762 1214 ’quoties
778 1116 827 1175 de
830 1114 876 1174 his
890 1118 1005 1177 mentio
1020 1119 1097 1195 lacta
1112 1132 1168 1192 est,
1185 1130 1217 1178 et
1228 1139 1329 1178 accu-

137 1215 262 1278 sautem
279 1222 326 1260 me
346 1198 483 1271 audistis,
503 1211 541 1259 et
544 1220 672 1300 semper
688 1200 764 1260 istos
781 1201 1025 1282 redarguentem,
1045 1217 1075 1263 et
1091 1204 1206 1302 palam·
1211 1202 1329 1263 dicert-

136 1299 222 1362 tem,
250 1307 302 1346 eos
320 1285 472 1369 accepisse
495 1285 656 1365 pecuniam
675 1299 706 1346 et
724 1285 825 1346 omnia
844 1287 1017 1348 vendidisse
1035 1289 1158 1371 negotia
1178 1287 1323 1350 ciuitatis

50 1388 54 1402 ¹
138 1372 257 1449 Quae
248 1372 299 1431 rsti
311 1392 386 1429 eum
405 1369 561 1431 audirent:
587 1392 677 1431 nemo
696 1393 831 1472 unquam
850 1393 955 1433 eorum
976 1374 1031 1433 init
1048 1374 1179 1475 infitias,
1198 1394 1266 1433 non
1282 1393 1329 1439 οε

42 1462 71 1493 ³
142 1457 287 1556 spemin·
290 1477 352 1515 non
371 1475 403 1513 se
422 1456 565 1515 ostendit
602 1457 715 1532 Quae
706 1457 802 1539 rgitur
819 1479 906 1518 causa
925 1473 980 1533 est,
996 1472 1033 1519 ut
1051 1459 1191 1519 omnium
1207 1479 1329 1529 recor.

101 1612 104 1618 ,
143 1532 287 1619 dissimi'
278 1565 311 1600 ιιι
330 1541 451 1601 civitate
485 1554 517 1601 et
532 1562 608 1601 voce
626 1542 808 1623 amplissima
826 1544 970 1624 praediti,
1000 1552 1099 1618 ame',
1118 1543 1260 1607 omnium
1276 1543 1329 1604 ti

109 1640 111 1644 ’
143 1628 309 1693 midissimo
330 1642 360 1689 et
377 1627 500 1707 nemine
525 1626 633 1687 clarius
651 1628 815 1709 loquente,
840 1641 960 1694 tantum
986 1630 1190 1711 superentur?
1235 1629 1329 1704 Quia

89 1776 94 1782 ,
141 1717 251 1787 veritas
269 1728 315 1774 est
330 1728 459 1794 potens,
485 1713 669 1773 contrarium
686 1714 847 1773 infirmum.
892 1711 1084 1776 Conscientia
1102 1715 1329 1797 proditionum

142 1802 243 1903 eripit·
246 1800 293 1861 eis
314 1800 482 1863 audaciam:
509 1820 542 1858 ea
560 1799 695 1882 lingnam
712 1799 865 1881 reprimit,
891 1800 1013 1861 obturat
1032 1824 1081 1875 os,
1100 1801 1218 1882 angit,
1221 1800 1321 1862 silen-

139 1889 221 1949 tium
234 1887 372 1967 imponit
414 1885 606 1974 Postremum
625 1897 725 1945 autem
742 1884 820 1960 illud
836 1886 975 1966 prolecto
994 1888 1113 1961 nostis,
1135 1908 1227 1960 eum,
1242 1906 1317 1951 cum

141 1995 240 2056 nuper
256 1970 416 2054 legatum'
408 1992 452 2042 tre
471 1992 540 2030 non
552 1965 702 2046 sineretis,
721 1957 898 2044 clamitasse,
917 1971 997 2032 diem
1017 1995 1048 2033 se
1065 1971 1140 2032 mihi
1160 1973 1312 2051 dicturum

141 2061 234 2141 apud·
229 2071 377 2118 senatum
396 2067 427 2115 et
443 2069 668 2122 accusaturum.
687 2070 717 2116 et
735 2056 806 2129 heu,
824 2056 893 2115 heu
925 2056 1022 2141 Atqui
1040 2059 1091 2119 illa
1110 2071 1191 2117 sunt
1201 2057 1310 2140 longo-

55 2152 118 2212 258
141 2168 210 2206 rum
230 2157 261 2204 et
278 2143 444 2202 multorum
470 2143 667 2202 certaminum
684 2155 776 2222 atque
803 2141 975 2202 orationum
999 2141 1140 2205 exordia:
1166 2142 1240 2203 haee
1259 2166 1311 2210 au-

100 2275 103 2279 ·
139 2246 203 2293 tem
221 2229 384 2330 simplicia,
403 2240 434 2287 et
452 2229 533 2287 duo·
525 2242 586 2288 aut
603 2228 660 2288 tria
678 2227 798 2288 circiter
815 2228 922 2300 verba,
947 2250 1023 2328 quae
1042 2230 1091 2290 vel
1111 2228 1191 2291 heri
1197 2241 1309 2289 emtum

140 2316 324 2397 mancipium
336 2313 480 2395 prolerre
477 2328 603 2393 posset:
621 2313 837 2387 Athenienses,
851 2314 1008 2396 negotium
1022 2315 1080 2376 boc
1095 2314 1325 2397 perindignum„

78 2453 79 2458 ,
129 2416 210 2503 ³⁵⁸.
227 2402 284 2462 iste
302 2421 350 2461 me
370 2421 473 2460 earum
490 2421 592 2460 rerum
610 2414 746 2473 accusat,
765 2421 893 2480 quarum
907 2399 975 2480 ipse
993 2403 1095 2462 socius
1114 2401 1192 2475 fuit,
1213 2413 1244 2460 et
1260 2421 1310 2482 pe-

138 2487 260 2551 cuniam
276 2485 427 2566 accepisse
446 2506 493 2544 me
513 2486 595 2560 dicit,
614 2508 683 2546 cum
700 2487 766 2567 ipse
784 2485 943 2567 acceperit,
961 2500 1013 2547 aut
1031 2490 1063 2549 in
1081 2501 1204 2591 partem
1217 2507 1309 2549 vene-

112 2566 117 2573 ⁴
138 2575 187 2637 rit.
204 2575 324 2635 Horum
343 2570 466 2651 quidem
484 2570 561 2631 nihil
580 2572 665 2646 dixit,
682 2594 739 2632 nec
757 2573 876 2632 locutus
894 2585 952 2646 est,
970 2592 1026 2633 uec
1042 2595 1078 2635 ex
1094 2594 1133 2632 eo
1151 2563 1324 2653 qitisquam.

138 2673 274 2724 vestrum
292 2657 434 2718 audivitz·
446 2657 500 2717 sed
517 2658 575 2717 alia
593 2658 796 2718 minitabatur.
824 2657 1052 2732 Quamobrem?
1078 2659 1175 2733 Quod
1192 2679 1227 2719 ea
1245 2680 1261 2718 a
1278 2678 1311 2718 se

138 2767 204 2807 esse
222 2746 305 2804 facta
317 2743 377 2807 sibi
395 2742 534 2803 conscius
554 2756 635 2816 erat,
661 2757 691 2804 et
709 2744 783 2803 haec
801 2744 892 2803 verba
911 2744 1062 2814 serviliter
1086 2726 1311 2805 reformida-bat

50 2834 54 2843 ’
101 2896 105 2902 ,
137 2830 322 2913 Nonigitur
340 2850 377 2889 eo
396 2829 560 2889 accedebat
576 2829 712 2903 animus,
730 2831 784 2888 sed
802 2829 973 2889 resiliebat:
1000 2830 1216 2895 retrahebatur
1233 2830 1313 2890 enim

95 2906 101 2928 ‘
138 2939 155 2977 a
179 2914 380 2988 conscientia,
416 2914 472 2987 alia
490 2936 562 2975 vero
583 2917 730 2994 quaedam
749 2915 911 2975 conviciari
930 2935 1021 2975 nemo
1041 2938 1110 2976 eum
1128 2915 1325 2997 prohibebat.

140 3016 172 3062 et
189 3000 377 3100 maledicere,
422 3001 516 3075 Quod
535 3013 636 3061 autem
655 3002 881 3063 estmaximum
901 3001 1055 3101 omnium,
1091 3014 1205 3065 canon
1222 2999 1314 3062 rerba

139 3089 209 3161 iam,
226 3087 281 3146 sed
298 3107 347 3145 res
365 3085 443 3167 ipsa:
463 3109 531 3146 cum
551 3104 608 3168 ego
626 3088 747 3160 vellem,
761 3088 886 3187 'quod
869 3090 999 3168 aequum
1020 3101 1101 3161 erat,
1109 3100 1148 3148 ut
1166 3082 1212 3147 his
1230 3087 1314 3186 lega-

139 3186 187 3233 tus
207 3172 311 3256 ieram,
330 3172 373 3231 sic
393 3172 439 3232 bis
458 3171 587 3231 reddere
606 3173 692 3232 vobis
711 3173 881 3247 rationem,
905 3172 1099 3246 Aeschines,
1087 3173 1208 3234 multis
1226 3172 1314 3233 testi-

81 3293 83 3300 ·
139 3259 195 3318 bus
223 3244 378 3331 adductis,
413 3258 450 3316 ad
476 3257 629 3317 rationum
656 3259 814 3341 magistros
842 3259 985 3333 accessit,
1017 3280 1128 3339 meque
1152 3258 1255 3319 vocari
1281 3258 1321 3316 in'

51 3368 54 3373 ·
112 3378 115 3383 >
137 3344 326 3426 praetorium
344 3344 459 3415 vetuit,
477 3356 512 3402 ut
531 3343 751 3423 quitationem
769 3345 979 3418 reddidissem,
997 3367 1055 3405 nee
1072 3343 1220 3425 postulari
1238 3363 1312 3424 pos

16 3420 21 3427 ¹
137 3452 210 3491 sem.
246 3431 290 3488 ιιι
302 3450 350 3489 res
370 3429 429 3489 suit
446 3449 593 3508 perquam
618 3429 752 3494 ridicula.
788 3430 903 3505 Quae
894 3430 988 3512 rgitur
1005 3431 1057 3490 illa
1075 3429 1154 3490 luit?
1174 3425 1256 3489 Cum
1275 3428 1314 3488 de

137 3515 241 3598 priore
259 3515 412 3597 legatione
430 3515 580 3575 rationem
599 3517 791 3590 reddidisset,
811 3539 900 3596 quam
919 3537 1009 3576 nemo
1028 3515 1205 3576 accusabat:
1225 3508 1313 3573 nole-

138 3601 190 3660 bat
214 3601 353 3660 denuo
345 3624 376 3660 m
404 3601 452 3683 ius
477 3602 583 3663 venire
608 3602 645 3661 de
672 3601 742 3675 hae,
769 3625 827 3681 qua
850 3624 932 3684 nunc
956 3623 1037 3662 rcus
1054 3601 1169 3684 agitur,
1195 3600 1231 3661 in
1254 3620 1314 3679 qua

58 3722 61 3727 ,
117 3670 272 3747 somnes
263 3687 391 3750 rmuriae
411 3687 553 3746 inessent
581 3688 675 3762 Quod
694 3699 794 3746 autem
814 3708 871 3770 ego
890 3708 943 3748 me·
958 3688 1003 3747 bis
1022 3687 1183 3759 sistebam,
1204 3708 1242 3746 ex
1260 3706 1322 3745 eoa

137 3793 196 3852 que
217 3784 247 3832 et
265 3771 324 3852 ipsi
338 3772 506 3833 necessitas
524 3772 755 3854 imponebatur,
791 3794 823 3833 se
842 3774 944 3833 denuo
969 3773 1112 3833 sistendi:
1148 3785 1313 3852 propterea

137 3857 223 3918 citari
241 3879 289 3918 me
308 3880 372 3918 ιιοιι
389 3858 516 3919 sinebat.
559 3861 593 3918 ld
611 3871 713 3920 autem
730 3859 860 3933 factum,
890 3858 1113 3931 Athenienses,
1144 3870 1329 3958 utrumque(

136 3945 224 4004 vobis
252 3945 387 4005 ostendit
413 3958 538 4025 aperte,
557 3958 623 4005 tum
648 3944 741 4005 istum
767 3945 964 4025 semetipsum
991 3946 1164 4018 damnasse,
1189 3956 1228 4005 ut
1253 3943 1312 4002 iam

136 4051 228 4090 nemo
253 4044 388 4092 vestrum
413 4053 483 4091 eum
508 4030 573 4092 sine
598 4030 752 4112 impietate
770 4031 868 4112 possit
885 4030 1058 4104 absolvere,
1085 4043 1151 4090 tum
1176 4029 1256 4103 nihil
1275 4028 1312 4088 de

137 4136 185 4175 me
203 4116 269 4176 veri
287 4117 454 4177 dicturum.
481 4117 516 4176 Si
534 4117 616 4183 enirn
634 4116 805 4190 habuisset,
828 4115 878 4176 ibi.
890 4129 921 4176 et
938 4117 1070 4177 diceudo
1089 4128 1121 4176 et
1138 4115 1312 4176 accusando

136 4200 328 4280 protulisset:
359 4225 440 4275 non,
467 4224 515 4262 me
534 4202 601 4262 dius
619 4202 724 4276 fidius,
751 4201 838 4267 citari
852 4202 1005 4263 vetuisset.
1050 4203 1119 4262 Hoc
1137 4225 1153 4262 a
1171 4213 1221 4261 ‘me
1239 4222 1313 4262 vere

138 4286 198 4345 diei
216 4299 251 4346 ut
269 4298 410 4362 constet,
424 4308 499 4348 voca
516 4287 591 4347 mibi
610 4287 699 4361 huius
718 4288 763 4346 rei
781 4300 882 4348 testes.
946 4338 949 4343 .

897 4400 963 4449 τ”ι
