2722 4754
55 290 58 295 Ι
128 174 203 271 ιιι
281 157 1063 305 ι,“ιιιιιιιιιίιιιιιιιιοιιῗιιιιι

55 350 60 357 ’
139 352 231 436 qnam
257 351 430 412 dissoluisse
456 349 580 421 naulum
607 351 644 410 de
670 340 808 434 lignis,
804 373 881 432 qnae
904 351 995 412 vexit
1003 282 1223 426 Philondas,
1221 373 1311 432 quam

126 454 255 523 'patrem
273 459 381 496 meum.
412 434 465 493 Sin
484 434 584 495 verbis
603 435 762 497 abutetur·
778 438 941 518 postulate,
959 448 1000 496 ut
1011 438 1241 498 testimoninm
1245 439 1309 498 cius

19 534 22 547 ¹
56 578 62 583 .
131 519 299 596 exhibeat,
308 544 360 601 qur
351 520 502 595 naulum
519 520 645 582 solvent
663 521 700 580 de
713 521 812 607 laguis
831 525 864 580 ln
879 522 1019 581 confesso
1035 544 1115 582 enam
1133 535 1189 597 est,
1209 523 1315 623 ipsum,
1351 552 1356 562 ·

139 602 270 667 abluisse
289 607 368 693 apud
387 599 517 688 Regem:
534 605 715 664 Philondam
733 619 844 709 autem,
864 629 954 687 quem
971 616 1099 688 propter
1115 608 1200 690 ligna
1219 608 1309 667 mise-

135 707 185 753 rat
203 705 234 751 et
259 691 336 772 patri
360 712 428 750 mco
458 691 731 765 commendarat,
721 694 873 751 invenisse
900 704 1072 766 mortuum,
1100 714 1170 751 cum
1189 715 1206 751 a
1226 683 1310 775 Rege

139 799 278 836 resersus
298 789 385 835 esset.
403 775 562 836 Necesse
553 775 649 857 rgitur
666 789 754 848 est,a
739 777 867 836 aliorum
887 789 1087 861 cognatorum
1107 790 1160 837 arat
1178 778 1309 837 familia-

72 862 76 874 ’
139 863 219 922 rium
238 862 380 941 aliquem,
402 861 512 959 quibus
531 859 666 919 abiturus
685 883 786 920 curam
804 882 905 920 rerum
924 868 1045 920 suarum
1064 864 1232 934 mandarat,
1251 863 1308 922 sci-

111 1025 113 1029 .
139 969 190 1020 rc,
216 949 300 1007 unde
319 948 491 1026 comparato
511 945 602 1003 naulo
628 945 782 1027 lignorum
800 946 963 1006 Philondas
984 946 1169 1007 naviculario
1189 948 1308 1007 satisle-

44 1082 46 1086 ,
80 1072 86 1084 ·
140 1033 224 1106 ecrit,
243 1033 286 1105 si,
303 1053 335 1091 sc
355 1029 519 1110 compatri
539 1032 781 1103 commendasse,
801 1043 832 1089 et
849 1031 999 1115 accepisse
1017 1031 1203 1092 Philondam
1222 1054 1237 1091 a
1257 1055 1308 1112 pa-

138 1132 185 1179 tre
205 1139 273 1176 mco
284 1116 414 1176 naulum
432 1115 602 1196 lignorum,
627 1129 723 1198 negat.
758 1115 879 1175 Nullius
905 1137 978 1198 ergo
1002 1116 1216 1185 testimonium
1236 1138 1308 1197 pro-

139 1202 219 1263 ferre
236 1215 323 1282 potes
347 1198 537 1271 familiarium
555 1211 678 1259 tuorum
703 1202 740 1260 de
760 1215 822 1259 non
842 1213 984 1280 accepto,
1012 1213 1042 1260 te
1062 1201 1206 1274 absente,
1234 1204 1308 1260 nan'-

138 1284 183 1346 lo
188 1283 341 1366 lignorum
360 1285 396 1343 de
416 1303 533 1343 mensa:
551 1286 606 1343 sed·
623 1285 800 1344 alterutrum
819 1305 941 1345 necesse
961 1297 1016 1357 est,
1034 1297 1064 1344 te
1084 1299 1137 1345 aut
1156 1287 1243 1345 nullo
1260 1284 1308 1345 uti

57 1407 59 1415 ν
105 1366 109 1377 “
138 1369 930 1448 famrlrarmm,nequefidcmhabercullrtuorum,
953 1371 1308 1451 aut,cumsat1sscras,
1346 1421 1350 1431 .

77 1518 85 1528 ,
138 1456 319 1516 Philondam
336 1454 487 1534 accepisse
505 1444 629 1512 naulum
646 1455 799 1536 lignorum
818 1476 833 1513 a
848 1466 933 1535 patre
951 1470 1030 1527 meo,
1049 1440 1307 1535 quemadmodum

141 1549 210 1602 eum
229 1540 472 1610 commendaras,
490 1560 558 1597 eum
576 1538 647 1597 hinc
665 1539 809 1611 solveres,
827 1539 1012 1640 existimare,
1028 1539 1138 1612 nobis,
1156 1541 1182 1599 si
1200 1540 1308 1620 possis,

47 1689 52 1697 ¹
137 1625 314 1687 fraudandis
327 1622 387 1683 tuis
405 1621 575 1683 rationibus
592 1636 625 1683 ct
642 1625 831 1724 compendio
842 1645 903 1704 pce
915 1619 1053 1696 iniuriam
1073 1626 1305 1684 consnlendnm

51 1759 56 1766 .
138 1712 205 1793 Ego
223 1731 310 1783 vero,
334 1708 468 1780 ludices,
493 1720 612 1788 praeter
628 1709 853 1782 testimoninm,
877 1711 973 1808 qnod·
978 1709 1064 1768 vobis
1084 1709 1227 1783 exhibui,
1251 1730 1306 1768 eo-
1333 1712 1339 1721 '

139 1819 223 1869 rum,
248 1796 300 1875 qui
318 1815 350 1853 se
368 1793 404 1851 iis
424 1793 543 1852 dedisse
557 1806 734 1874 argentum,
760 1794 897 1873 quibus
886 1807 945 1854 rste
963 1792 1069 1866 in'ssit,
1088 1795 1213 1866 dicunt,
1239 1794 1307 1874 qni-

81 1944 84 1949 ,
141 1902 204 1961 que¹
225 1882 261 1940 ad
286 1889 419 1938 mensam
443 1891 508 1936 tum
533 1879 688 1951 sederunt,
713 1878 802 1937 etiam
825 1878 1034 1938 iusiurandum
1052 1879 1216 1959 pollicitus
1242 1900 1309 1951 sum

66 1988 91 2001 ⁵·
139 1965 322 2047 Timotheo,
342 1965 425 2044 quod
442 1962 563 2044 legetur
579 1960 676 2026 vobis.

56 2106 118 2164 258
272 2158 273 2162 ,
518 2084 927 2158 matutinarum

224 2218 333 2297 Neque
346 2236 442 2288 uero,
460 2187 623 2289 ludicess
614 2236 646 2274 m
664 2214 783 2296 scriptis
801 2217 900 2276 solum
918 2214 1004 2296 paler
1022 2215 1097 2274 mihi
1116 2170 1217 2275 debita
1235 2216 1309 2276 reli-

41 2338 44 2343 ·
140 2302 230 2384 quit,
264 2303 317 2362 sed
335 2302 519 2361 decumbens
539 2300 739 2373 etiarmdixit,
763 2300 848 2380 quid
866 2301 925 2360 sibi
943 2300 1108 2360 deberetur
1125 2301 1310 2383 singulatim,

142 2400 179 2449 et
191 2410 206 2447 a
220 2406 298 2468 qno,
317 2399 348 2448 ct
366 2407 455 2465 quem
475 2387 505 2444 in
524 2407 611 2444 usum
630 2385 745 2465 accepti
764 2399 865 2445 essent
883 2386 1013 2445 nummi:
1032 2386 1117 2445 Haec
1133 2408 1151 2445 a
1166 2407 1305 2446 merere

142 2472 202 2533 dici
219 2485 254 2533 nt
271 2485 426 2552 appareat,
445 2472 512 2553 lege
531 2469 605 2529 mihi
622 2469 722 2528 fratris
739 2469 955 2551 testimenium.

521 2604 932 2666 TESTIMONIUM.

199 2723 273 2782 Ac
289 2709 484 2783 Timotheum
502 2719 567 2783 eam
577 2701 753 2805 pecuniam,
771 2745 862 2802 quam
879 2725 915 2784 ab
935 2744 971 2783 eo
986 2723 1127 2805 postulo,
1144 2721 1236 2802 patri
1240 2732 1308 2782 meo

143 2798 309 2882 debuisse,
319 2809 445 2887 eamque
464 2829 548 2868 meae
563 2809 714 2908 portionis
733 2808 841 2881 fuisse,
861 2821 891 2868 et
907 2810 1000 2868 frater
1019 2804 1202 2869 testificatus
1218 2820 1310 2866 estet

142 2894 306 2966 Phormio,
333 2894 386 2971 qui
407 2893 489 2952 illam
514 2894 697 2973 numeravit.
723 2906 835 2976 ettcgo
861 2894 1068 2954 iusiurandum
1089 2892 1117 2951 ei
1137 2893 1203 2952 dari
1219 2892 1309 2952 volni.

21 3030 25 3045 ,
85 3054 87 3059 Ι
111 3059 112 3062 ¹
143 2977 221 3039 Cum
239 2999 317 3038 vero¹
330 2977 387 3038 iste
405 2979 485 3059 apud
503 2979 647 3042 arbitrum
665 2969 867 3060 provocasset,
886 2991 917 3039 et
934 2978 1035 3039 afferri
1053 2977 1172 3038 tabulas
1191 2984 1309 3037 a‘m'en-

143 3087 183 3148 sa
193 3062 329 3135 iuberet,
343 3075 378 3122 ct
397 3063 565 3142 exemplum
583 3065 768 3144 postularet,
786 3063 878 3122 misso
896 3064 1084 3124 Phrasicride
1102 3064 1140 3128 ad
1159 3083 1308 3123 mensam:

142 3144 180 3209 iis
198 3148 339 3230 prolatis,
358 3148 563 3208 Phrasicridae
582 3163 612 3208 et
630 3149 802 3230 quaerenda
820 3162 852 3208 et
868 3149 1063 3212 exscribenda
1082 3144 1163 3209 dedi
1169 3168 1229 3225 ea,
1236 3165 1309 3227 qnae

128 3234 200 3310 ‘iste
219 3232 352 3292 deberet.
386 3229 469 3292 conf
455 3233 566 3292 fessum
585 3246 685 3293 autem
703 3233 812 3307 fuisse,
838 3255 870 3294 se
889 3235 1058 3315 exemplum
1083 3231 1252 3313 accepisse,
1275 3245 1310 3291 ut

143 3330 277 3391 constet,
303 3316 370 3398 lege
389 3317 463 3380 mihi
480 3312 698 3379 testimonium

523 3418 930 3514 TESTIMONIUM.

186 3554 357 3632 htlatis
348 3569 468 3655 agitura
483 3591 530 3629 me
548 3540 643 3631 literis
662 3571 699 3630 ad
717 3570 886 3653 arbitrum,
891 3544 1036 3632 Phormio
1056 3583 1087 3631 et
1099 3573 1308 3654 Euphoraeus,

87 3670 96 3676 ’
145 3657 197 3738 qni
216 3656 390 3737 pecuniam,
410 3651 547 3735 quihus
537 3670 595 3716 rste
614 3656 756 3729 iusserat,
780 3670 936 3730 curarant,
954 3656 1129 3737 praesentes
1148 3657 1309 3718 convince-

144 3744 218 3803 bant
236 3763 325 3816 eum,
353 3753 384 3800 et
401 3739 511 3840 quibus
529 3739 648 3822 singula
665 3741 863 3839 temporibus
872 3755 1025 3801 mutuatus
1044 3755 1141 3817 esset,
1169 3756 1201 3803 et
1221 3763 1309 3822 quem

142 3829 181 3888 ad
206 3828 294 3887 u'sum
307 3827 503 3919 accepisset,
532 3838 562 3884 et
581 3848 653 3905 quas
671 3827 741 3885 ad
726 3846 774 3884 res
793 3826 918 3886 abusus
923 3838 1009 3886 esset
1044 3830 1104 3886 lste
1129 3846 1203 3886 vero
1223 3826 1309 3885 anille

143 3925 293 3973 trecentas
307 3900 530 3992 qninquaginta
547 3932 639 3969 unam
655 3924 689 3979 et
707 3911 784 3970 duos
803 3911 922 3982 obolos,
946 3932 1022 3991 quae
1040 3912 1173 3992 primum
1190 3907 1309 3972 mutua

92 4044 101 4059 ι
143 4010 192 4058 tus
211 3997 270 4057 snit
287 4015 390 4056 mense
409 3995 535 4068 Martio,
554 4016 636 4054 oram
655 3996 809 4061 soluturus
828 3995 984 4057 Socratide
1000 4009 1152 4077 praetore,
1172 4016 1310 4078 quaeque

144 4081 327 4148 Antimacho
347 4081 501 4161 quaestori
519 4101 575 4140 suo
594 4081 657 4140 dari
682 4081 826 4154 iusserat,
858 4082 1000 4184 privatim
1019 4094 1172 4142 mutuasse
1192 4081 1310 4142 dicebat

98 4205 100 4208 <
144 4178 259 4246 patrem
286 4189 390 4227 meum
404 4166 605 4259 Antimacho,
630 4185 693 4224 non
719 4185 751 4224 se
775 4167 932 4248 accepisse
943 4165 1013 4226 Ac
1034 4188 1104 4225 vera
1130 4168 1277 4251 quidem
1277 4185 1309 4224 se

144 4251 265 4323 dicere,
291 4252 375 4311 nullo
394 4265 470 4311 teste
478 4242 639 4310 ostendit·
670 4251 724 4310 sed
741 4252 842 4310 verbis
859 4252 1010 4326 abutitur,
1034 4252 1069 4311 ut
1088 4272 1127 4310 ne
1146 4253 1220 4334 ipse
1229 4234 1310 4311 ιιιιι-
1325 4252 1333 4263 ‘

144 4336 247 4413 dare,
255 4337 316 4421 sed
325 4336 525 4419 Antimachus
543 4347 697 4423 mutuatus
716 4356 781 4396 esse
799 4338 944 4398 videatur.
979 4338 1045 4420 Ego
1064 4357 1153 4411 vero,
1181 4337 1313 4421 ludices,
