2722 4754
139 143 233 287 Ι174Ῐ
273 267 274 275 Ν
427 141 792 256 ousiosrunurs
829 191 1020 279 pulmo

144 347 253 432 aliquis
272 370 341 411 eum
359 347 512 430 postulare
531 348 568 408 de
586 348 677 408 rebus
695 348 827 410 inbelle
846 349 960 433 gestis?
977 349 1024 409 Ne
1056 370 1083 410 o.
1101 349 1239 410 Proinde
1258 348 1318 408 bo-

40 441 48 444 ”
143 458 212 494 rum
240 455 309 494 eum
334 433 500 503 absolvitea
522 432 623 514 neque
648 435 685 509 ad
711 432 786 494 haec
811 458 880 494 eum
904 371 1090 516 responddre
1115 456 1242 495 necesse
1263 446 1319 494 est

100 518 105 543 ³
143 519 220 580 Nam
238 520 270 580 in
289 516 505 580 controversiis
524 532 556 578 et
572 525 664 579 testes
684 520 919 599 producendi'et
935 533 1112 603 argumenta
1126 519 1320 601 proferenda

143 617 217 665 sunt
232 626 301 664 reo:
326 604 390 664 n'on
408 604 445 664 iis
464 604 674 677 defendendis,
694 626 770 683 quae
789 605 982 674 ira-confesso
1000 618 1081 682 sunt,
1099 601 1240 678 facienda
1250 605 1317 675 'im-

58 693 120 748 236
144 704 277 774 postona.
322 687 401 754 Cave
425 690 521 771 igitur
540 691 702 770 quicquam
722 691 759 748 de
778 689 858 749 bello
875 691 973 751 tlicas:
1005 713 1096 762 nemo
1115 691 1198 751 enim
1218 691 1332 761 ‹te-*eos

97 838 100 845 .
145 777 307 856 quicquam
325 790 355 836 te
374 788 500 835 accusat
543 776 653 833 Postea
665 774 795 853 ‘quidem
814 773 903 835 nobis
921 790 1082 837 suaserunt
1098 797 1218 859 pacem:
1244 794 1316 856 per-

144 874 318 936 suaserunt,
354 861 470 944 legatos
488 852 642 932 misimus,
677 859 869 920 adduxerunt
886 862 931 921 illi
950 862 1009 922 huc
1029 868 1100 937 eos,
1136 862 1189 942 qui
1207 868 1316 941 pacem

130 946 252 1010 facturi
274 959 383 1006 essent
426 946 484 1004 Hic
508 945 620 1024 iterum
645 945 788 1024 numquis
812 966 847 1006 ea
870 947 908 1006 de
931 968 964 1007 re
990 948 1092 1028 culpat
1107 943 1317 1007 Aeschinem?

143 1032 263 1094 Asserit
279 1032 387 1112 'aliquis
407 1052 476 1089 eum
494 1030 574 1110 pacis
591 1042 770 1103 auctorem(
790 1044 843 1092 aut
861 1033 1043 1112 deliquisse,
1071 1033 1123 1113 qui
1140 1033 1260 1114 legatos
1279 1049 1315 1090 ea

89 1160 98 1167 -
143 1119 239 1205 gratia
257 1116 443 1177 missos'huc
461 1115 638 1195 adduxerit?
668 1115 775 1191 Nemo.
816 1117 959 1177 ‘Proinde
976 1139 1033 1178 nec
1052 1120 1089 1188 de
1107 1117 1314 1198 pace-factae

87 1249 97 1257 ,
142 1204 298 1286 republica
317 1203 477 1282 quicquam
497 1212 543 1259 est
559 1201 739 1260 dicendum:
757 1222 858 1281 neque
875 1204 956 1263 enim
975 1204 1032 1262 iste
1051 1216 1159 1263 auctor
1176 1203 1242 1276 eius
1260 1200 1332 1275 est:

60 1357 64 1361 ,
144 1293 177 1351 Si
195 1290 263 1371 quis
278 1301 382 1346 ‘autem
401 1291 506 1367 ioget,
532 1285 606 1365 quid
630 1286 726 1367 igitur
743 1287 833 1361 dicis,
859 1289 969 1362 homo,
995 1302 1026 1348 et
1043 1290 1126 1349 uude
1144 1285 1314 1368 primordia

144 1377 225 1458 capis
243 1371 424 1433 accusandi?
443 1372 517 1429 lude
535 1371 764 1445 Athenienses,
777 1394 845 1432 cum
863 1374 950 1434 vobis
970 1373 1231 1446 deliberantibus,
1248 1375 1332 1433 non*

143 1462 328 1540 ntrnm‘pax
350 1456 486 1516 facienda
511 1456 690 1530 esset,'nec
708 1471 755 1523 'ue
777 1456 860 1540 (nam
878 1460 910 1519 id
929 1459 1053 1538 quidem
1076 1459 1134 1518 iam
1154 1458 1313 1518 decretum

145 1545 239 1629 erat):
270 1545 324 1604 sed
343 1545 380 1602 de
400 1564 456 1616 eo,
480 1542 637 1622 qualis‘ea
656 1563 721 1602 esse
740 1545 873 1605 deberet
910 1545 1098 1617 *lusta'enim
1117 1541 1314 1603 decernenti-

144 1625 560 1712 busssrefragatusmeicede
588 1628 765 1688 decernenti
789 1629 970 1711 suffragatus
998 1643 1061 1703 est,
1097 1627 1314 1711 largitionibus

46 1707 51 1719 ’
77 1738 86 1765 2
140 1729 312 1796 corruptus.
336 1713 475 1772 ¹Deinde
501 1714 545 1772 ad
563 1713 773 1774 iusiurandum
799 1715 981 1796 exigendum
1008 1716 1160 1787 delectus,
1191 1733 1250 1776 nec
1276 1712 1314 1771 de

143 1801 291 1864 mandatis
308 1799 418 1860 restris
436 1798 598 1879 quicquam
617 1799 695 1880 egit,
716 1812 762 1859 ··et
785 1800 902 1873 socios,
937 1800 990 1879 qui
1009 1822 1025 1860 e
1044 1801 1127 1860 bello
1146 1808 1317 1883 evaserant,

66 1892 69 1897 ’
142 1887 517 1971 perdidit,'ettantaest
534 1884 716 1958 ementitus,
743 1897 854 1965 quanta
871 1902 962 1945 nemo
981 1886 1057 1951 alius
1074 1906 1213 1965 unquam
1231 1887 1318 1957 mor-

142 1975 249 2035 talium
267 1981 474 2050 nequeunte,
492 1990 593 2048 neque
611 1981 687 2048 post
702 2023 704 2027 .
719 1969 796 2058 lflam
815 1970 851 2030 ab
869 1969 959 2031 initio
978 1991 1015 2031 eo
1033 1992 1132 2052 usque
1152 1971 1226 2030 dum
1244 1989 1317 2049 per-

114 2119 117 2124 .
143 2060 270 2121 missum
288 2054 429 2135 Philippo
449 2049 515 2128 est,¹
547 2075 636 2136 agere
656 2055 693 2113 de
710 2057 792 2135 pacis
810 2045 1058 2138 conditionibus,
1092 2053 1270 2135 Ctesiphon.
1284 2065 1318 2114 et

76 2198 83 2213 χ
111 2168 119 2185 ²
142 2144 357 2207 Aristodemus
367 2139 506 2221 ‚primum
523 2140 644 2199 initium
659 2139 799 2201 fecerunt
812 2136 1014 2221 imposturae:
1032 2144 1196 2224 postquam
1212 2151 1332 2210 autem·

143 2232 203 2292 iam
222 2240 402 2288 sorentum
426 2223 501 2300 fuit,
527 2238 563 2301 ut
587 2245 634 2284 res
657 2228 791 2313 gerenda
816 2240 912 2306 esset,
939 2249 1004 2287 eam
1022 2222 1190 2287 Philocrati
1216 2236 1247 2285 et
1264 2224 1313 2285 isti

143 2315 360 2386 tradiderunt,-
380 2311 450 2391 qui,
478 2331 511 2371 ca
536 2323 692 2390 suscepta,
720 2313 821 2372 omnia
843 2313 1050 2393 perdiderunt.
1092 2313 1134 2371 Et
1150 2315 1312 2392 postquam

75 2468 78 2475 ,
141 2401 275 2463 rationes
302 2411 438 2457 actorum
461 2396 639 2457 referendae
664 2410 754 2471 sunt,
779 2399 837 2457 iste
856 2399 966 2472 homo,
991 2400 1144 2460 veterator
1168 2395 1312 2456 nimirum

143 2499 175 2548 et
199 2485 255 2545 diis
281 2484 395 2543 invisus
424 2496 455 2543 et
479 2482 592 2555 scriba,
616 2482 659 2540 ita
682 2502 715 2542 se
740 2483 884 2544 defendet
909 2484 1041 2558 scilicet,
1067 2484 1153 2564 quasi
1179 2484 1218 2543 de
1239 2501 1310 2564 pace

124 2569 256 2656 agatur.
299 2569 370 2628 Non
388 2581 423 2629 ut
435 2569 478 2628 de
497 2562 655 2649 pluribus,
675 2592 764 2648 quam
782 2584 956 2645 accusatur,
973 2572 1159 2651 respondeat
1176 2567 1261 2651 (nam
1280 2587 1312 2628 ea

143 2658 268 2738 quidem
286 2654 402 2723 insania
422 2653 531 2738 esset):
556 2655 611 2714 sed
628 2654 704 2714 illud
722 2655 824 2730 videt,
848 2656 880 2719 in
898 2657 963 2717 suis'
979 2656 1053 2716 actis
1071 2676 1135 2715 non
1153 2654 1247 2713 modo
1264 2653 1310 2712 ui-

141 2742 186 2802 hil
206 2761 272 2801 esse
291 2740 383 2813 boni,
408 2740 572 2800 sedetiam
590 2738 704 2800 scelera
722 2733 822 2802 inesse
841 2740 959 2816 omnia,
985 2742 1066 2822 pacis
1085 2753 1188 2800 autem
1206 2737 1310 2812 defen-

142 2829 279 2899 sionem,
301 2838 338 2884 ut
355 2824 432 2884 nihil
451 2826 550 2899 aliud,
571 2846 685 2885 nomen
702 2826 808 2887 saltem
828 2826 939 2887 habere
957 2822 1126 2908 plausibile.
1152 2845 1242 2905 quarn
1259 2830 1330 2883 τεέ-

140 2910 452 2984 reor-Athenienses,
465 2931 594 2985 vereor,
618 2931 657 2970 ne
676 2932 762 2986 sero,
784 2925 821 2972 ut
839 2912 1138 2994 debitores,magno
1158 2906 1226 2970 cum
1243 2908 1312 2981 foe·

141 3016 218 3058 nore
236 3017 292 3056 nos
306 3006 401 3079 'agere
412 2995 633 3079 intelligamus.
684 2998 761 3087 Ejus
778 2997 860 3057 enim
877 2999 1071 3059 securitatem
1091 3011 1121 3056 et
1138 2994 1314 3055 firmitatem

71 3076 107 3107 '⁵
140 3084 193 3144 isti
217 3081 439 3162 prodiderunt,
465 3080 637 3149 Phocenses
665 3097 696 3142 et
721 3083 826 3166 Pylas:
854 3104 918 3142 non
941 3096 1043 3144 tamen
1070 3095 1197 3164 propter
1208 3079 1314 3163 *istum

37 3160 47 3186 ‘¹
69 3223 75 3234 ,
99 3162 112 3171 ”
141 3189 208 3228 eam
225 3166 315 3225 initio
334 3167 468 3233 fecimus.
504 3167 697 3246 Quamquam
714 3180 815 3228 autem
833 3168 881 3241 id,
901 3170 983 3248 quod
1003 3168 1117 3240 dicam,
1135 3165 1314 3237 absurdum,

140 3274 246 3321 verum
268 3265 370 3312 tamen
396 3253 520 3312 omnino
545 3265 607 3312 esta
634 3252 678 3311 Sir
691 3253 818 3335 quisse
836 3271 906 3314 vcra
923 3274 997 3334 pace
1015 3255 1146 3336 gaudet,
1173 3247 1315 3322 ducibus,

142 3359 219 3429 qnos
240 3358 345 3397 omues
365 3339 497 3419 culpant,
515 3337 641 3421 gratiam
659 3338 776 3398 habeat.
804 3339 881 3398 Nam
899 3339 925 3398 si
943 3340 998 3413 illi,
1016 3354 1052 3399 ut
1068 3336 1227 3410 volebatis,
1246 3333 1314 3394 bel-

31 3472 62 3505 .3,
140 3425 204 3499 lum
223 3423 510 3484 ad'ministrassentz‘
523 3442 577 3484 vos
596 3444 653 3483 nec
672 3444 784 3483 nomen
802 3425 882 3504 pacis
901 3425 1094 3485 tolerassetis.
1124 3424 1199 3504 ,Pax
1216 3420 1316 3502 igitur

89 3509 92 3514 ’
132 3505 297 3593 perillus:
314 3509 484 3590 periculosa
503 3522 534 3569 et
550 3509 665 3569 lubrica
684 3522 715 3568 et
732 3509 825 3587 infida
842 3503 899 3591 pax
916 3532 972 3590 per
989 3512 1063 3590 istos
1082 3510 1160 3570 facta
1179 3521 1226 3575 est
1245 3513 1323 3583 cori

55 3612 117 3671 237
142 3598 249 3676 ruptos
268 3584 488 3676 largitionibus.
522 3594 679 3675 Repellite‘
692 3595 803 3677 igitur,
822 3596 962 3675 repellite
981 3616 1051 3656 eum
1070 3617 1086 3655 a
1105 3593 1315 3674 disputatione

141 3683 178 3743 de
202 3701 292 3761 pace,
320 3681 405 3740 etin
430 3680 667 3760 disputationem
693 3681 730 3740 de
755 3682 828 3741 actis
854 3681 1037 3762 compellite.
1079 3681 1152 3740 Non
1176 3680 1215 3738 de
1240 3695 1316 3758 pace

140 3774 298 3828 accusatur
323 3764 509 3829 Aeschines:
546 3767 600 3826 sed
626 3788 683 3845 pax
708 3779 835 3847 propter
858 3765 1045 3828 Aeschinem
1071 3766 1188 3826 crimen
1213 3763 1316 3823 habet.

139 3852 332 3935 Argumenta
351 3852 427 3911 illud
446 3864 506 3911 est:
526 3852 624 3931 quod,
643 3851 670 3910 si
687 3854 745 3932 pa‘i
761 3853 802 3911 ita
820 3853 897 3913 facta
916 3867 1012 3928 esset,
1029 3856 1266 3932 ut⁷vospostea
1281 3848 1315 3908 in

138 3939 223 4000 nulla
239 3958 273 3997 re
293 3938 418 4018 decepti
432 3937 555 4009 essetis,
591 3939 693 4015 nequ'e'
710 3938 864 3998 sociorum
884 3940 1042 4019 quisquam
1060 3937 1223 4020 periisset:
1258 3953 1316 3994 nc-

139 4023 215 4084 mini
238 4023 411 4104 mortalium
437 4019 575 4083 omnium
598 4044 656 4104 pax
680 4023 808 4083 molesta
831 4022 955 4097 fuisset,
980 4024 1149 4107 ignominia
1168 4021 1317 4083 duntaxat

140 4120 272 4189 excepta.
309 4108 380 4167 'Etsi
403 4122 503 4168 antem
530 4121 562 4168 et
578 4104 650 4168 ‘eius
677 4108 782 4188 culpae
806 4130 873 4189 pars
899 4111 932 4169 iu
957 4107 1157 4182 istohaeret,
1184 4130 1256 4168 cum
1274 4106 1315 4166 sit

43 4208 46 4213 '
139 4193 305 4254 Philocrati
323 4194 519 4277 suffragatus:
554 4192 632 4253 nihil
651 4206 752 4253 tamen
771 4194 992 4257 immedicabile
1007 4194 1120 4267 ¹fuisset
1137 4193 1332 4261 admissum.-

137 4278 228 4340 Nunc
251 4279 417 4341 multorum
442 4272 571 4339 aliorum
589 4278 738 4353 malorum
756 4277 986 4341 istum‘causam
1005 4301 1071 4341 esse
1090 4294 1224 4362 apparet
1268 4277 1316 4338 Ac

27 4357 31 4366 ’
104 4382 107 4388 ·
138 4365 269 4447 turpiter
294 4364 418 4445 quidem
443 4363 648 4450 et¹flagitiose
673 4358 730 4445 per
752 4362 827 4426 istos
853 4387 887 4426 ea
913 4387 980 4428 esse
1005 4366 1108 4428 omnia
1133 4365 1258 4448 perdita
1284 4376 1315 4425 et
