2722 4754
145 230 187 292 sc
287 234 290 245 ·
432 184 1090 314 ιιιιιοειιιιιιιείι-ιιιιιοι

134 380 309 449 ιιιὶιιειιάοι
330 381 502 444 crudelitati
521 381 712 458 carnificum:
719 404 747 442 a
765 358 1052 463 Peloponnensibus
1071 380 1243 454 auxilia,
1218 373 1245 439 ιι
1264 381 1316 460 qui

144 473 247 532 iuvare
264 469 393 542 vellent,
416 470 600 550 arcessenda.
641 454 791 530 Universa
800 467 899 543 haec,
917 467 1139 541 Athenienses,
1162 466 1318 548 praeclara

145 568 217 618 sunt
230 567 260 616 et
273 554 351 613 iusta
364 566 395 613 et
408 575 423 612 e
434 525 585 636 dignitate
598 538 809 653 reipublicae.
804 564 849 614 at
857 554 945 636 faeta,
960 573 1037 631 quae
1050 558 1138 633 s'equr
1128 552 1317 626 debebant,

144 662 292 720 nusquam
311 651 462 720 apparent
484 637 695 710 Inimicitias¹
686 639 781 721 agitur
792 659 852 718 per
869 629 1141 703 senatusconsulta
1150 637 1317 698 denuncia-

144 729 194 801 tis,
212 724 325 784 nullius
344 736 444 785 autem
460 729 506 784 rer
498 724 689 808 'gerendae
686 735 874 804 potestatem
892 722 1017 782 habetis.
1041 722 1215 784 Decernitis
1235 724 1317 783 enim

81 814 90 827 ''
145 832 195 884 ea,
228 831 304 890 quae
322 809 398 870 urbe
416 821 522 870 nostra
540 811 630 892 digna
648 821 734 869 suut:
765 808 822 868 sed
840 807 955 868 viribus
974 808 1080 868 caretis
1099 810 1135 867 ad
1156 829 1206 882 ea,
1237 814 1316 889 quae
1348 825 1352 833 ‘

144 895 343 971 decretistis,
364 895 561 975 exsequenda
605 895 671 976 Ego
690 914 762 953 vero
781 892 872 953 velim
896 872 992 984 (sed
983 917 1015 953 ιιι
1028 894 1187 995 optimam
1198 893 1316 976 partem

129 977 320 1063 accipietis),
338 1001 392 1041 vos
410 992 462 1039 aut
479 981 579 1039 minus
596 977 714 1054 habere
726 978 914 1054 animorum,
943 979 1062 1039 vestris
1069 980 1202 1062 negotiis
1217 1000 1314 1062 agen-

142 1069 189 1139 dis
208 1061 410 1142 contentos,
408 1075 464 1131 aut
489 1058 617 1124 maiores
635 1063 714 1124 vires
725 1082 922 1165 comparare.
957 1065 1077 1140 Quodsi
1095 1082 1149 1125 vos
1167 1065 1316 1147 Siphnios

142 1166 200 1233 aut
189 1149 391 1236 Cythnius
381 1163 434 1209 aut
450 1149 572 1210 alios
545 1170 609 1214 erus
627 1149 749 1232 generis
767 1150 893 1225 scirem,
912 1149 1050 1211 hortarer
1067 1153 1104 1210 ad
1123 1150 1240 1210 animos
1261 1152 1314 1211 de

137 1224 316 1307 mibtendos.
358 1218 420 1296 Sed
438 1257 507 1295 cum
525 1234 729 1297 Athenienses
732 1236 830 1311 sitis,
855 1247 961 1298 auctor
979 1258 1062 1309 sum,
1086 1235 1164 1296 vires
1184 1237 1315 1299 maiores

61 1388 63 1394 ,
142 1337 178 1389 ιιι
196 1321 382 1403 comparetis.
417 1321 519 1400 Turpe
538 1320 637 1395 enim,
652 1319 876 1397 Athenienses,
893 1334 993 1402 turpe,
1012 1321 1153 1401 iuquam,
1173 1336 1228 1396 est,
1249 1324 1314 1382 eius

119 1404 405 1506 ‘magnanimitatis'
415 1405 553 1471 ordinem
572 1406 729 1480 deserere,
753 1429 844 1507 quem
861 1407 960 1467 robis
967 1407 1096 1466 maiores
1114 1408 1331 1468 tradideruntx

143 1497 222 1554 lmo
233 1513 290 1552 nec
314 1490 407 1552 vestri
428 1489 546 1565 arbitrii
567 1504 643 1564 est,
659 1491 778 1553 etiamsi
795 1493 912 1583 velitis,
942 1492 1075 1552 Graecos
1100 1507 1135 1552 ιιι
1159 1494 1313 1554 deseratis

122 1604 130 1627 ι
142 1578 238 1645 Multa
263 1576 343 1636 enim
354 1576 405 1640 ab
429 1575 516 1648 omni
538 1597 613 1637 aevo
636 1577 780 1658 gessistis
815 1563 948 1642 Proinde
976 1599 1032 1637 nec
1057 1591 1174 1644 veteres
1199 1580 1314 1643 amicos

142 1663 307 1745 proiicere,
334 1682 391 1721 nec
408 1661 516 1733 vestris
534 1662 674 1731 hostibus
692 1662 786 1723 fidere
804 1678 856 1724 aut
875 1663 1031 1733 crescendi
1048 1663 1165 1763 copiam
1185 1666 1268 1731 dare
1274 1665 1314 1732 ti-
1341 1728 1347 1733 ,

61 1759 127 1814 113
143 1762 198 1809 cet.
226 1747 368 1828 Denique
386 1747 467 1819 idem
480 1747 592 1827 vobis,
603 1770 696 1827 ‚quasa
687 1748 780 1830 lege
799 1749 937 1822 talionis,
955 1771 1014 1808 usu
1031 1750 1133 1822 venit,
1151 1752 1235 1831 quod
1247 1749 1312 1824 bis,

141 1834 205 1915 qui,
222 1832 278 1893 irbi
294 1832 388 1915 semel
402 1833 485 1914 apud
503 1854 557 1905 ιρι
570 1824 612 1893 ad
630 1835 794 1916 gerendam
814 1791 1030 1920 rempublicam
1049 1856 1226 1916 accessere,
1231 1848 1325 1933 post,

141 1941 210 1980 cunr
227 1903 355 1991 vellent,
382 1918 526 1979 recedere
551 1918 588 1978 ab
612 1920 719 1978 eadem
736 1941 800 1984 non
818 1916 938 1980 audent
980 1910 1210 1999 Rempublieam
1230 1920 1312 1983 enim

47 2031 50 2040 ¹
115 2005 221 2064 :inter
245 2003 387 2064 Graecos
385 2003 548 2085 gessistis.
592 2000 691 2084 Caput
715 2017 816 2067 autem
841 2016 910 2077 est,
936 2000 1166 2078 Athenienses,
1191 2006 1312 2078 horum,

140 2110 216 2170 quae
236 2085 382 2162 diximus,
404 2089 558 2149 omnium:
583 2088 727 2156 Oratores
750 2110 986 2169 vosnunquam
1010 2111 1109 2168 neque
1133 2090 1248 2170 probos
1266 2090 1311 2163 sa-

72 2235 77 2245 ,
139 2175 237 2247 cient,
256 2194 357 2272 neque
374 2174 550 2255 improbos,
574 2175 628 2233 sed
646 2195 700 2236 vos
718 2165 787 2234 illos
805 2175 906 2248 tales,
917 2175 1019 2254 quales
1038 2175 1203 2235 volueritis.
1248 2175 1310 2235 Ne-

140 2280 199 2340 que
226 2259 307 2319 enim
330 2279 385 2335 vos
411 2260 449 2320 ad
472 2234 595 2329 illorum
618 2259 807 2325 voluntatem
829 2280 883 2319 nos
907 2259 1155 2358 accommodatis.
1187 2260 1242 2319 sed
1266 2259 1311 2321 illi

104 2403 107 2410 ,
138 2344 246 2404 vestris
265 2331 491 2424 cupiditatibus
499 2338 630 2404 blandiri
647 2345 779 2404 student
810 2349 872 2405 Vos
891 2344 984 2427 igitur
1001 2336 1153 2426 principes
1172 2366 1238 2404 esse
1257 2347 1310 2406 de-

122 2442 188 2490 cet
213 2429 244 2488 in
268 2429 361 2488 rebus
379 2428 469 2495 bonis
488 2418 672 2510 expetendis.
716 2428 766 2488 Sic
785 2428 899 2490 omnia
902 2442 986 2491 recte
1006 2444 1101 2489 erunt
1144 2429 1209 2495 Aut
1228 2432 1310 2489 enim

117 2535 119 2543 ·
139 2535 229 2593 nemo
249 2513 411 2596 quicquam
429 2513 500 2574 mali
517 2514 612 2574 dicet:
630 2527 683 2575 aut
699 2513 810 2576 frustra
820 2514 925 2641 dicet,
935 2534 1057 2601 quum,
1056 2537 1110 2594 qur
1101 2515 1309 2588 auscultent,
1333 2588 1335 2595 J

73 2636 77 2641 .
139 2619 203 2695 non
221 2598 261 2659 sit
278 2592 444 2700 habiturus.
711 2622 713 2626 ’

55 2861 62 2870 ν
131 2884 133 2891 .
219 2844 682 3035 ὀιιιίιοίιι
735 2822 1220 2943 suessanus.

137 3062 141 3086 1
161 3080 164 3089 .

282 3095 284 3100 ·
349 3135 361 3187 ⁴.
424 3093 622 3157 urrann
653 3094 1025 3162 annuntiarunt

139 3195 228 3285 Orto
242 3245 376 3299 rumore,
393 3225 553 3293 Persarum
569 3238 673 3307 regem
682 3227 916 3307 expeditionem
932 3229 1035 3289 moliri
1053 3232 1195 3292 adversus
1211 3231 1306 3292 Grae-

138 3332 205 3387 eos,
229 3310 360 3391 populus
378 3297 576 3370 Atheniensis
594 3311 814 3386 tumultuatur,
838 3327 955 3374 etcum
974 3336 1141 3376 convocare
1161 3319 1306 3391 Graecos,
1333 3352 1336 3367 ι

123 3398 201 3456 ‘tum
214 3395 333 3454 ‘bellum
352 3395 453 3454 statim
470 3395 583 3454 inferre
599 3409 749 3476 properat.
772 3399 994 3459 Demosthenes
1013 3415 1114 3461 autem
1133 3404 1261 3475 suadet,
1265 3422 1305 3461 ue

136 3480 194 3562 ipsi
213 3480 329 3560 priores
347 3479 521 3580 insurgant:
529 3482 589 3539 sed
608 3502 660 3540 eos
664 3495 836 3580 'expectare
854 3485 949 3557 iubet,
968 3487 1040 3545 dum
1057 3489 1122 3554 Rex
1141 3509 1214 3547 nom
1204 3487 1307 3567 ιιιιίι1

136 3576 271 3625 conetur.
301 3564 396 3624 Nunc
414 3566 511 3638 enim,
530 3562 644 3645 inquit,
663 3567 726 3626 hon
744 3568 991 3647 persiradebimus
1012 3571 1153 3646 Graecis,
1170 3584 1206 3633 ut
1224 3573 1306 3632 socia

94 3675 97 3679 ·
135 3651 294 3710 nobiscum
320 3671 400 3708 arma
425 3650 571 3732 iungant,
595 3673 663 3711 cum
679 3652 721 3711 in
740 3665 808 3712 tuto
836 3655 934 3714 adbuc
960 3656 1041 3714 sibi
1044 3678 1109 3716 esse
1127 3658 1306 3717 videantur:

133 3747 199 3795 tum
217 3753 289 3794 vero
299 3734 516 3813 periculum
507 3757 606 3816 ipsum
626 3758 677 3796 eos
696 3737 855 3798 nobiscum
874 3741 1048 3823 coniunget
1075 3743 1209 3802 Monet
1200 3743 1306 3825 agitur,
1349 3756 1352 3763 ⁴

45 3866 46 3869 ,
134 3833 170 3881 ut
187 3820 289 3900 quiete
308 3839 340 3878 se
358 3819 508 3880 instruant
526 3835 556 3880 et
573 3822 742 3893 adbellum
759 3838 876 3902 parent,
899 3837 995 3904 atquo
1009 3828 1098 3887 etiam
1117 3838 1305 3902 commemo,

134 3917 190 3979 rat,
206 3924 286 3983 quae
304 3904 413 3964 debeat
431 3926 495 3965 esse
513 3906 590 3967 ratio
609 3906 824 3969 instructionis
859 3911 948 3969 Unde
965 3899 1036 3992 περὶ
1050 3935 1215 3994 συμμοριων
1236 3935 1305 3972 ora-

134 3989 179 4050 tio
199 4002 244 4048 est
263 3988 412 4070 iuscripta.
432 3990 508 4050 Nam
526 3993 605 4072 apud
622 3988 742 4052 Atticos
761 3997 906 4076 συμμορία
925 4006 1030 4055 coetus
1050 4007 1081 4054 et
1099 3998 1175 4059 ordo
1196 4017 1304 4094 eorum

135 4086 190 4147 est,
209 4075 262 4153 qui
280 4096 404 4135 munera
422 4076 551 4156 publica
561 4077 697 4166 obeunt.

50 4305 112 4364 114
137 4272 212 4384 Qui
229 4303 358 4366 maiores
377 4317 493 4365 vestros
499 4284 663 4376 laudant,
674 4301 932 4378 Athenienses,
922 4307 1081 4373 instituere
1100 4310 1177 4370 mihi
1194 4311 1304 4374 viden-

129 4403 192 4458 tur
200 4388 369 4502 orationem
387 4389 493 4449 auditu
500 4380 682 4489 iucbndam,
695 4407 760 4451 uon
773 4409 807 4448 ea
821 4400 922 4471 tamen
921 4412 1034 4478 agere,
1052 4415 1130 4473 quae
1149 4397 1210 4458 illis
1228 4414 1307 4488 pro-n
