2722 4754
911 76 1004 119 tr.

403 159 600 255 onemo
633 159 928 269 assarones.
1061 146 1063 155 ‘
1169 162 1233 224 ιιι

70 333 128 372 mo.
164 313 210 372 Ac
229 314 270 373 de
284 311 476 394 philosophia
495 312 617 394 quidem
642 313 823 375 disserendi
835 313 1002 397 accuratius
1019 312 1078 373 alio
1096 325 1233 394 ternpore
1297 335 1301 343 ¹

70 393 159 457 nobis
178 397 352 458 occasiones
368 399 605 496 opportuniores
624 398 785 471 dabuntur,
803 390 927 479 opinor:
936 396 998 457 sed
1017 397 1149 460 breviter
1167 419 1231 458 eam

68 483 218 566 attingere
236 481 424 542 nuncetiam
442 481 518 542 nihil
534 482 717 563 prohibebit
752 483 829 542 lllud
847 497 948 543 antem
966 482 1103 563 inprimis
1122 497 1167 545 est
1185 483 1231 542 di-

68 567 201 649 ligenter
217 567 531 639 animadvertendum,
548 586 625 628 cum
643 589 764 628 omnem
783 567 969 647 disciplinam
988 568 1112 629 scientia
1131 582 1161 629 et
1180 580 1231 636 cx'-⁵
1255 583 1256 586 ’

67 652 254 713 ercitatione·
267 640 393 731 quadam
417 653 586 726 contineri,
614 666 678 712 tum
701 652 924 733 philosophiam
942 653 1036 735 magis
1055 654 1144 713 etiam
1163 672 1230 713 cae-

66 737 157 797 teris
183 759 251 797 nam
270 748 383 816 quanto
411 737 622 837 diligentiores
641 759 674 797 ea
698 736 972 818 prudentioresque
998 738 1157 820 magistros
1177 738 1229 797 ha-

57 821 129 895 bet,
147 835 232 882 tanto
250 821 406 902 pulchrius
423 843 488 882 esse
505 822 708 882 constitutam
727 844 781 903 par
798 835 850 881 est
883 821 980 901 atqui
998 840 1066 882 cum
1085 823 1166 883 etin
1183 821 1230 882 di.
1275 876 1278 877 γ

68 909 166 967 cende
187 907 265 966 etin
284 906 486 967 deliberando
498 909 609 968 mentis
626 921 764 968 versetur
786 907 937 979 officium,
962 907 1157 988 philosophia
1174 929 1228 968 au-

66 1004 128 1062 tem
147 992 237 1050 huius
255 987 415 1070 utriusque
431 991 477 1052 rei
494 993 632 1073 peritiam
651 995 833 1053 natatem
851 1013 915 1051 eam
933 991 1130 1076 disciplinam,
1150 1007 1227 1073 quae

66 1097 122 1136 nos
143 1075 252 1135 horum
269 1075 428 1156 utriusque
447 1091 602 1158 compotes
621 1077 701 1151 facit,
719 1097 861 1159 persequr
854 1076 1030 1136 nolimus?
1041 1071 1125 1136 Tum
1144 1077 1226 1156 enim

66 1174 303 1231 consentaneum
323 1174 384 1234 est,
408 1162 455 1221 rei
473 1176 603 1224 nostrae
618 1162 756 1222 familiari
779 1183 933 1222 accessura
952 1183 1016 1221 esse
1034 1162 1160 1221 maxima
1178 1161 1225 1220 in·

65 1259 233 1319 crementa,
259 1246 397 1345 adeoque
414 1260 509 1307 totam
527 1249 618 1307 vitam
635 1249 702 1307 fore
721 1247 896 1334 cultiorem,
924 1268 991 1307 curn
1010 1260 1054 1320 ιι,
1073 1247 1225 1326 quando·
1280 1300 1282 1305 ,

64 1331 127 1391 ιιιὶ
145 1343 275 1409 queunt,
301 1332 370 1390 artis
389 1332 588 1404 adminiculo,
615 1346 645 1404 et
669 1346 784 1392 caetera
808 1329 1021 1391 exercitatione
1048 1333 1175 1411 quadam
1194 1343 1226 1390 et

63 1415 282 1476 assuefactione
296 1415 530 1501 obtinuerimus.
551 1417 671 1515 Neque
697 1416 778 1475 enim
803 1415 862 1474 hoc
881 1411 940 1474 dici
957 1414 1095 1496 profecto
1113 1427 1226 1495 potest,

63 1501 141 1559 nihil
160 1521 224 1559 esse
243 1501 275 1559 in
293 1493 417 1580 scientiq
444 1500 590 1585 momenti
608 1501 645 1559 ad
664 1500 739 1572 hoc,
761 1514 797 1560 ut
814 1499 879 1559 aliis
905 1512 1090 1580 praestemus
1109 1500 1225 1559 allisa

62 1585 193 1665 pientia.
202 1585 278 1644 Nam
297 1607 364 1644 cum
384 1605 474 1644 omne
488 1579 656 1686 ingenium,
674 1584 699 1643 si
715 1599 782 1671 apta
800 1584 952 1644 institutio
965 1586 1096 1685 accedat,
1113 1585 1169 1644 fit
1160 1600 1226 1649 ιιιι-;
1284 1613 1288 1624 ·

61 1670 140 1742 lius,
158 1682 222 1728 turn
239 1685 312 1728 vero
332 1689 365 1743 ea
376 1670 479 1728 multo
498 1670 642 1743 maxime,
662 1688 744 1770 ‘quae
763 1692 779 1729 a
797 1669 895 1751 primo
913 1669 1012 1730 statim
1032 1667 1101 1728 ortu
1116 1670 1225 1728 dexte-

63 1755 146 1813 riora
170 1753 294 1813 caeteris
323 1753 514 1814 exstiterunt:
544 1755 594 1815 illa
619 1756 702 1814 enim
726 1775 792 1815 sese
815 1755 966 1814 duntaxat
981 1754 1125 1834 vincunt,
1149 1754 1224 1814 haec
1302 1787 1306 1804 ι

9 1910 14 1917 .
63 1839 153 1897 etiam
171 1830 237 1897 aliis
256 1839 448 1901 antecellunt
482 1840 528 1898 Ne
546 1859 619 1899 vero
637 1840 761 1912 dubita,
788 1839 862 1937 quin
880 1841 997 1920 agendo
1016 1852 1099 1918 parta
1116 1834 1224 1938 peritia

62 1943 119 1982 nec
137 1922 203 1982 sine
221 1923 357 2004 periculo
375 1923 547 2024 coptingat‚
566 1938 597 1985 et
614 1927 651 1984 ad
668 1921 815 2025 ιιιίιιιιιιιι
832 1923 923 1982 vitam
941 1925 981 1983 sit
997 1923 1131 1983 inutilis:
1154 1922 1247 2003 phi-‘1
1285 1978 1288 1987 .

9 2057 19 2068 ,
62 2007 219 2087 losophica
233 2022 336 2068 autem
354 2007 506 2075 institutio
525 2012 561 2069 ad
580 2010 772 2069 haecomnia
797 2021 969 2088 opportune
992 2020 1224 2088 contemperata.

62 2092 128 2150 Etsi
146 2101 246 2175 aute'm
266 2089 386 2172 quidam
405 2108 530 2177 propter
546 2094 648 2162 felices
666 2107 768 2155 rerum
787 2113 942 2153 successus
959 2093 1160 2172 fortunaeque
1178 2093 1223 2153 fa

61 2195 166 2237 vorem
190 2176 223 2236 in
246 2178 444 2239 admiratione
467 2179 615 2238 fueruntt
641 2199 693 2238 eos
717 2191 819 2238 tamen
841 2189 873 2236 te
899 2186 1095 2236 contemnere
1122 2189 1152 2236 et
1176 2175 1224 2236 tui

33 2260 155 2340 ..ipsius
174 2281 275 2326 curam
294 2283 399 2344 gerere
417 2264 511 2322 decet.
537 2263 601 2322 Nec
620 2263 698 2322 enim
718 2262 862 2322 maximae
879 2282 927 2319 res
945 2261 1059 2321 teinere
1078 2257 1223 2338 invadam·

62 2346 134 2418 dae,
160 2347 214 2406 sed
232 2359 312 2406 certa
334 2348 453 2406 ratione
477 2346 669 2427 scienterque
692 2347 901 2427 suscipiendae
919 2359 1006 2406 sunt:
1026 2365 1088 2404 neo
1104 2346 1137 2404 in
1153 2345 1221 2446 ipso
1278 2382 1281 2390 ι

36 2457 40 2461 -
62 2421 182 2490 demum
199 2431 399 2513 gerendarum
415 2451 517 2491 rerum
534 2433 661 2515 articuhs
678 2431 836 2504 meditari,
860 2431 914 2490 sed
933 2451 966 2490 ea
983 2428 1108 2489 scientia
1124 2442 1155 2489 te
1173 2431 1222 2488 in-·

61 2517 211 2574 stitutum
220 2536 285 2574 esse
303 2516 400 2589 decet,
417 2530 468 2592 ιιι,
479 2516 623 2597 quicquid
641 2517 838 2615 opusfuerit,
849 2516 928 2576 bene
945 2513 1149 2587 administres.
1161 2514 1222 2572 Ex-

13 2672 18 2678 ·
50 2598 206 2663 istimabis
225 2613 323 2664 autem
343 2623 410 2660 cum
429 2622 550 2661 omnem
568 2601 787 2674 eruditionem,
814 2600 839 2661 si
858 2599 924 2680 quis
941 2612 1060 2671 utatur,
1077 2599 1221 2696 prodesse
1295 2607 1298 2611 “

9 2682 11 2687 ’
35 2685 206 2757 multum,
229 2697 295 2744 tum
313 2693 385 2745 vero
404 2707 469 2746 eam
471 2686 674 2786 doctrinam,
698 2707 774 2786 quae
792 2686 901 2756 tradit,
926 2683 1050 2764 quidm
1059 2680 1221 2782 republica

61 2781 91 2828 et
109 2769 260 2850 agendum
285 2784 315 2830 et
337 2768 498 2831 dicendum
517 2771 572 2845 sit,
595 2771 741 2853 inprimis.
775 2771 851 2831 Nam
876 2768 1061 2853 geometriae
1086 2790 1119 2828 ac
1137 2766 1220 2827 simi

59 2853 150 2912 lium'
153 2854 261 2913 artium
281 2876 346 2915 esse
363 2856 487 2929 rudem
505 2868 594 2937 turpe
612 2857 641 2916 id
661 2857 783 2936 quidem
803 2869 861 2916 est:
878 2856 932 2915 sed
951 2868 1052 2915 earnm
1070 2871 1221 2914 sommum
1267 2850 1268 2853 ’

58 2936 127 2996 beri
145 2938 306 3013 artificem,
330 2940 407 2998 infra
419 2941 619 3002 excellentiae
636 2949 718 3001 tuae
725 2941 910 3023 dignitatem
944 2939 1011 2999 Αι
1002 2961 1035 2998 ιιι
1045 2938 1102 2999 illa
1120 2936 1222 2998 excel-r

50 3023 124 3081 'lere
142 3022 301 3096 facultate,
327 3026 527 3105 praeclarum:
552 3047 616 3085 non
634 3047 699 3086 esse
717 3026 909 3099 institutum,
933 3042 1057 3106 prorsus
1077 3037 1123 3085 est
1139 3014 1220 3082 deri

60 3108 209 3167 deudnm.
219 3108 325 3208 Quod
344 3130 380 3168 ex
397 3110 499 3170 multis
517 3109 582 3169 aliis
600 3111 690 3171 rebus
707 3111 910 3194 intelligitur,
922 3123 953 3171 et
970 3129 1006 3168 ex
1024 3131 1077 3183 eo,
1096 3107 1220 3168 sitires

59 3191 203 3290 illustres,
222 3193 274 3291 qui
292 3206 373 3254 tuam
390 3192 519 3255 aetatem
536 3208 773 3275 praecesserunt,
790 3209 914 3278 spectes.
931 3195 1008 3255 Nam
1022 3207 1052 3254 et
1063 3193 1221 3262 Periclem,
1286 3227 1288 3230 -

60 3275 149 3336 cuius
170 3277 317 3356 sapientia
335 3279 525 3359 temporibus
543 3279 604 3339 illis
622 3301 707 3365 prae
709 3282 850 3342 omnibus
868 3280 1017 3341 celebrata
1034 3292 1089 3351 est,
1105 3276 1278 3338 familia

59 3382 124 3431 rem
149 3361 243 3420 fuisse
269 3362 463 3445 Anaxagorae
489 3360 707 3437 Clazomenio,
727 3367 817 3466 atqqe
840 3366 893 3425 illo
918 3366 1044 3425 doctore
1067 3363 1135 3422 vim
1154 3381 1220 3420 eam
1240 3371 1302 3430 405

60 3459 257 3506 consecutum
272 3467 342 3506 esse
361 3449 479 3513 audies:
505 3461 536 3509 et
552 3448 757 3524 Alcibiadem,
781 3450 905 3533 ingenio
931 3449 1053 3529 quidem
1071 3449 1109 3508 ad
1120 3446 1220 3508 virtu-

18 3549 21 3552 ·
59 3544 121 3590 tem
141 3531 237 3590 multo
256 3532 407 3591 deteriore
424 3530 474 3615 (ut
492 3535 554 3613 qui
561 3535 669 3614 partim
687 3535 826 3636 superbe,
843 3535 953 3634 partim
964 3534 1095 3605 abiecte,
1111 3526 1283 3620 partim

59 3613 332 3676 libidinosissime
325 3617 416 3675 vitam
413 3618 632 3716 instituerit),
642 3621 782 3700 reperies
788 3619 943 3697 Socratis
928 3619 1127 3680 institutione
1142 3612 1253 3674 mul'·

9 3782 12 3784 .
60 3713 90 3760 ta
108 3701 140 3759 in
159 3700 289 3781 suavita
307 3701 488 3777 correxisse,
510 3715 628 3775 caetera
652 3705 858 3789 magnitudine
880 3715 1150 3786 rerumgestarum
1169 3716 1221 3759 oc-

38 3785 196 3845 cultasse.
231 3785 351 3859 Quodsi
373 3787 528 3847 veteribus
542 3789 821 3850 commemorandis
842 3789 1066 3849 immorandum
1084 3795 1222 3856 nonest,

60 3891 129 3928 cum
147 3869 315 3929 recentiora
343 3872 526 3951 exemplam
551 3885 674 3954 promtu
700 3873 777 3948 sint,
801 3872 877 3934 tum‘
883 3874 1078 3934 Timotheum
1102 3868 1221 3930 neniis

32 3989 35 3994 ·
59 3953 167 4024 rebus,
186 3954 297 4033 quibus
314 3954 489 4016 adolescens
506 3957 640 4031 studuit,
663 3958 722 4017 sed
733 3971 859 4040 propter
876 3979 928 4032 ea,
953 3968 1029 4039 qu'ae
1047 3968 1118 4038 post
1134 3953 1221 4015 insti-

60 4038 212 4097 tutionem
232 4039 369 4099 Isocratis
392 4040 502 4123 gessit,
521 4053 561 4100 ιι
589 4062 724 4105 summan
749 4043 875 4133 gloriam
894 4054 925 4102 et
942 4041 1146 4124 amplissimos
1164 4039 1232 4097 ho·

60 4142 152 4183 nores
166 4123 279 4182 merito
298 4144 363 4183 esse
382 4136 577 4186 consecutum
597 4145 777 4221 cognosces.
798 4141 870 4188 tum
888 4127 1071 4212 Archytam,
1093 4125 1147 4206 qui
1163 4126 1222 4182 ''-la
1272 4153 1275 4157 ·

24 4286 26 4289 .
59 4207 211 4284 rentinam
229 4208 460 4288 rempublicam,
480 4229 601 4270 summa
618 4223 718 4272 re'rum
736 4213 890 4293 adipsum
907 4214 1042 4287 delata,
1041 4212 1119 4272 adeo
1137 4213 1222 4290 prae
1266 4213 1273 4219 ’

59 4276 139 4352 clare
159 4306 191 4354 et
209 4290 379 4404 humaniter
405 4293 639 4407 administravit,
663 4308 700 4368 ut
722 4297 787 4358 eius
814 4304 945 4359 nomen
951 4298 1047 4388 a'pud
1051 4314 1156 4358 omnes
1174 4311 1224 4351 ee-
