2722 4754
99 221 193 351 'cso
337 307 343 313 .
411 188 1051 337 onerosiunmssona'rro·

129 407 196 470 talis
208 407 355 478 facultas,
382 424 446 479 eam
464 390 621 484 reperietis
632 394 763 477 omnes,
786 415 817 463 et
834 401 955 484 publice
973 398 1135 480 pro-vobis
1152 389 1297 472 usurpari
1342 400 1346 407 '

47 506 56 512 “
83 566 86 571 ,
113 512 254 573 'semper
267 504 297 550 et
314 510 463 569 nusquam
481 502 585 563 eontra
603 512 680 565 vos„
698 488 798 569 neque
816 494 921 567 contra
940 504 1121 567 quemquam
1134 478 1298 562 privatim:
1348 520 1351 529 .

131 577 219 639 istius
238 588 358 649 contra,
375 595 440 657 non
458 576 558 637 modo
570 576 602 634 in
619 575 753 635 bostium
778 595 896 635 causam
914 571 1048 655 agendo,
1072 568 1125 628 sed
1145 564 1253 635 etiam„
1272 560 1321 633 si,

124 662 199 755 ,quis
217 660 268 720 isti
286 659 435 740 aliquare
453 657 521 720 suit‘
537 661 684 721 molestus
701 673 754 720 aut
769 657 882 719 alicubi
901 658 965 717 eius
984 649 1133 715 offensam
1157 646 1299 720 incurrit,

132 756 185 808 eos
203 746 380 806 accusando.
396 744 603 824 Nequeenim
622 767 655 807 ea
672 758 766 816 reete,
784 763 884 823 neque
897 741 1082 823 reipublicae
1099 726 1222 799 utiliter,
1235 732 1321 795 uti-1

131 844 189 892 tur.
217 828 299 890 Nam
318 830 400 890 bono
418 829 477 889 civi
494 851 558 889 non
576 843 623 889 est
639 828 870 911 postulandum,
887 839 923 891 ut
940 847 993 886 sua
1010 825 1059 885 vel
1076 818 1233 891 iracundia
1250 815 1301 876 vel

98 912 100 923 '
134 915 309 976 inimicitiae
328 914 376 975 vel
394 915 459 974 eius
483 916 602 997 generis
621 916 687 975 alia>
703 915 923 974 confirmentur
939 934 954 970 a
973 909 1143 986 iudicibus,
1170 905 1224 986 qui
1242 921 1302 983 pro

28 1016 31 1024 ’
122 1001 288 1081 ‘republica
305 1012 377 1060 sunt
391 1000 451 1060 buc
468 999 607 1082 ingressi,
625 1014 678 1060 aut
691 1010 725 1059 e'a
738 1000 775 1058 de
788 1020 874 1058 cansa
889 997 921 1056 in
937 995 1083 1055 iudicium
1097 991 1301 1053 veniendum:

133 1086 187 1148 sed
204 1085 332 1145 maxime
350 1097 524 1166 praestaret.
542 1106 605 1145 non
618 1088 688 1145 'esse
707 1085 759 1144 tali
777 1082 946 1163 praeditum
965 1080 1097 1163 ingenio.
1115 1078 1171 1136 sin
1188 1071 1302 1134 mutari

134 1183 243 1233 natura
261 1170 384 1252 nequitt
401 1168 582 1233 illius‘certe
601 1170 731 1249 impetus
749 1167 1023 1228 suntmoderandi.
1059 1162 1180 1238 Quibus
1199 1170 1306 1243 autent

135 1257 167 1317 in
182 1255 273 1315 rebus
290 1255 502 1317 vehementem
521 1275 586 1314 esse
598 1254 758 1314 bominem
776 1265 944 1313 versantem
958 1251 993 1310 in
1010 1249 1164 1330 republica
1183 1257 1217 1305 et
1229 1264 1302 1303 ora·
1337 1274 1352 1285 -

89 1362 111 1389 ·-
134 1354 234 1402 torem
253 1339 361 1401 decet?
394 1335 471 1399 Cum
488 1340 677 1419 periclitatur
693 1358 808 1398 summa
824 1336 1025 1419 reipublicae,
1044 1327 1304 1413 quaudopopulo

110 1421 117 1437 ⁸
136 1447 184 1486 res
198 1434 250 1489 ‘est
267 1447 335 1485 eum
353 1425 544 1485 aduersariis:
569 1425 601 1485 in
620 1424 675 1484 bis.
692 1424 766 1484 baec
785 1422 865 1483 enim
883 1421 1024 1505 generosi
1043 1431 1114 1479 sunt
1131 1439 1165 1477 ac
1181 1408 1308 1476 strenui
1328 1482 1331 1489 Ι

44 1562 47 1579 .
138 1510 197 1572 civi
230 1521 260 1568 et
278 1510 359 1570 boni.
379 1507 456 1570 Cum
474 1523 575 1570 autem
593 1511 625 1570 in
643 1509 728 1569 nullo
746 1497 1024 1588 unquamcrimine
1042 1503 1176 1584 publico,
1195 1501 1302 1565 addam

139 1595 228 1655 etiam
247 1614 304 1655 nec
321 1597 353 1654 iu
371 1595 505 1676 privato,
521 1596 691 1675 poenasde
709 1616 757 1653 me
776 1614 898 1667 sumere,
912 1590 1073 1672 postularit
1088 1588 1138 1647 uel
1155 1583 1303 1666 reipubli-

139 1700 193 1740 cae
216 1680 265 1739 vel
282 1692 392 1762 suopte
418 1681 558 1757 nomine:
585 1700 716 1740 coronae
735 1692 766 1757 et
783 1677 964 1738 laudationis
990 1674 1181 1751 accusatione
1199 1669 1306 1730 venire

138 1786 221 1824 nunc
239 1762 444 1825 consarcinata
463 1778 494 1825 et
510 1778 557 1824 tot
574 1766 665 1825 verba
683 1765 715 1824 in
734 1782 984 1839 eapconsumem
1002 1760 1184 1842 privatarum
1203 1754 1320 1815 inimi·

53 1896 59 1906 .
140 1848 278 1908 citiarum
298 1862 328 1908 et
346 1849 528 1909 invidentiae
542 1862 573 1910 et
589 1850 692 1930 pusilli
709 1849 802 1909 animi
819 1861 865 1908 est
883 1847 1038 1919 indicium,
1056 1846 1154 1904 bonae
1171 1841 1219 1902 rei
1236 1838 1306 1899 nnl-

112 1995 126 2023 ἱ
140 1933 216 1994 lius.'¹
224 1932 327 2013 Atque
345 1934 421 1993 illud
440 1935 539 2008 etiam,
558 1936 650 2015 quod,
668 1956 717 1994 me
733 1933 954 2016 praetermisso,
974 1928 1205 2010 Ctesiphontem
1224 1924 1308 1984 bunc

27 2084 30 2089 ,
65 2054 68 2059 ·
141 2018 257 2095 inuadit
274 2031 305 2078 et
322 2019 434 2079 iudicio
453 2032 549 2093 vexat,
568 2041 700 2080 summae
720 2034 765 2081 est
782 2017 990 2099 improbitatis.
1002 2034 1006 2039 ’
1019 2017 1113 2074 Unde·
1125 2014 1171 2086 fis,
1189 2023 1226 2071 nt
1244 2009 1313 2070 exi-¹
1332 2028 1353 2045 ·

124 2103 280 2177 stimem,
297 2114 345 2175 te,
363 2103 533 2177 Aeschine,
559 2106 780 2165 accusationem
799 2099 886 2162 istam
906 2102 1082 2174 exercitatae
1100 2096 1183 2159 vocis
1204 2109 1309 2156 osten-

138 2189 250 2249 tandae
268 2188 382 2262 studio,
400 2210 462 2249 non
476 2189 569 2249 ullius
588 2191 752 2272 exigendae
770 2182 888 2270 poenae
904 2209 992 2248 causa
1005 2185 1181 2245 instituisse.
1199 2181 1309 2260 Neque
1348 2252 1353 2257 .

21 2332 27 2338 ,
70 2306 80 2323 x
115 2279 217 2357 :vero
235 2294 345 2356 magno
365 2275 547 2334 aestimanda
566 2289 611 2335 est
626 2275 757 2334 oratoris
776 2275 823 2334 vel
843 2274 939 2333 oratio
957 2270 1005 2330 vel
1032 2265 1312 2330 contentio-uocis:

141 2359 197 2418 sed
215 2356 296 2440 idem
315 2359 392 2418 velle
411 2381 478 2426 cum
495 2360 610 2440 populo
636 2373 726 2440 atque
744 2360 825 2420 idem
843 2359 1002 2433 nosse‚-et
1021 2357 1151 2420 eosdem,
1163 2373 1263 2414 amore
1283 2359 1315 2409 et

145 2441 264 2516 odisse,
283 2464 359 2523 quos
377 2445 489 2524 patria,
506 2445 537 2503 id
553 2437 676 2504 demum
694 2464 803 2527 magno
822 2440 1042 2517 aestimandum
1060 2452 1112 2500 est
1146 2438 1212 2514 Qui
1231 2435 1314 2496 enim

65 2536 78 2554 ⁴
119 2569 121 2573 Α
146 2526 187 2586 ita
206 2527 264 2586 erit
281 2529 447 2602 animatus,
474 2528 498 2588 is
516 2528 599 2589 bono
618 2530 720 2588 studio
743 2529 824 2590 dicet
843 2528 958 2589 omnia:
986 2527 1129 2607 quivero
1155 2544 1210 2584 eos
1228 2519 1315 2591 colit,

146 2634 162 2671 a
181 2611 468 2691 quibusimminere
486 2614 544 2674 sibi
561 2614 729 2694 periculum
752 2613 922 2696 respublica
938 2611 1111 2694 praevidet,
1136 2609 1162 2668 is
1180 2628 1246 2668 non
1265 2624 1315 2665 ea-

148 2696 216 2756 dem
234 2697 343 2757 nititur
359 2718 482 2772 ancora,
509 2720 567 2778 qna
590 2700 729 2781 populus.
764 2700 897 2779 Proinde
915 2718 973 2757 nec
997 2690 1315 2767 securitatiscaudem

127 2780 239 2841 ‹babet
257 2783 519 2862 exspectationem.
553 2783 613 2844 Sed
632 2782 777 2867 (vides?)
796 2805 870 2867 ego:
890 2783 1009 2843 easdem
1029 2782 1109 2840 enim
1127 2779 1222 2852 mibi,
1240 2796 1316 2857 quas

147 2865 348 2947 reipublicae,
365 2867 512 2927 utilitates
529 2870 690 2949 proposui:
708 2890 808 2949 neque
827 2868 902 2928 mibi
920 2867 1082 2948 quicquam
1100 2864 1243 2945 eximium
1261 2871 1316 2922 aut

148 2951 305 3031 proprium
324 2972 389 3029 esse
406 2953 499 3012 volui
523 2954 613 3013 Anne
631 2967 664 3014 tn
683 2954 826 3033 quidemr?
845 2955 908 3028 Qui
927 2952 1021 3013 vero?
1041 2974 1109 3011 cum
1127 2949 1319 3028 statim-post

61 3093 65 3100 .
148 3056 280 3118 pugnam
298 3036 470 3118 legatusad
488 3037 922 3120 Philippum-proficiscerem,
951 3037 1004 3118 qui
1022 3035 1318 3117 essetillistempo-

132 3120 233 3180 'ribus
261 3126 352 3181 cauis
375 3122 487 3202 patriae
513 3124 731 3184 calamitatum:
760 3125 872 3204 idque,
896 3124 965 3183 cu'm
990 3123 1067 3182 illud
1092 3143 1203 3181 munus
1229 3128 1318 3178 antea

77 3248 86 3259 ,
105 3232 109 3243 =
151 3205 236 3295 omni
253 3204 593 3291 temporedefugisses,
611 3211 865 3289 quemadmodum
886 3229 990 3268 omnes
1010 3221 1130 3267 norunt.
1154 3202 1246 3281 'Quis
1264 3224 1317 3261 au-

151 3303 213 3350 tem
233 3293 358 3372 est‚··qui
376 3293 591 3373 rempublicam
610 3293 759 3374 decipiat?
778 3297 848 3354 Non
867 3293 902 3373 is,
922 3294 974 3373 qui
993 3292 1163 3352 dissimulet
1177 3312 1222 3364 ea,
1240 3306 1317 3369 quae
1339 3316 1349 3333 ν

68 3385 130 3445 204
154 3375 268 3437 sentit?
292 3379 403 3452 'Quem
420 3398 529 3458 praeco
548 3379 675 3462 singulis
694 3380 825 3440 comitiis
843 3380 908 3439 inre
927 3378 1117 3438 exsecratur?
1143 3377 1254 3436 Nonne
1271 3385 1316 3432 ta-

153 3460 235 3520 lem?
253 3460 341 3534 Quid
355 3482 428 3522 uero
446 3463 616 3546 graviuset
628 3465 803 3525 sceleratius
817 3465 1017 3542 inoratorem
1035 3463 1095 3523 dici
1109 3474 1210 3542 queat,
1228 3477 1318 3539 quam

154 3545 181 3606 si
199 3544 331 3619 dicatur,
350 3552 423 3607 'non
442 3549 546 3608 eadem
565 3549 677 3609 sentire
697 3564 728 3610 et
745 3549 869 3630 loquil‘
887 3551 933 3609 Tu
952 3561 1053 3609 autem
1071 3547 1139 3608 talis
1159 3546 1318 3626 es‘depre-

104 3696 112 3705 .
154 3631 276 3691 bensus.
300 3633 340 3692 Et
356 3644 391 3697 tu
407 3626 522 3694 voccm‘
533 3634 597 3693 edis
616 3648 647 3694 et
664 3635 776 3696 borum
792 3635 910 3696 tultum
927 3636 1021 3694 audes
1038 3646 1129 3712 atque
1149 3653 1203 3692 ora
1220 3632 1319 3699 intue-

75 3750 78 3755 ·
153 3715 201 3777 riL?
219 3715 375 3797 Numquid
394 3739 446 3779 eos
464 3720 605 3802 ignorare
623 3734 721 3801 putas,
740 3720 792 3800 qui
805 3721 865 3781 sis?
882 3733 935 3781 aut
951 3731 1037 3780 tanto
1055 3731 1182 3790 veterno
1198 3729 1230 3776 et
1243 3713 1320 3774 obli-

155 3802 245 3864 vione
263 3803 363 3863 teneri
381 3825 505 3878 omnes÷
529 3818 645 3865 utnon
669 3805 864 3879 meminerint
882 3806 1061 3877 verborum,
1088 3825 1165 3884 quae
1192 3800 1323 3861 iactabas

117 3934 121 3938 .
156 3886 235 3969 apud
253 3889 420 3969 populum,
444 3903 475 3950 te
498 3891 596 3972 ipsum
614 3890 766 3952 devovens
785 3905 816 3951 et
833 3891 986 3964 deierans,
1013 3890 1089 3950 nihil
1109 3910 1174 3949 esse
1203 3887 1263 3948 tibi
1280 3883 1325 3944 rei

60 4029 83 4055 x,
156 3996 225 4032 cnm
243 3974 402 4056 Philippo:
426 3976 480 4034 sed
498 3972 545 4035 me
565 3977 596 4036 id
613 3976 671 4038 tibi
696 3978 810 4038 crimen
836 3977 1004 4060 impingere
1024 3998 1059 4036 ex
1076 3974 1191 4056 privata
1218 3971 1325 4032 simul-

47 4084 56 4099 ·
98 4109 104 4116 .
156 4071 218 4119 tate
235 4060 332 4120 falso?
351 4055 428 4123 Cum
445 4060 576 4141 primum
595 4057 864 4144 intemproelium
883 4061 1147 4123 nuntiatum‘fuit:
1166 4059 1251 4121 hisee
1270 4077 1328 4144 ne3

155 4143 264 4227 ¹gleetis
292 4144 393 4218 statim
410 4142 543 4208 fatebare
570 4160 602 4206 et
617 4164 689 4228 praje
707 4160 738 4208 te
761 4148 895 4222 ferebas,
921 4141 1080 4208 amicitiam
1101 4159 1131 4206 et
1157 4143 1354 4226 hospitium·-

60 4258 81 4307 χ
100 4246 107 4255 ·
158 4229 216 4288 tibi
235 4251 301 4290 esse
319 4251 388 4290 cum
407 4250 463 4306 eo,
486 4249 595 4314 operae
614 4234 816 4295 mercenariae
835 4232 959 4295 nomine
977 4254 1045 4293 cum
1064 4232 1110 4294 bis
1129 4224 1328 4292 commutato.

139 4314 327 4389 ,Quaenim
341 4317 406 4399 pari
418 4317 533 4379 iustave
548 4317 585 4377 de
600 4328 693 4401 cansa
700 4316 857 4393 Aeschini,
877 4317 1084 4391 Glaucotbeae
1096 4312 1334 4402 tympanistriae

159 4396 235 4473 filio,
252 4400 364 4483 bospes
381 4402 433 4464 alst
450 4397 1020 4489 amiensemsuotusessethilippns,
1038 4402 1180 4485 equidem
1197 4422 1267 4462 non
1285 4398 1330 4459 vi-
