2722 4754
131 185 226 243 saor
375 170 800 243 ἰιιιοιιιιιιιιι
823 178 1017 242 enarro
1094 166 1098 177 ’
1177 194 1180 200 ·
1305 253 1313 269 q

83 281 94 308 l
153 276 157 291 ¹
664 294 666 301 ,

131 335 416 421 adyPerinthumet
431 334 701 421 Alopeconnesum
723 337 818 420 gestis
842 334 1001 399 trierarchi
1022 331 1240 396 testimonium
1265 331 1315 393 di·

96 442 100 447 ·
131 435 208 486 cent
260 480 263 487 .

115 544 117 546 ’
161 525 210 582 '²
272 551 277 563 ‘
413 519 760 643 ιιιιιιιιιι
810 559 1021 627 rnsnrs.

19 732 27 739 .
69 705 72 709 ¹
108 704 132 740 ¹.
217 679 338 755 Postea,
357 700 426 739 eum
439 624 649 780 Cephisodbto
668 681 847 762 abrogatum
867 693 947 745 esset
964 680 1138 762 imperium,
1146 674 1316 758 vobisque

81 777 83 781 ’
131 765 242 828 foedus
260 787 329 826 cum
348 785 385 825 eo
403 765 516 826 factum
534 765 658 826 minime
677 767 867 847 probandum
886 766 1056 831 videretur:
1080 763 1316 864 Msstocythem,

63 892 68 903 ·
100 923 102 928 Ι
123 862 315 935 ‚perpetuum
334 862 467 928 vestrum
485 850 632 924 amicum,
649 874 665 911 a
685 851 904 936 Smicythione
912 853 1068 933 proditum
1087 864 1216 952 nactus,
1241 848 1317 941 quia

76 938 85 981 ’-
131 937 311 1005 Thracum'
302 938 443 998 instituto
463 934 546 996 nefas
565 936 694 997 habetur
712 937 803 997 alium
822 937 925 998 occrdr
933 937 977 996 ab
997 938 1076 1012 alio,
1100 957 1222 1017 serens,
1241 955 1317 996 cum

124 1012 319 1086 ¹incolumem
345 1043 520 1096 evasurum,
547 1019 573 1080 si
596 1023 634 1082 ad
653 1019 883 1104 Cersohleptem
909 1024 1092 1098 duceretur,
1119 1014 1246 1111 b'opua²
1251 1021 1315 1082 iste

132 1100 333 1171 Charidemus
353 1104 520 1181 Gordianis,
538 1108 646 1168 vestris
664 1107 828 1210 hostibus,
826 1109 931 1170 tradit
967 1109 1030 1183 Qui
1050 1130 1086 1169 eo
1107 1122 1138 1169 et
1156 1100 1273 1168 filio
1240 1123 1314 1171 erne
1334 1142 1345 1159 a

132 1193 396 1285 comprehensis
386 1214 486 1272 mque
507 1194 632 1278 pelagus
658 1195 798 1277 navigio
795 1194 975 1267 subvectis,
1002 1207 1033 1255 et
1050 1193 1184 1258 filiurn
1174 1215 1208 1253 ιιι
1234 1213 1313 1254 eon·

76 1334 79 1341 .
132 1295 257 1366 speetu
265 1279 330 1340 eius
358 1279 537 1357 occiderunt
561 1294 593 1340 et
616 1279 716 1359 ipsum
740 1294 811 1361 post
836 1279 892 1339 filii
919 1282 1041 1340 caedem
1068 1280 1313 1340 submerserunt

38 1415 44 1428 ι
131 1368 216 1430 Eam
225 1365 435 1426 crudelitatem
447 1349 622 1436 Thracibus
649 1367 790 1426 omnihus
809 1386 898 1448 aegre
924 1365 1112 1440 ferentibus,
1132 1377 1178 1431 et
1187 1363 1313 1423 Berisa-

112 1492 116 1504 ι
131 1453 216 1516 dect
227 1451 386 1529 Amadoco
402 1450 658 1532 conspirantibus,
676 1436 906 1525 Athenodorus,
924 1453 981 1511 hae
994 1451 1154 1512 occasione
1169 1449 1313 1511 animad-
1343 1466 1346 1475 '

23 1548 31 1563 ⁸
99 1548 102 1554 ’
130 1550 228 1612 versas
244 1538 381 1617 initaque
400 1536 545 1597 cumillis
565 1537 721 1610 societate,
739 1537 854 1597 bellum
872 1558 981 1620 gerere
997 1537 1109 1618 potuit
1135 1534 1312 1597 Praeterito

65 1629 88 1651 ''
130 1638 232 1689 autem
251 1619 469 1704 Cersoblepte,
485 1622 595 1684 foedus
614 1622 719 1682 scribit
735 1622 974 1698 Athenodorus,
993 1643 1054 1703 quo
1073 1619 1312 1722 Cers'obleptem

34 1723 35 1726 ’
130 1710 230 1771 iurare
249 1708 381 1792 cogitet
405 1706 492 1768 vobis
512 1721 543 1769 et
566 1707 706 1791 regibus:
733 1708 966 1769 ιιι-Τιιιιιίιι
957 1708 1119 1788 imperium
1145 1709 1230 1768 inter
1245 1719 1309 1767 tres

18 1839 49 1858 12
130 1795 263 1858 divisum
281 1814 443 1854 commune
462 1806 551 1868 esset,
569 1805 600 1853 et
617 1807 653 1854 ut
669 1794 759 1871 simul
779 1799 884 1854 omries
904 1775 1131 1855 Chersonesum
1149 1792 1240 1855 vobis
1258 1810 1308 1851 re-

62 1904 65 1911 ·
131 1881 302 1944 stituerent
336 1881 379 1940 Ut
396 1899 468 1939 vero
487 1878 528 1939 in
534 1879 671 1942 comitiis
697 1897 751 1940 vos
771 1901 799 1939 cr
791 1879 899 1940 bello
920 1877 1080 1941 Chabriam
1096 1877 1312 1960 praefecistis,

8 1962 23 2004 ¹
127 1980 166 2031 et
180 1965 385 2028 Athenodoro
412 1985 471 2025 usu
494 1965 605 2047 venit,
626 1979 677 2039 ut,
702 1966 857 2048 pecuniis
859 1988 876 2025 a
894 1950 981 2026 vobis
1005 1986 1069 2026 non
1094 1963 1312 2047 suppeditatis,

41 2116 64 2138 ,Ι
111 2116 113 2120 ,
133 2074 218 2125 οιιιιιι
208 2051 365 2136 gerendi
380 2050 455 2120 belli
470 2049 626 2112 facultate
639 2053 803 2113 destitutus
830 2053 993 2112 exercitum
1013 2050 1197 2125 dimitteret,
1223 2046 1310 2109 Cha·
1321 2112 1324 2120 ,

47 2156 49 2160 ·
116 2138 240 2201 brias'
231 2151 305 2199 rtem
324 2157 385 2197 una
403 2136 468 2197 sola
486 2159 561 2198 nave
580 2136 652 2196 hinc
670 2138 819 2200 solveret:
846 2139 920 2217 quid
938 2137 1004 2198 de
995 2150 1119 2225 ιιιιιςιο
1136 2135 1207 2197 facit
1224 2133 1311 2195 Cha·

131 2222 289 2289 ridemus?
306 2222 439 2309 Foedus,
458 2223 541 2302 quod
555 2221 786 2285 Athenodoro
776 2236 899 2298 iurarat,
917 2236 1019 2306 negat,
1038 2235 1079 2298 et,
1095 2236 1134 2284 ut
1150 2222 1234 2282 idem
1252 2240 1312 2279 ne-

59 2357 81 2363 f.
132 2322 195 2395 get,
213 2309 304 2371 etiarn
324 2298 541 2390 Cersoblcptae
559 2310 731 2389 persuadet,
751 2323 781 2370 et
799 2309 880 2369 aliud
900 2332 968 2369 cum
982 2305 1112 2373 Chabria
1128 2288 1315 2379 conscribit,

34 2437 36 2451 .
86 2437 101 2469 .·
132 2395 230 2459 multo
258 2415 349 2475 quam
368 2384 568 2494 Cephisodoti
591 2394 777 2476 iniquius,
767 2415 879 2474 inquo
904 2395 973 2470 ille,
1000 2407 1035 2456 nt
1058 2392 1161 2454 nullo·
1169 2390 1311 2468 munitus

45 2559 48 2563 Ἰ
84 2541 86 2545 ,
132 2477 278 2554 exercitu,
296 2477 489 2559 acquiescere
508 2480 681 2563 cogebatur.
717 2480 773 2540 His
790 2500 845 2540 vos
863 2480 991 2575 publicet
1004 2479 1134 2553 auditis,
1151 2491 1195 2540 et
1203 2475 1309 2538 multis

87 2630 95 2643 ,
128 2567 243 2636 .ιιιιιίι
250 2565 332 2629 ultro
351 2563 490 2647 citroque
508 2566 605 2641 factis,
623 2579 654 2626 et
668 2566 793 2627 foedere
806 2586 862 2646 pro
878 2556 1029 2628 concione
1046 2564 1186 2640 recitato,
1203 2582 1309 2643 neque

37 2700 41 2705 -
132 2651 281 2717 Chabriae
300 2651 530 2725 auctoritatem,
546 2672 648 2732 neque
666 2665 865 2732 patronorum
885 2652 949 2712 eius
969 2671 1153 2732 quemqnam
1171 2647 1310 2720 reveriti,

19 2788 22 2797 .
65 2765 68 2771 ·
133 2739 222 2802 etiam
241 2736 273 2796 id
291 2737 400 2796 foedus
412 2737 522 2820 depuo
541 2737 744 2818 improbastis,
764 2749 794 2798 et
812 2737 1089 2811 senatusconsulto,
1109 2735 1193 2816 quod
1209 2733 1308 2795 Glau-

2 2823 6 2831 ’
72 2872 81 2885 .
133 2843 210 2888 cone
228 2820 386 2884 referente
398 2806 513 2883 factum
532 2835 593 2896 est,
611 2823 715 2883 decem
734 2822 851 2906 legatos
870 2844 886 2884 e
906 2823 1022 2884 civibus
1040 2821 1149 2884 vestris
1169 2821 1306 2882 delectos

130 2907 327 2972 decrevistis·
354 2907 428 2987 qui,
448 2907 474 2966 si
492 2907 525 2966 in
544 2928 581 2967 eo
599 2902 741 2981 foedere,
770 2909 852 2989 qnod
871 2930 940 2969 cum
957 2908 1165 2971 Athenodoro
1182 2906 1307 2976 fecerat,

47 2966 108 3052 4'31
125 3006 272 3059 maneret
282 2989 507 3074 Cersobleptes,
524 2991 736 3054 iusiurandum
753 2993 791 3053 ab
810 3014 848 3054 eo
864 3014 969 3066 rursus
989 2995 1162 3078 exigerent.
1178 2989 1228 3052 sin
1245 2989 1306 3049 mi-

116 3100 253 3155 .nus,a
236 3066 392 3140 aduobus
409 3077 534 3159 regibus
549 3079 644 3141 fidem
663 3079 851 3160 acciperent,
879 3091 925 3153 et,
953 3101 1014 3160 quo
1034 3092 1122 3162 paeto
1148 3077 1201 3137 ille
1220 3075 1307 3153 bello

132 3165 283 3269 petendus
302 3175 392 3238 esset,
409 3162 620 3225 deliberarent
650 3164 838 3228 Profectis
829 3185 888 3226 ram
904 3186 997 3246 porro
1015 3164 1150 3250 legatis,
1157 3184 1227 3223 cnm
1245 3162 1310 3221 iam

132 3251 186 3314 isti
201 3249 475 3336 tergiversarentur
493 3261 523 3309 et
541 3249 618 3339 nihil
635 3250 723 3313 vobis
747 3263 899 3332 praestare
917 3251 1050 3326 vellent,
1075 3244 1158 3330 quod
1176 3244 1309 3328 simplex

132 3349 195 3423 aut
203 3336 316 3397 iustum
335 3346 431 3399 esset.
445 3334 492 3395 sic
506 3329 625 3411 evenit,
634 3349 732 3398 utres
750 3357 786 3396 eo
799 3357 896 3415 usque
908 3337 1209 3416 procrastinarentur,
1229 3333 1309 3393 dum

58 3494 60 3500 Α
89 3423 166 3493 „in
183 3414 341 3485 Euboeam
358 3419 467 3481 auxilia
485 3421 685 3495 mitteremus,
704 3434 735 3482 et
753 3417 892 3481 Chares
882 3434 1065 3502 imperator,
1082 3421 1242 3485 adducens
1255 3437 1310 3477 se-

132 3530 202 3570 eum
220 3505 399 3589 peregrinos
418 3501 549 3582 milites,
574 3506 745 3579 adveniret,
762 3518 870 3586 atque,
888 3528 905 3566 a
922 3507 1009 3568 vobis
1028 3507 1159 3566 dictator
1175 3514 1310 3576 creatus,

131 3594 166 3654 in
181 3588 410 3656 Chersonesum
433 3592 597 3675 navigaret
640 3591 691 3652 Sic
716 3592 818 3652 denuo
842 3591 951 3652 foedus
979 3614 1052 3653 cum
1066 3587 1196 3651 Charete
1220 3582 1308 3661 facit,

88 3694 91 3701 ’
132 3677 272 3760 quicum
268 3696 300 3738 se
311 3676 533 3738 Athenodorus
547 3690 578 3737 et
588 3678 658 3738 duo
661 3697 750 3778 reges
762 3678 992 3752 coniunxerant,
1011 3677 1095 3777 quod
1106 3688 1153 3737 est
1166 3672 1308 3735 omnium

17 3810 20 3819 .
128 3763 282 3845 'optimum
302 3774 333 3823 et
350 3761 574 3862 aequissimum.
606 3759 694 3822 Sic
684 3762 757 3843 ipsis
775 3762 861 3822 factis
879 3783 946 3822 sese
963 3762 1120 3844 coarguit,
1146 3782 1179 3821 se
1197 3769 1308 3821 contra

24 3903 29 3912 .
72 3882 100 3921 f
130 3860 267 3911 nostram
285 3846 393 3907 urbem
412 3848 587 3919 occasiones
606 3860 735 3928 captare,
753 3867 854 3928 neque
867 3849 994 3930 simplex
1006 3860 1059 3907 aut
1069 3867 1203 3927 aequum
1216 3865 1307 3925 qurc

132 3954 223 4016 quam
242 3933 384 4016 cogitare.
409 3932 538 4035 Quem'
528 3933 632 4016 igitur,
649 3933 841 4015 temporibus
858 3934 1033 4007 adductum,
1050 3931 1197 4014 paulatim
1215 3927 1308 3991 vdbis

67 4037 76 4047 ²
131 4018 262 4081 amicum
279 4017 346 4078 fieri
364 4018 499 4092 cernitis,
519 4029 549 4078 et
565 4038 628 4099 pro
641 4039 695 4094 eo,
711 4041 746 4079 ae
762 4041 817 4080 vos
835 4039 925 4101 posse
942 4032 1039 4101 putat,
1056 4015 1310 4079 benevolentiam

58 4159 59 4162 ,
108 4103 165 4167 ‘tn
182 4123 237 4167 vos
255 4121 378 4186 gerere.
392 4103 536 4165 huiusne
553 4104 722 4185 potentiam
748 4105 916 4188 augendam
935 4127 1001 4167 esse
1019 4103 1219 4165 existimatis?
1263 4103 1311 4163 Ut

79 4196 82 4203 '
131 4187 227 4272 igitur
244 4189 353 4265 sciatis,
370 4189 446 4251 haec
464 4210 543 4251 ame
560 4210 631 4252 vere
650 4187 720 4265 dici,
736 4191 911 4272 proferetur
927 4191 1066 4272 epistola,
1083 4203 1157 4272 post
1172 4189 1309 4272 primum

50 4305 76 4341 ι·,;
131 4272 246 4352 foedus
259 4274 319 4336 hue
336 4274 442 4337 missa:
460 4275 571 4338 deinde
590 4288 622 4339 ct
638 4275 799 4343 Brrisadae
817 4276 952 4361 epistola.
967 4275 1054 4340 uam
1074 4293 1112 4338 eo
1130 4289 1222 4358 pacto
1240 4290 1310 4336 rem

107 4358 248 4500 ‚optime
265 4340 451 4479 intelligetia.
525 4418 528 4428 .
