2722 4754
396 307 404 317 ,
456 196 520 269 ns·
553 174 780 273 corona
901 218 932 260 ··
1128 156 1326 283 rol,

345 381 584 481 nir'nnan
620 411 905 494 ‘rnrulrrrp

49 532 65 577 Τ
123 530 185 590 hex
208 528 421 593 Macedonum
445 532 603 615 Philippus
628 537 747 617 senqtul
771 540 950 620 populoque
975 539 1157 607 Atheniensi
1182 548 1210 607 S.

41 604 170 705 beilum,
182 614 341 705 nosxintra
359 618 448 701 Pylas
468 639 533 679 esse
551 641 729 703 progressos
749 637 780 682 et
797 624 965 686 Phocidem
982 629 1148 713 subegisse.
1166 631 1212 693 Ac

62 723 122 791 qaae
138 700 246 784 oppida
263 701 349 761 ultro
377 704 563 764 deditionem
582 705 738 782 fecerunt,
755 708 796 768 'in
816 729 850 768 ea
868 712 1016 790 praesidia
1037 716 1211 778 introduxi·
1275 726 1287 763 '·
1327 710 1332 723 ’

67 812 127 857 ιιιε
153 807 228 868 quae
246 807 322 846 vero
342 787 502 869 imperium
521 791 745 868 detrectabant,
768 794 799 853 vi
817 794 951 876 cepimus
971 811 1002 857 et
1020 800 1135 862 civibus
1154 805 1230 864 sub¹
1310 820 1313 836 ’

72 896 156 943 mona
172 872 303 933 venditis
324 874 494 934 evertimus.
531 871 608 935 Cum
627 891 728 938 autem
747 879 899 955 audirem,
926 894 957 942 et
974 905 1027 942 vos
1046 885 1156 947 instrui
1174 890 1211 949 ad
1236 908 1237 912 ’

71 984 138 1047 ,pem
152 959 209 1019 illis
227 958 401 1019 ferendam:
420 960 525 1041 scripsi
543 962 640 1036 vobis,
659 985 697 1022 ne
716 964 775 1023 iam
794 967 884 1025 eade
902 987 936 1026 re
953 968 1106 1029 laboretis.
1124 972 1224 1048 Nam„

28 1066 35 1075 ·
68 1046 212 1115 siomuino
231 1043 395 1125 dicendum
414 1058 475 1117 est,
498 1066 562 1105 non
580 1049 735 1109 moderate
753 1049 852 1110 facere
871 1052 946 1111 mihi
962 1054 1123 1131 videmini,
1150 1058 1212 1136 qui,

70 1159 123 1199 mm
130 1152 225 1216 pacem
236 1129 427 1212 pepigeritis,
441 1129 638 1192 nihilominus
653 1134 685 1194 in
697 1134 792 1194 aciem
804 1137 1008 1211 descendatis:
1024 1142 1212 1220 praesertim,
1244 1200 1249 1211 ,

71 1242 126 1287 mm
139 1219 303 1280 Phocenses
323 1217 356 1276 in
374 1216 585 1277 communibus
604 1219 716 1279 nostris
735 1220 837 1301 pactis
849 1243 914 1281 non
931 1223 994 1285 sint
1011 1226 1210 1306 comprehen-

72 1309 99 1370 si
124 1302 224 1382 Quare,
239 1302 266 1361 si
284 1316 346 1361 non
368 1302 526 1363 manebitis
545 1303 578 1362 in
597 1305 765 1384 conventis,
783 1306 866 1367 nulla
884 1329 927 1383 re,
945 1307 1004 1384 nisi
1021 1296 1212 1392 auspicandis

74 1388 402 1463 iniurius-antevertens.
604 1415 607 1421 ¹
664 1449 667 1452 ,
839 1406 859 1460 ·,
917 1463 919 1466 y
1144 1430 1147 1439 ·

105 1531 116 1540 ,
141 1472 277 1547 luditis,
295 1496 384 1553 quam
408 1475 567 1556 perspicue
592 1477 745 1560 significet
762 1492 862 1560 atque.
879 1481 1019 1563 explanet
1036 1481 1082 1543 his
1101 1485 1210 1544 advos
1237 1481 1298 1541 153

19 1562 25 1573 “
73 1562 146 1626 literis
155 1559 218 1619 suis
236 1559 418 1619 foederatis:
442 1562 525 1622 Haec
543 1583 601 1646 ego
619 1565 678 1622 feci
696 1564 797 1626 invitis
815 1565 1055 1629 Atheniensibus
1075 1583 1106 1630 et
1123 1589 1213 1653 aegre

61 1647 219 1711 ‚serentibus
249 1667 353 1726 quare,
371 1646 396 1704 si
414 1647 527 1727 sapitis,
546 1669 564 1708 o
583 1648 721 1709 Thebani
741 1664 771 1710 et
788 1652 936 1726 Thessali,
952 1667 1017 1714 tum
1036 1675 1088 1714 eos
1108 1655 1213 1716 hostes

74 1731 272 1805 instimahitis,
285 1744 352 1792 tum
372 1732 446 1791 mihi
464 1733 556 1792 fidem
580 1733 746 1795 habebitis:
771 1758 835 1796 non
854 1740 936 1818 quod
956 1738 1030 1798 haec
1047 1740 1212 1821 verbapo-

49 1871 54 1877 .
72 1819 155 1893 merit,
171 1818 221 1878 sed
238 1817 321 1882 haec
332 1831 413 1877 certe
434 1819 595 1878 ostendere
614 1820 718 1880 voluit.
736 1821 791 1881 His
805 1822 897 1882 rebus
912 1815 1025 1883 factum
1044 1837 1099 1897 est,
1116 1837 1152 1884 ut
1167 1825 1213 1884 di-

72 1927 171 1993 gressus
187 1902 252 1963 illos
272 1903 314 1962 ita
332 1903 394 1962 sibi
410 1904 586 1978 devincIret,
604 1920 643 1964 ne
663 1907 823 1985 quicquam
844 1904 986 1989 deinceps
1004 1908 1215 1990 prospicerent

71 2006 111 2057 aut
125 1989 403 2059 animadverterent:
428 1990 481 2049 sed
500 2011 569 2049 eum
589 1990 689 2050 omnia
707 1991 840 2050 insuam
867 1993 1006 2075 redigere
1030 2007 1215 2074 potestatem

70 2089 227 2164 paterentur.
262 2076 352 2134 Unde
372 2075 495 2146 accidit,
519 2088 554 2135 ut
579 2074 680 2135 miseri
699 2076 838 2136 Thebani
862 2078 894 2137 in
921 2079 966 2139 his
994 2079 1212 2139 calamitatibus

71 2175 217 2227 versemur:
235 2159 323 2220 istius
343 2174 442 2221 autem
461 2158 534 2220 fidei
552 2160 730 2241 conciliator
747 2175 838 2242 atque
852 2164 974 2224 adiutor
989 2177 1141 2240 strenuus,
1161 2163 1214 2244 qui

72 2251 129 2312 falsa
142 2248 196 2307 huc
215 2246 365 2317 nuntiavit
391 2242 421 2305 ct
444 2246 547 2305 fucum
573 2246 660 2306 vohis
678 2246 769 2321 fecit,
795 2247 819 2306 is
840 2262 901 2322 est,
919 2244 981 2330 *qui
997 2248 1214 2312 Thebanorum
1313 2264 1320 2281 ³

72 2335 131 2396 mala
146 2353 221 2393 nunc
239 2331 439 2404 lamentetur,
466 2345 510 2404 et,
530 2354 620 2411 quam
639 2353 672 2391 ea
690 2332 872 2393 miserabilia
890 2335 969 2409 sint,
986 2349 1216 2410 commemoret,

39 2463 44 2468 -
70 2419 176 2483 comsit
193 2430 349 2478 eorum‘et
366 2417 570 2476 Phocensium
589 2417 748 2492 malorum,
766 2431 798 2478 et
816 2416 1090 2501 quaecunqu'calia
1105 2421 1214 2482 Graeci
1292 2458 1299 2468 .

69 2504 185 2590 perpessi
198 2516 279 2577 sunt,
298 2504 435 2563 omnium
448 2503 511 2584 ipse
527 2516 640 2564 auctor.
658 2505 705 2563 Tu
720 2505 846 2579 scilicet,
864 2504 1026 2582 Aeschine,
1045 2528 1129 2567 casus
1144 2507 1221 2566 illos·
1250 2546 1257 2557 .

71 2612 145 2676 aegre
160 2590 216 2650 fers
241 2603 273 2653 et
285 2585 506 2649 Thebanorum
531 2589 629 2650 vicem
648 2588 748 2651 doles:
775 2587 1077 2673 cumzpossessiones
1103 2592 1215 2653 habeas

68 2680 99 2738 in
112 2676 228 2757 Boeotia
252 2688 283 2736 et
303 2675 430 2735 'illorum
452 2696 540 2758 agros
560 2676 656 2737 colas:
684 2698 741 2761 ego
760 2690 861 2738 autem
879 2676 1014 2760 gaudeo,
1042 2677 1215 2757 quistatim

73 2762 236 2845 exposcebat
249 2761 284 2821 ab
305 2782 352 2836 eo,
372 2761 425 2842 qui
443 2761 493 2821 illa
508 2761 707 2839 feceratbed
725 2764 820 2823 incidi
838 2763 870 2822 in
889 2784 937 2822 eas
956 2784 1016 2836 res,
1035 2784 1108 2843 quas
1122 2762 1215 2843 paulo

70 2862 133 2931 post
148 2847 202 2907 dici
224 2847 320 2930 magis
343 2847 472 2907 fortasse
498 2848 675 2915 conveniet'
702 2848 808 2908 Redeo
832 2848 929 2931 igitur
947 2868 1000 2922 eo,
1024 2861 1061 2908 ut
1077 2848 1216 2929 probem,

65 2929 183 2994 istorum*
198 2933 381 3015 corruptelas
400 2947 431 2993 et
448 2933 573 2994 iniurias
591 2934 708 2995 horum
725 2934 920 3017 negotiorum
939 2955 1040 2994 causas
1059 2933 1217 2994 exstitisse.

70 3021 213 3100 Postquam
231 3033 297 3080 tum
315 3040 369 3080 vos
389 3020 510 3101 decepti
527 3014 619 3080 eratis*
634 3043 650 3080 a
665 3020 806 3101 Philippo
824 3040 880 3102 per
896 3016 982 3094 istos,
1001 3019 1054 3099 q'ui
1072 3039 1104 3079 se
1123 3019 1155 3078 in
1172 3018 1216 3077 le-

59 3104 223 3190 ·gationibus
251 3104 296 3165 illi
322 3107 461 3177 mercede
488 3106 675 3180 locaverant,
704 3106 843 3186 nihilque
860 3105 924 3165 veri
948 3105 1035 3165 vobis
1059 3103 1216 3165 renuntia·

71 3204 140 3265 rant,
160 3204 222 3251 tum
241 3191 416 3252 aerumnosi
434 3190 607 3251 Phocenses
627 3204 658 3251 et
675 3192 795 3272 decepti
821 3202 956 3251 erant-et
973 3189 1085 3272 oppida
1111 3208 1216 3250 eorum
1317 3234 1324 3242 .

70 3296 169 3349 evertat
188 3277 260 3357 quid
275 3279 388 3338 sactum
405 3276 469 3336 est?
486 3276 634 3351 Thessali,
647 3277 786 3352 homines
801 3276 920 3350 nefarii,
933 3289 963 3336 ct
977 3277 1122 3337 vecordes
1136 3274 1218 3346 The·
1261 3336 1265 3341 ,

64 3354 130 3424 'bani
145 3362 270 3423 amicum
288 3363 367 3425 bene
385 3362 537 3436 meritum,
556 3362 933 3444 servatoremPhilippum
951 3361 1110 3422 ducebant.
1127 3363 1154 3420 ls
1175 3359 1217 3420 eis

21 3466 24 3471 '
73 3449 252 3523 eratomnia,
279 3470 380 3530 neque
398 3469 505 3510 vocem
530 3448 669 3508 ferebant
696 3448 778 3521 cius,
805 3447 858 3528 qui
876 3447 991 3528 aliquid
1018 3446 1100 3507 aliud
1125 3445 1219 3506 vellet

71 3534 162 3595 dicere.
191 3538 256 3594 Vos
276 3549 387 3609 autem,
407 3533 540 3617 quamvis
561 3554 605 3608 ea,
624 3554 701 3613 quae
719 3533 844 3608 fiebant,
859 3547 1000 3615 ‚suspecta
1018 3532 1168 3593 haberetis
1189 3541 1220 3590 et

35 3698 40 3702 Ι
67 3641 144 3703 aegre
159 3621 292 3695 ferretis:
310 3634 411 3681 tamen
429 3629 533 3701 pacem
551 3618 722 3701 servabatis.
755 3619 863 3700 Neque
883 3620 964 3680 enim
983 3633 1056 3694 erat,
1074 3619 1157 3699 quod
1176 3616 1218 3676 fa-

67 3707 159 3767 ceretis
176 3707 244 3772 soli.
279 3707 364 3782 Quin
383 3706 481 3766 etalii
500 3705 620 3780 Graeci,
639 3706 895 3785 quemadmodum
913 3726 977 3779 vos,
997 3705 1117 3786 decepti
1136 3716 1166 3764 et
1182 3702 1220 3761 iis
1257 3767 1262 3775 ¹
1304 3722 1314 3735 ¹*

65 3791 196 3866 frustrati,
216 3813 295 3873 quae
312 3805 482 3874 sperarant,
500 3785 605 3872 pacem
623 3792 732 3872 cupide
750 3791 923 3852 servabant:
943 3789 999 3851 etsi
1018 3803 1050 3850 et
1065 3790 1124 3871 ipsi
1143 3808 1220 3868 quo-

66 3878 214 3940 dammodo
234 3879 293 3938 iam
307 3880 359 3938 diu
377 3877 458 3938 bello
477 3889 661 3958 peterentur.
681 3873 759 3939 Cum
773 3876 853 3937 enim
868 3870 1047 3937 circumieris
1062 3875 1222 3957 Philippus

24 4000 30 4013 .
63 3964 184 4049 lllyrios,
201 3964 354 4024 Triballos
373 3976 404 4024 et
423 3964 611 4024 Graecorum
630 3962 719 4023 etiam
738 3962 886 4043 quosdam
904 3962 1075 4045 subigeret,
1095 3966 1126 4022 ct'
1142 3960 1224 4022 mul·¹
1260 4013 1266 4023 .

62 4061 102 4131 tas
115 4048 304 4135 ¹magnasque
322 4049 422 4131 copias
440 4048 500 4118 sibi
517 4048 691 4123 subiiceret,
711 4062 741 4109 et
755 4049 878 4129 quidam
893 4069 928 4109 ex
936 4047 1079 4122 urbibus,
1096 4061 1223 4129 propter

60 4137 135 4219 pacis
153 4136 306 4198 licentiam
320 4132 397 4196 illuc'
408 4147 525 4209 euntes,
543 4142 822 4215 corrumperentur,
841 4149 972 4216 quorum
985 4133 1042 4193 iste
1057 4155 1136 4195 unus
1148 4134 1222 4194 fuit:
1242 4182 1250 4197 .

60 4236 129 4285 tunc
147 4223 290 4303 omnibus
309 4222 374 4295 his,
393 4234 497 4282 contra
516 4242 593 4301 quos
612 4221 663 4280 illa
680 4221 878 4302 parabantur,
896 4217 1011 4279 bellum
1029 4219 1223 4280 inserebatur.

42 4304 155 4392 'quisi
173 4310 207 4373 id
223 4330 288 4371 non
307 4307 601 4381 animadvertebant,
637 4305 693 4366 alia
711 4306 770 4367 iam
789 4305 882 4366 luerit
900 4326 935 4365 ea
954 4304 1135 4395 disputatio,
1169 4325 1223 4364 nc·
1304 4356 1306 4360 .

59 4417 117 4478 que
136 4397 174 4459 ad
192 4412 249 4457 roe*
259 4394 374 4458 attinet
399 4393 467 4477 Ego
486 4391 567 4454 enim
585 4392 794 4473 praedicebam
813 4389 845 4452 et
862 4389 1046 4455 testificabar
1061 4404 1128 4454 tum
1145 4389 1225 4475 apud
