2722 4754
75 153 212 254 ao
335 281 344 288 ·
437 142 1033 283 nnnosianntsoaapto'

68 333 71 338 ’
116 351 119 354 ’
148 362 222 405 nere
241 339 381 422 cuiquam
407 321 539 412 cedetis,
563 360 629 418 quo
650 339 836 422 reipublicae
856 342 936 405 vires
954 340 1139 405 domesticae
1161 339 1333 404 sint‘et-c'

102 432 112 440 ’
139 430 267 490 ‘civibus
286 428 466 486 instructae:
495 438 531 484 ut
548 433 605 484 n'ec
624 427 697 506 opes
715 427 802 491 vobis
823 429 938 504 desint,
968 441 998 488 et
1015 449 1068 490 vos
1088 429 1190 489 officio
1210 428 1339 512 lunga--

148 514 250 586 mini,
269 526 299 572 et
317 513 482 594 imperator
497 511 644 571 exercitui
661 513 789 593 praesit,
808 527 839 573 et
856 513 1176 587 non,'Atbenienses,
1203 515 1328 589 eadent,

149 608 226 682 qtrae
249 598 414 671 hactenus,
438 619 497 656 usu
520 595 660 669 veniant,
685 610 721 662 ut
745 598 836 663 duces
862 596 897 658 in⁴
917 598 1036 659 iudiciis
1055 599 1185 673 vexetis,
1203 615 1245 673 ¹et
1271 598 1322 661 hic
1357 674 1360 681 Ι

42 724 48 739 ,
146 685 270 746 tandem
288 682 328 743 sit
345 682 462 764 negotii
480 682 575 742 totius
595 681 706 741 exitus:
731 684 807 756 lste,
826 683 914 743 istius
932 684 1028 758 filius,
1047 684 1138 745 istum
1157 685 1334 758 accusavit,

10 760 17 768 ’
60 764 71 777 “
146 772 363 852 praetereaque
381 767 466 828 nibil.
498 767 559 826 Sed
579 766 652 847 quid
670 765 757 827 vobis
775 768 877 827 studio
895 767 1007 848 babere
1026 761 1171 836 dehetis?
1181 774 1225 831 Ut
1243 771 1321 832 socii
1336 762 1356 829 .’

146 874 211 916 non
228 854 448 937 praesidiorum
468 865 568 925 metu,
604 852 657 910 sed
683 852 959 930 communicatione
981 855 1147 916 utilitatum
1166 856 1249 916 inter
1265 865 1320 939 ‘uos

95 953 102 958 “
148 953 179 1022 et
196 941 278 1021 ipsos
290 934 454 1003 'vobiscum
472 938 534 997 sint
552 935 716 1020 coniuncti.
750 936 886 1012 Deinde,
904 960 943 999 ne
962 941 1054 1000 duces
1073 940 1319 1023 peregrinisrni-
1347 952 1350 957 '

146 1021 254 1105 latibus
275 1025 376 1084 socios
399 1035 510 1083 vexent
534 1043 568 1080 ac
587 1022 824 1102 depraedentur,
850 1024 1019 1086 hostesne
1044 1027 1167 1095 videant
1193 1027 1318 1106 quidem

64 1109 95 1186 ’ρ
144 1112 286 1198 (quarum
303 1104 406 1169 rerum
424 1109 627 1168 emolumenta
645 1106 773 1167 istorum
789 1110 911 1190 propria
926 1125 1007 1184 sunt,
1025 1112 1094 1171 odia
1112 1125 1143 1173 et
1158 1112 1332 1177 maledicta.

146 1190 294 1259 intutam
313 1191 464 1254 civitatem
481 1188 678 1279 redundant),
697 1195 750 1253 sed
767 1206 803 1254 ut
820 1195 899 1255 cives
918 1195 1057 1276 habeant,
1075 1217 1206 1276 quorum
1226 1209 1339 1279 operas

145 1284 250 1343 bostes
269 1302 306 1341 eo
325 1277 436 1353 mbdo,
465 1299 528 1359 quo
546 1298 629 1336 nunc
647 1279 746 1338 socios
766 1292 797 1339 et
813 1281 944 1355 amieos,
970 1281 1115 1364 affligant.
1157 1283 1319 1344 Praeterea

145 1369 259 1429 multae
283 1387 332 1426 res
356 1379 486 1425 vestram
509 1360 710 1444 praesentiam
729 1364 917 1427 desiderant:
945 1380 975 1427 et
998 1381 1208 1449 praeterquam
1234 1367 1317 1448 quod

146 1451 410 1523 domesticabella
428 1447 601 1511 domesticis
621 1447 716 1528 copiis
735 1451 801 1532 geri
820 1452 980 1526 conducit,
1008 1454 1088 1513 idem
1107 1454 1144 1512 ad
1162 1453 1220 1513 alia
1232 1474 1316 1533 quo.-

146 1560 206 1620 que
224 1537 348 1620 negotia
367 1549 413 1596 est
429 1534 640 1602 necessarium.
669 1534 759 1594 xNam
778 1535 804 1595 si
823 1538 961 1598 contenti
980 1538 1086 1598 essetis
1105 1539 1181 1614 otio,
1207 1537 1318 1613 securi,

61 1641 121 1702 108
147 1625 303 1706 quomodo
319 1644 391 1703 cum
411 1620 535 1680 Graecis
553 1632 709 1703 ageretur:
727 1621 783 1680 alia
803 1636 882 1682 esset
901 1645 941 1687 ea
952 1624 1038 1683 ratio.
1056 1624 1146 1683 Nune
1163 1623 1317 1706 principa-

144 1724 211 1773 tum
230 1707 416 1787 eaeterisque
434 1706 556 1787 dicendi
574 1705 648 1765 iuris
665 1718 848 1786 potestatem
865 1709 952 1768 vobis
971 1710 1317 1791 arrogatis:exercitum

111 1814 125 1824 ’·
145 1809 257 1868 antem,
274 1793 328 1874 qui
345 1793 420 1852 haec
437 1804 467 1852 et
479 1793 635 1852 intueatur
651 1804 682 1851 et
694 1787 826 1868 tueatur,
844 1814 945 1874 neque
963 1808 1098 1874 paratum
1114 1795 1242 1868 habetis,
1259 1815 1317 1854 ne-

146 1903 205 1962 que
224 1899 327 1961 parare
346 1877 487 1938 studetis:
505 1878 559 1937 sed
576 1872 663 1952 vobis
683 1876 781 1937 otiose
798 1878 1006 1940 desidentibus
1024 1894 1057 1957 et⁴
1070 1879 1328 1953 dormitantibus·

75 2038 78 2043 Δ
144 1964 321 2050 Mitylenaei
339 1963 510 2023 libertatem
528 1961 703 2036 amiserunt,
726 1983 826 2042 neque
844 1965 944 2041 minus
963 1965 1086 2039 Rhodii,
1103 1980 1243 2026 nostrum
1261 1984 1317 2024 ne-

20 2083 24 2100 *
80 2085 82 2091 >
142 2050 226 2112 mine
244 2048 435 2131 probibente.
469 2047 512 2109 At
529 2047 578 2121 bi,
597 2047 676 2107 dicat
693 2047 819 2126 aliquis,
838 2048 964 2111 fuerunt
980 2044 1097 2111 inimici
1114 2051 1220 2111 nostri.
1255 2049 1329 2110 Sed·

129 2136 215 2219 ,odia
233 2136 345 2195 maiora
364 2154 429 2193 esse
448 2133 576 2208 debent,
593 2129 816 2206 Athenienses,
834 2134 865 2192 in
885 2134 1080 2218 oligarcbias,
1097 2157 1153 2219 pro
1172 2134 1316 2217 instituto

127 2235 250 2302 ¹nostro
270 2219 477 2280 defendendae
496 2215 662 2290 libertatis,
686 2240 776 2298 quarn
795 2232 900 2281 contra
918 2221 1032 2282 liberos
1050 2221 1196 2302 populos,
1222 2240 1315 2313 quae-

136 2304 265 2386 ‘cunque
280 2303 506 2364 inimicitiarum
522 2322 627 2363 causae
643 2303 877 2364 intercesserint.
904 2305 965 2365 Sed
980 2317 1015 2366 ut
1029 2326 1065 2366 eo
1080 2308 1215 2379 redeam,
1223 2306 1316 2377 „unde

118 2464 122 2474 ι
144 2392 297 2474 digressus
314 2411 391 2463 sum,
410 2387 537 2463 alfirmo,
556 2388 667 2448 debere
684 2384 739 2447 v'os
758 2389 790 2448 in
809 2389 947 2450 ordinem
966 2391 1107 2466 describi,
1124 2387 1216 2472 atque
1232 2390 1316 2451 ordi·
1338 2418 1342 2423 ·

143 2498 215 2538 nem
241 2476 371 2536 eundem
399 2493 464 2534 esse
492 2487 558 2533 tum
583 2468 753 2554 accipiendi,
778 2487 844 2534 tum
862 2475 1002 2552 ¹faciendi
1027 2496 1082 2549 ea,
1118 2497 1194 2555 quae
1219 2476 1317 2539 decet

143 2557 235 2622 Hisce
255 2561 292 2625 de
310 2558 401 2636 rebus
419 2559 503 2657 prius
523 2559 613 2618 etiam
631 2560 710 2640 apud
726 2580 782 2633 yos
800 2559 946 2634 disserui,
967 2574 998 2622 et
1016 2560 1171 2642 explicari,
1189 2561 1317 2641 quinam

143 2647 220 2708 ordo
239 2646 407 2721 intervos,
426 2643 480 2723 qui
497 2664 618 2727 gravem
637 2656 823 2720 armaturam¹
835 2645 957 2727 geritis,
976 2659 1007 2707 et
1022 2646 1074 2726 qui
1093 2646 1209 2726 equites
1223 2645 1317 2718 estis,

65 2772 71 2780 -
144 2740 175 2793 et
194 2731 247 2810 qui
265 2729 374 2789 horum
399 2749 526 2788 numero
552 2750 616 2789 non
641 2729 856 2803 continemini,
883 2743 964 2792 esset
985 2731 1212 2791 ineundum-et
1229 2730 1316 2790 unde
1355 2758 1358 2763 ·

143 2815 345 2878 communiter
363 2835 469 2873 omues
487 2814 655 2893 liberaliter
672 2815 834 2887 sustentari
851 2808 990 2895 possent:
1008 2817 1102 2892 Quod
1119 2836 1192 2877 vero
1210 2835 1316 2876 menan

71 2942 80 2951 -
142 2903 277 2962 animum
301 2899 428 2959 maxime
453 2900 589 2959 omnium
606 2899 879 2973 turbavit„dicam
896 2900 1000 2976 vobis,
1025 2921 1082 2962 nec
1106 2889 1316 2962 dissimulabo.

141 2986 218 3048 Nam
238 3007 331 3066 quum
348 2985 443 3044 multa
466 2997 497 3044 et
520 2984 670 3065 praeclara
696 2997 727 3045 et
750 2983 858 3068 magna
883 2999 985 3046 essent
1002 3006 1037 3047 ea
1055 2987 1173 3060 omnia,
1197 2985 1316 3047 nullius

100 3070 103 3086 ‘
143 3093 160 3133 e
176 3070 477 3150 eaeterisquis'quam
495 3069 649 3130 meminit:
668 3070 799 3130 duorum
818 3070 981 3132 obolorum
1001 3081 1115 3134 omnes.
1132 3070 1316 3151 Atquifieri

140 3176 205 3216 non
229 3168 347 3237 potest,
374 3167 410 3215 ut
431 3154 482 3216 isti
507 3154 635 3214 maiores
653 3154 743 3235 pretii
767 3155 843 3231 sint,
871 3178 961 3237 quam
980 3158 1109 3218 duorum
1133 3157 1326 3226 oboloruma
1340 3200 1354 3207 -

58 3254 62 3266 '
84 3243 99 3263 ⁸
111 3263 123 3271 ’
141 3243 369 3315 caetera'vero,
388 3261 464 3318 quae
484 3240 632 3314 cumbis,
652 3261 728 3320 quae
748 3241 825 3316 dixi,
844 3242 1007 3303 coniuncta
1025 3256 1113 3318 sunt,
1137 3241 1219 3325 regis
1237 3242 1312 3300 Per·

49 3343 50 3346 ’
140 3348 241 3386 sarum
266 3346 339 3407 opes
364 3328 509 3405 aequant,
535 3339 571 3386 ut
593 3325 683 3400 urbs,
711 3347 787 3405 quae
811 3339 859 3387 tot
881 3328 978 3408 probe
1003 3329 1168 3389 instructos
1191 3327 1311 3407 pedites

140 3410 248 3485 babet,
266 3423 315 3472 tot
331 3411 468 3471 triremes
476 3406 495 3484 ,⁸
509 3422 558 3470 tot
576 3411 711 3490 equites,
736 3424 838 3472 tantos
856 3413 1004 3493 pecuniae
1021 3415 1154 3486 reditus,
1172 3411 1311 3476 ordinata

120 3494 125 3501 ‘
140 3509 172 3558 et
190 3498 336 3557 instructa
354 3496 400 3556 sit
445 3495 528 3570 Quid
546 3497 658 3579 igitur,
690 3496 809 3576 inquiet
827 3498 953 3579 aliquis,
978 3500 1059 3559 xhaee
1077 3518 1158 3559 nunc
1176 3516 1309 3558 commea

49 3598 56 3604 ·
138 3583 260 3643 moras?
289 3581 369 3655 Quia
395 3590 524 3656 censeo,
548 3585 602 3642 v'os
629 3594 771 3662 oportere
795 3580 1122 3665 (quoniammonnulli
1148 3579 1332 3643 ferendum

139 3688 203 3727 non
222 3672 346 3748 putant,
363 3680 398 3729 ut
416 3687 521 3727 omnes
540 3667 690 3748 stipendia
707 3681 860 3728 mereant:
879 3666 1102 3751 ordinationem
1120 3689 1194 3730 vero
1214 3680 1246 3727 et
1263 3667 1310 3726 inss

128 3753 339 3813 structionem
358 3773 423 3815 esse
440 3752 564 3828 utilem,
589 3752 786 3812 consentiunt
803 3758 924 3838 omnes)
941 3755 1013 3816 bine
1030 3754 1190 3838 negotium
1209 3751 1311 3837 auspi·
1329 3810 1333 3819 s

137 3837 218 3910 emi,
243 3850 275 3898 et
296 3836 463 3919 unicuique
482 3838 552 3898 clare
570 3849 753 3918 potestatem
771 3839 916 3901 dicendae
934 3840 981 3900 his
1007 3842 1044 3901 de
1068 3841 1160 3900 rebus
1185 3850 1310 3919 senten-

9 3990 13 3997 ,
85 3986 89 3992 ,
138 3922 207 3983 tiae.
252 3922 301 3982 Sic
320 3924 400 3982 enim
420 3943 452 3982 se
469 3943 518 3982 res
536 3922 644 3982 habet:
671 3923 704 3982 si
722 3924 810 3985 vobis
828 3948 910 3986 nunc
927 3926 1103 4006 persuaderi
1121 3925 1250 3998 sinetis,
1276 3936 1313 3985 ut

70 4020 101 4063 .“
137 4006 216 4085 haec
232 4021 402 4090 opportuna
421 4027 487 4068 esse
505 4006 709 4082 arbitremini,
729 4032 822 4090 quum
841 4030 875 4070 ea
893 4012 1061 4072 necessaria
1075 4011 1165 4071 vobis
1183 4008 1312 4083 luerint,

137 4093 170 4154 in
188 4107 332 4175 promptu
349 4093 517 4153 babebitis:
532 4119 535 4123 ·
551 4091 598 4153 sin
615 4106 652 4154 ut
668 4094 879 4176 intempestiva
897 4097 1076 4178 negligetis,
1105 4117 1200 4176 quum
1218 4107 1311 4155 uten-

119 4179 211 4240 'dum
229 4179 289 4239 illis
305 4188 398 4253 esset,
415 4191 480 4238 tum
500 4178 621 4239 demum
640 4200 674 4239 ea
690 4200 864 4260 comparare
883 4174 1041 4262 cogemini.
1066 4184 1128 4240 lam
1146 4200 1220 4241 vero
1240 4181 1312 4261 qui·
1347 4255 1350 4261 ἴ

136 4264 222 4339 dam,
239 4285 303 4325 uon
320 4263 458 4344 plebeius
476 4263 580 4336 homo,
598 4264 652 4324 sed
669 4263 754 4348 talis,
770 4265 824 4344 qni
843 4264 1098 4346 disrumperetur,
1117 4266 1142 4326 si
1160 4266 1236 4326 baec
1252 4266 1313 4324 fie-

136 4363 222 4424 rent,
240 4349 287 4410 his
304 4348 369 4408 lere
387 4348 506 4409 verbis:
527 4347 611 4422 Quid
629 4347 751 4410 tandem
768 4349 900 4426 fructus,
918 4349 1036 4432 inquit,
1053 4373 1071 4412 e
1088 4350 1314 4413 Demosthenis
