2722 4754
93 179 204 293 fs⁵⁷⁸
242 173 245 175 “
349 146 1026 301 “,-ἰιιιιόιίιιιιιιι,οιιιιιο
1180 226 1185 233 -

69 350 76 359 ⁵
140 351 283 422 versario,
288 332 429 443 propter
445 339 697 408 existimationem
717 369 745 407 er
736 347 854 407 fidem
873 369 937 408 non
957 367 1024 411 esse
1042 347 1221 408 habendam.
1241 349 1329 408 Nam‘

56 500 58 505 s
80 494 90 513 ⁴
122 453 167 497 ,ιι
157 436 267 494 hunc
284 454 401 492 morem
418 434 613 534 receperitis,
636 447 671 494 ut
689 433 908 514 eloquentibus
924 445 955 493 et
972 433 1165 494 auctoritate
1171 435 1318 514 praeditis

139 522 208 604 plus
227 517 366 591 credatis,
384 540 473 598 quam
491 517 785 579 imbecillioribus:
776 541 801 578 ιι
817 530 883 578 mos
897 519 928 577 in
942 531 1071 581 vestram
1090 520 1228 620 ipsorum
1248 541 1319 599 per-

46 670 47 675 ,
139 605 251 685 niciem
268 604 364 662 cedet.
400 602 492 663 Oro
482 605 579 687 rgitur
595 625 659 680 vos,
673 617 724 677 ut,
742 627 768 664 ιι
759 604 869 684 quod
886 625 1020 684 unquam
1037 605 1200 706 negotium
1216 604 1319 685 ipsum

30 746 40 769 s
80 696 83 701 ’
139 711 195 774 per
212 709 245 748 se
263 687 459 762 diiudicastis,
476 688 583 749 animis
597 689 629 748 in
641 703 779 750 neutram
797 700 913 770 partem
932 689 1088 771 propensi,
1105 711 1163 754 nec
1179 711 1320 762 reorum,

102 785 107 800 '
138 796 197 837 nec
209 787 428 874 accusatorum,
441 774 516 835 sed
506 786 635 874 ipsam
615 772 760 834 iristitiam
772 775 937 848 intuentes,
949 788 984 835 ut
994 794 1077 835 nunc
1089 776 1182 836 etiam
1190 776 1234 836 ita
1245 793 1319 855 pro-

139 859 296 921 nuntietis.
313 861 390 919 Rem
408 872 509 919 autem
525 859 583 920 ab
574 860 671 921 mitio
682 860 768 920 vobis
777 859 919 919 narrabo.
936 861 1042 944 Lycen
1054 860 1250 961 Heracleota,
1268 863 1318 919 lu-

28 1020 34 1032 Ι
67 972 68 975 ’
111 968 114 979 “
141 945 260 1018 dices,
251 967 288 1026 ps,
306 945 343 1004 de
361 927 422 1024 qu¹o
441 945 531 1004 etiam
550 945 607 1005 iste
625 946 778 1024 loquitur,
796 965 899 1005 mensa
917 945 1030 1037 patris
1027 968 1088 1005 mer
1080 945 1265 1018 utebatur,
1282 957 1318 1004 ut

141 1043 177 1096 et
190 1031 241 1090 alii
258 1043 452 1103 mercatores,
468 1029 579 1111 hospes
593 1028 753 1093 Aristonoi
765 1030 942 1092 Decelensis
962 1032 993 1092 et
1003 1031 1214 1091 Archebiadae
1227 1031 1318 1088 Lam

48 1165 73 1178 .,
138 1116 268 1198 pren‘sis,
285 1115 379 1174 homo
397 1115 538 1197 prudens·
572 1117 599 1175 ls
618 1116 812 1198 navigaturus
831 1114 863 1173 in
881 1115 1025 1200 Libyam,
1041 1102 1228 1216 rationibus
1247 1136 1316 1175 cum
1348 1175 1352 1188 ,

92 1215 225 1300 patre
242 1220 312 1260 meo
330 1200 489 1261 subductis
506 1222 608 1261 eoram
624 1201 814 1261 Archcbiade
832 1213 863 1260 et
880 1187 1016 1276 Phrasio,
1033 1198 1208 1289 pecuniam,
1225 1209 1316 1282 quam

32 1309 40 1323 ·
92 1274 342 1366 ‘relinquebat
360 1298 389 1346 er
380 1270 524 1346 'mandat
537 1284 614 1370 (furt
624 1299 727 1346 autem
746 1307 779 1346 ea
798 1275 930 1359 sedecim
947 1285 1048 1346 minae
1066 1300 1098 1346 et
1114 1284 1318 1367 quadraginta

47 1369 49 1378 ‘
118 1372 321 1468 drachmae,
336 1385 372 1432 ut
390 1380 449 1473 e'go
465 1372 553 1432 vobis
572 1394 661 1456 quam
679 1371 902 1435 accuratissime
922 1364 1099 1457 ostendam)
1112 1367 1316 1453 Cephisiadae

118 1442 345 1530 reddendam,
372 1457 426 1537 qui
443 1457 544 1516 socius
562 1479 635 1517 suus
655 1470 735 1517 esset
752 1479 785 1517 ac
802 1447 890 1548 scyri
907 1457 1074 1530 habitaret,
1101 1457 1182 1516 sed
1173 1478 1207 1519 ιιι
1225 1457 1316 1537 pra'e-

58 1542 64 1550 ’
140 1543 238 1603 sentia
255 1554 382 1631 propter
399 1541 487 1600 aliem
508 1542 748 1640 negotiationem
773 1537 900 1619 abesset
941 1543 1067 1602 Mandat
1083 1542 1175 1601 etiam
1196 1539 1316 1600 Arche-
1327 1597 1329 1601 .

65 1630 89 1703 ᾗ
140 1626 258 1688 biadae
263 1639 293 1686 et
307 1625 445 1698 Phrasio,
461 1637 499 1686 ut
516 1645 585 1685 eum
603 1627 680 1707 patri
698 1646 767 1687 meo
783 1639 988 1703 monstrarent
1004 1639 1034 1688 et
1039 1625 1314 1728 commendarent,

26 1763 30 1776 .
141 1735 210 1773 cum
227 1730 355 1794 peregre
371 1709 520 1770 rediisset.
538 1711 647 1774 Solent
664 1712 764 1771 a'utem
783 1733 888 1773 omnes
906 1712 1066 1785 mensarii,
1082 1712 1111 1772 si
1130 1711 1199 1792 quis
1217 1709 1312 1770 homo

31 1796 55 1835 ·'
139 1798 279 1882 privatus
292 1796 452 1878 pecuniam
471 1797 615 1898 deponit,
644 1819 734 1877 quam
752 1797 843 1858 alicui
859 1798 947 1857 r'eddi
964 1796 1069 1871 iubet,
1096 1796 1232 1857 scribere
1250 1796 1313 1877 pri-

96 1920 98 1925 ,
139 1897 224 1943 mum
247 1898 361 1942 nomen
385 1877 569 1964 depositoris
579 1895 623 1943 et
638 1883 787 1967 pecuniae
805 1904 969 1954 sumniam,
994 1882 1105 1942 deiri'de
1128 1882 1313 1953 adscribere,

56 1972 118 2033 285
137 1988 191 2030 cur
183 1969 363 2029 reddenda
382 1968 429 2027 sit
464 1966 585 2042 Quodsi
600 1957 709 2028 faciem
726 1981 843 2029 norunt
860 1967 1010 2041 hominis,
1036 1967 1085 2028 cui
1103 1984 1139 2027 ea
1155 1967 1313 2026 reddenda

65 2090 76 2124 7
140 2068 203 2128 est,
221 2054 252 2113 id
270 2066 388 2114 tantum
405 2052 541 2125 faciunt,
557 2065 593 2111 ut
610 2054 761 2127 scribant,
780 2054 829 2113 cui
846 2053 895 2112 sit
903 2052 1074 2112 reddenda.
1066 2052 1139 2120 ·sin
1157 2051 1313 2133 ignorant,

86 2138 89 2143 ’
139 2141 278 2220 insuper
290 2138 354 2197 ehrs
382 2137 472 2197 etiam
499 2156 613 2198 nomen
639 2138 802 2211 adiiciunt,
835 2138 889 2216 qui
915 2137 1182 2197 commendaturus
1209 2149 1255 2196 est
1281 2149 1313 2195 et

52 2237 59 2296 ζ
131 2237 318 2317 *ostensurus
336 2222 502 2296 hominem,
521 2223 571 2283 cui
587 2223 716 2304 pecunia
734 2237 780 2283 est
797 2223 990 2305 numeranda.-
1016 2218 1093 2281 Cum
1111 2242 1194 2281 vero
1204 2223 1228 2280 L
1216 2243 1312 2305 sycon

141 2332 176 2370 ea
193 2310 316 2389 fortuna
333 2328 406 2366 usus
425 2318 522 2380 esset,
553 2317 590 2366 ut
613 2307 712 2367 statim
735 2321 807 2388 post
829 2307 995 2372 abitum
969 2328 1047 2367 circa
1064 2306 1164 2366 sinum
1182 2294 1312 2389 drgoli

141 2402 209 2454 cum
229 2406 260 2452 et
277 2411 391 2463 merces
412 2391 476 2451 eius
501 2413 518 2452 a
541 2391 674 2472 piraticis
680 2391 819 2452 navibus
836 2405 978 2472 exceptae
996 2393 1096 2474 Argos
1113 2391 1310 2463 veherentur,
1351 2426 1355 2440 ι

76 2505 82 2517 ι
132 2493 174 2540 et
190 2480 256 2580 ipse
261 2476 381 2560 sagitta
404 2476 483 2536 ictus
508 2477 673 2537 occideret:
702 2473 856 2560 Callippus
882 2476 982 2537 statim
1006 2477 1043 2536 ad
1063 2497 1196 2536 mensam
1213 2476 1327 2547 venit,·

81 2594 83 2601 ,
140 2565 292 2665 rogitans,
319 2564 474 2645 Lyconem
499 2562 708 2621 Heracleotam
735 2584 779 2621 an
799 2574 932 2621 nossent.
967 2562 1187 2642 Respondente
1210 2561 1310 2619 Phor·
1351 2570 1355 2574 ’

141 2650 256 2720 mione,
274 2667 306 2706 se
325 2667 426 2719 nosse,
443 2645 599 2729 Numquid
618 2647 705 2706 vobis
725 2640 815 2706 e'tiam
832 2670 905 2707 usus
926 2646 993 2706 est?
1011 2646 1092 2718 lta,
1083 2645 1195 2724 inquit,
1212 2646 1311 2705 Phor-

55 2784 66 2799 ,
123 2735 212 2794 'mio
231 2733 291 2791 Sed
309 2753 363 2791 cur
379 2732 571 2814 interrogasp
590 2728 675 2791 Cur?
692 2732 777 2813 Ego,
795 2732 913 2810 inquit,
928 2731 989 2791 tibi
1007 2731 1113 2791 dicam.
1149 2730 1204 2790 llle
1224 2729 1310 2799 obiit,

47 2815 49 2826 ¹
103 2864 120 2895 ι,
141 2834 199 2902 ego
218 2839 290 2876 vero
308 2818 489 2897 procurator
505 2839 572 2877 sum
589 2816 837 2876 Heracleotarum
856 2817 1000 2876 omnium.
1044 2816 1121 2875 Peto
1140 2829 1258 2889 autem,
1276 2827 1310 2873 ut

24 2909 59 2937 ⁸·
86 2902 91 2949 Ῐ
141 2903 217 2965 milri
235 2903 376 2963 ostendas
387 2901 529 2975 tabulas,
564 2913 600 2961 ut
621 2902 729 2973 sciam,
764 2903 914 2981 numquid
932 2921 1126 2960 nummorum
1144 2900 1309 2979 reliquerit.

140 2991 273 3050 Necesse
291 2987 372 3046 enim
390 2986 683 3047 mihi'est'omnium
701 2988 948 3047 Heracleotarum
967 2985 1208 3045 curam'hahere.
1238 2987 1307 3059 Quo
1337 2980 1341 2989 ’

81 3143 85 3146 ,
141 3074 258 3145 audito,
276 3072 406 3144 ludices,
422 3068 568 3132 Phormio
586 3072 687 3132 statim
706 3072 865 3155 evestigio
885 3071 1027 3131 ostendit
1050 3071 1182 3131 Ostensa
1198 3071 1309 3140 tabula,

142 3157 250 3220 s'olus
241 3177 307 3238 rpse
324 3173 388 3214 eam
404 3155 480 3239 legit
498 3170 528 3217 et
543 3165 634 3216 nemo
650 3157 743 3217 alius:
762 3178 891 3237 cumque
909 3156 1058 3216 vidisset'
1050 3179 1081 3216 ιιι
1102 3175 1136 3214 ea
1150 3155 1309 3236 scriptum:

142 3243 271 3327 ‹Lycon
287 3240 477 3310 Heracleote
502 3241 586 3301 mille
611 3256 766 3304 sexcentas
792 3241 988 3326 quadraginta
1014 3238 1215 3321 Cephisiadae
1241 3239 1309 3297 red-

143 3329 275 3388 dendas.
307 3319 513 3387 Archebiades
538 3325 728 3409 Lamprepsis
753 3326 896 3387 ostendet
914 3322 1165 3413 Cephisiademm
1201 3324 1307 3384 tacitus

61 3438 65 3442 ·
141 3412 218 3474 abiit
235 3425 266 3471 et
283 3411 410 3492 amplius
429 3412 564 3492 quinque
582 3411 737 3474 mensibus
756 3413 874 3472 nullum
891 3407 1017 3473 verbum
1035 3412 1116 3471 lecit.
1160 3407 1236 3470 Cum
1256 3432 1308 3469 au-

21 3544 23 3553 .
96 3548 99 3557 .
133 3511 205 3559 -tem
223 3494 419 3578 Cephisiades
444 3497 614 3556 advenisset
640 3508 730 3577 atque
755 3499 794 3556 ad
817 3518 951 3556 mensam
972 3499 1135 3556 accederet
1157 3508 1193 3555 et
1211 3490 1307 3575 pecu-

121 3583 222 3643 ‘niam
241 3581 426 3667 postularet,
451 3594 482 3641 et
498 3568 703 3641 Archebiades
722 3604 756 3642 ac
772 3576 915 3650 Phrasius
931 3582 1090 3652 adessent,
1110 3600 1187 3680 ιιιιοι
1205 3582 1308 3664 Lycon

56 3707 76 3719 -·
141 3668 221 3771 patri
239 3658 479 3740 commendarat,
499 3679 529 3726 et
544 3664 772 3748 Cephisiadem,
795 3683 866 3733 cum
883 3667 1033 3741 venisset,
1051 3666 1129 3748 patri
1149 3666 1308 3726 ostendere

141 3755 288 3825 iusserat,
314 3751 437 3852 quinam
464 3763 558 3812 esset:
583 3753 792 3833 praesentibus
818 3753 907 3813 etiam
933 3753 1017 3827 aliis,
1035 3760 1257 3818 annumeratas
1282 3749 1308 3809 ei

61 3850 63 3854 ’
98 3905 109 3912 ,
142 3839 275 3900 sedecim
293 3838 389 3896 minas
408 3849 439 3896 et
457 3838 653 3920 quadraginta
672 3838 827 3898 drachmas
843 3836 945 3919 reddit
960 3797 1114 3898 thrmio.
1138 3837 1308 3897 Haecvere

142 3944 159 3983 a
183 3946 231 3983 me
260 3922 320 3981 dici
345 3934 381 3982 ut
405 3933 562 4003 appareat,
598 3922 703 3982 harum
731 3942 833 3984 rerum
858 3923 994 4034 omnium
1020 3922 1199 3990 testimonia
1224 3920 1309 4024 vobis

53 4026 56 4032 “
141 4006 290 4095 legentur.

445 4160 447 4164 ⁴
509 4160 908 4205 .TESTIMON[A.

61 4325 78 4347 ,1
227 4262 278 4320 Me
294 4281 365 4323 rere
385 4258 486 4323 omnia
504 4260 615 4323 dixisse
632 4262 714 4342 apud
729 4282 798 4335 vos,
813 4262 960 4336 ludices,
984 4282 1002 4323 e
1019 4263 1205 4325 testimoniis
1224 4260 1308 4324 audi-

119 4388 121 4394 ι
142 4345 233 4406 vistis.
269 4343 458 4453 congressus
480 4360 584 4457 putem
606 4347 701 4429 longo
717 4359 863 4445 tempore„
874 4360 945 4428 post
962 4369 1030 4410 cum
1043 4363 1133 4430 patre
1150 4368 1221 4412 meo
1240 4345 1307 4409 Cal-
