2722 4754
162 186 233 295 sa
442 186 811 323 ἰιιιιιιιιιιιιιιιι
848 156 1062 265 onam-o

158 364 270 434 fendat
293 365 354 424 Sed
371 383 429 443 pro
446 359 492 420 lris
500 383 604 441 ,quac
623 362 660 420 de
678 342 734 423 suo
753 356 946 438 auferuntor,
967 374 1073 422 omnes
1091 382 1208 423 summa
1226 361 1258 432 qi
1276 383 1333 443 pn-

158 464 267 533 gnane:
286 451 323 508 de
340 446 455 508 finibus
472 459 572 506 autem
590 446 792 546 propagandis
813 448 982 528 opibusque
1002 448 1148 548 augendis
1166 468 1233 507 ιιοιι
1250 447 1333 508 item.

124 580 127 585 «
158 534 318 616 Appetunt
334 533 379 592 illi
397 531 520 611 quidem
538 532 700 606 aliena,
676 555 701 591 si
720 553 810 592 nemo
829 532 1003 612 prohibent:
1030 533 1078 592 sin
1097 532 1275 607 obsistitur,
1299 540 1355 595 se.

156 619 194 679 ab
218 620 299 705 his,
313 617 365 697 qui
388 617 535 677 adversati
559 631 649 692 sunt,
677 617 775 677 laesos
801 639 866 677 esse
890 639 954 678 non
977 631 1092 718 putant
1135 617 1333 687 Artemisiam

100 702 105 707 ’
111 724 265 785 porro,
296 702 352 762 ubi
368 690 470 763 noslra
488 702 588 762 urhs'
579 725 638 762 ram
656 703 816 784 negotium
834 705 1018 793 susceperit,
1049 726 1099 764 nc·
1095 704 1332 769 adversatorem

74 791 135 850 124
161 789 284 870 quidem
304 809 384 861 esse,
403 787 505 868 paucis
531 788 626 847 audit'
603 798 656 862 trs,
675 788 903 862 considerate,
903 803 1026 850 rectene
1046 809 1128 890 ego
1129 788 1172 848 sic
1183 800 1332 893 statuam,

50 886 54 893 “
156 896 194 934 an
219 894 316 934 secus
357 873 507 953 Equidem
533 873 690 951 existimo,
719 872 746 933 si
770 875 848 956 Regi
872 874 987 949 omnia,
1017 896 1093 956 quae
1118 872 1270 951 instituit,
1298 876 1345 937 itt·

154 959 298 1056 Aegypto
315 959 445 1027 feliciter
457 955 665 1060 succederent,
684 957 877 1018 Artemisiam
892 961 978 1019 valde
992 961 1127 1020 daturam
1144 958 1240 1020 luisse
1256 982 1328 1043 ope

91 1080 115 1115 -ιι
153 1068 228 1119 ram,
245 1059 282 1104 ut
293 1045 438 1106 Rhodum
458 1065 486 1103 er
477 1043 637 1105 traderet
654 1043 732 1126 (ιιοιι
750 1057 810 1104 tam
830 1066 865 1104 ex
883 1042 1142 1108 benevolentia
1115 1067 1186 1129 erga
1201 1046 1329 1129 Regem,

36 1118 118 1197 l
154 1139 244 1212 quam
262 1138 313 1205 ut,
335 1153 361 1190 sr
352 1129 430 1188 ille
448 1150 544 1210 prope
563 1129 657 1210 ipsam
676 1131 862 1203 versaretur,
880 1151 928 1189 ma
950 1138 991 1192 n'o
1010 1131 1160 1191 beneficio
1179 1131 1240 1191 sibi
1258 1152 1329 1193 eum

112 1272 116 1276 .
154 1216 304 1299 obligaret
334 1214 510 1316 summaque
536 1213 748 1276 benevolentia
767 1154 968 1299 ὀιιὶιιιίιιιῗι
1002 1215 1163 1297 postquam
1182 1237 1256 1277 vero
1285 1218 1328 1279 ita

154 1325 222 1363 cum
241 1322 286 1362 ,ιο
312 1302 426 1384 agitur,
451 1314 486 1361 ut
512 1300 639 1370 dicitur,
672 1301 796 1379 suisque
823 1301 981 1361 conatibus
1006 1303 1058 1361 ille
1083 1302 1245 1367 frustralus
1271 1316 1328 1378 est,

154 1387 340 1460 existimare,
366 1387 397 1445 id
423 1385 508 1466 quod
530 1407 578 1446 res
602 1398 664 1460 est,
689 1386 817 1446 insulam
842 1386 952 1447 hanc
943 1410 975 1446 ιιι
999 1388 1169 1467 praesentia
1186 1389 1266 1471 Regi
1289 1388 1327 1451 ad

153 1471 229 1532 nihil
248 1473 329 1532 aliud
350 1491 415 1531 esse
432 1470 556 1545 utilem,
574 1471 628 1531 sed
645 1471 731 1531 velut
748 1492 847 1531 arcem
867 1494 931 1533 esse
942 1470 1037 1555 regni
1055 1473 1117 1548 sui,
1137 1494 1196 1554 qua
1215 1473 1327 1547 obstet,

153 1578 192 1617 ne
212 1556 312 1638 quid
303 1579 366 1638 rpsa
385 1578 459 1618 novi
449 1556 625 1617 moliatur.
669 1558 788 1631 Quare
785 1557 872 1617 milri
895 1558 1018 1638 quidem
1037 1558 1201 1633 videtur,
1200 1559 1291 1620 malle
1310 1581 1327 1619 a

152 1643 238 1704 vobis
258 1665 323 1702 eam
340 1641 441 1703 teneri
465 1662 530 1702 ase
549 1642 645 1723 palam·
664 1663 728 1702 non
744 1642 902 1716 traditam,
922 1665 1012 1743 quam
1028 1645 1145 1726 Regem
1163 1663 1198 1703 ea
1214 1644 1326 1725 potiri·
1347 1686 1358 1701 ι

126 1729 214 1788 ,ἱιιιο
234 1749 272 1787 ne
292 1729 462 1788 adiuturam
481 1728 604 1807 quidem
622 1741 715 1808 puto,
741 1740 808 1802 aut,
833 1729 953 1788 tametsi
971 1728 1031 1788 hoc
1048 1729 1155 1789 lecerit
1164 1729 1328 1830 ,segniter

153 1820 184 1873 et
202 1813 302 1873 obiter
319 1814 471 1873 facturam
514 1813 591 1872 Nam
610 1813 647 1872 de
666 1813 766 1895 Rege,
791 1814 867 1872 scire
886 1835 951 1887 me,
977 1813 1078 1895 quid
1068 1837 1093 1874 rs
1118 1813 1252 1875 facturus
1275 1814 1327 1890 sit,

48 1960 57 1969 ,
152 1899 232 1959 haud
250 1899 392 1981 equidem
411 1897 600 1958 affirmarim.
625 1899 677 1958 sed
704 1919 719 1956 e
743 1898 899 1978 republica
922 1919 1004 1973 esse,
1027 1912 1063 1961 ut
1079 1900 1139 1960 iam
1157 1919 1325 1983 cognosce

117 2027 120 2033 .
151 1998 216 2059 tur,
234 1982 337 2044 u'trnm
356 1983 406 2042 llle
425 1983 742 2043 Rhodiorumurbem
761 1983 819 2042 sibi
837 1983 1043 2045 vindicaturus
1062 1985 1118 2059 sit,
1137 2008 1175 2045 an
1195 2006 1275 2059 non,
1293 1985 1326 2045 id

34 2062 38 2077 “
66 2123 69 2129 ,
152 2091 209 2152 ego
229 2070 408 2130 affirmarim.
436 2068 554 2128 Nam
529 2091 555 2127 s1
574 2089 638 2128 eam
657 2069 715 2128 sibi
733 2069 909 2128 vindicarit:
928 2090 991 2129 ιιοιι
1010 2071 1047 2130 de
1065 2029 1195 2132 Rliodiis
1213 2069 1325 2145 solnm,

56 2226 64 2235 ἢ
150 2156 204 2216 sed
224 2157 261 2216 de
285 2155 401 2237 vobis
392 2154 465 2236 rpsis
484 2167 582 2255 atque·
600 2156 685 2214 adeo
696 2154 733 2213 de
753 2147 876 2215 Graecis
902 2155 1043 2215 omnibus
1069 2157 1127 2215 erit
1151 2156 1332 2216 deliberanae

58 2268 75 2283 ι
151 2242 230 2302 dum.
261 2222 387 2316 Quodsi
405 2263 460 2321 per
477 2241 659 2320 semetipsos
674 2253 815 2300 tenorent
832 2239 984 2313 urbem,
976 2242 1028 2321 qui
1046 2263 1128 2301 ιιιιιιι
1146 2241 1184 2309 iu
1199 2263 1233 2301 ea
1252 2252 1326 2300 sunt

97 2380 113 2397 ,.
150 2326 280 2400 Rhodii,
309 2348 372 2385 non
391 2346 562 2399 censerem,
588 2346 693 2384 eorum
713 2324 921 2384 defensionem
936 2314 1178 2408 suscipiendam,
1201 2326 1325 2386 tametsi

150 2412 236 2473 vobis
255 2411 354 2471 omnia
370 2433 402 2480 se
419 2412 552 2470 facturos
570 2410 800 2497 pollicerentur:
820 2413 931 2492 quippe
948 2433 1025 2512 qups
1040 2412 1156 2471 rideam
1176 2412 1324 2492 primum,
1341 2454 1344 2459 -

102 2504 105 2522 ¹
148 2510 184 2557 ut
201 2498 378 2598 popularem
397 2509 508 2558 statum
527 2509 710 2569 everterent,
730 2486 876 2597 quosdam
895 2496 998 2559 sibi
973 2518 1051 2557 rivos
1068 2497 1259 2596 adiunxisse,
1278 2518 1336 2572 ac,·‚

148 2604 181 2642 re
201 2583 259 2642 iam
278 2582 431 2657 conlecta,
451 2582 626 2649 eosdem
599 2581 730 2641 erecisse.
767 2578 871 2640 Cum
862 2581 957 2663 igitur
974 2582 1091 2642 neutris
1109 2582 1200 2642 fidem
1218 2592 1322 2643 serva-

148 2667 225 2743 riut,
254 2689 310 2727 nec
327 2668 414 2727 tobis
435 2690 487 2728 eos
505 2661 609 2726 firmos
632 2667 698 2727 fore
716 2667 816 2727 socios
835 2680 979 2747 putarem.
1024 2669 1126 2747 Atque
1145 2667 1218 2727 haee
1235 2672 1320 2727 riun-

23 2816 25 2823 ,
149 2775 238 2835 quam
263 2752 420 2827 dixissem,
449 2752 475 2812 si
503 2772 537 2812 ea
561 2752 620 2811 soli
643 2752 835 2812 Rhodiorum
860 2753 975 2832 populo
1001 2753 1146 2847 prodesse
1172 2765 1320 2834 putarem.

33 2864 36 2871 ·
103 2832 107 2841 ’
146 2840 254 2919 Neque
272 2838 355 2912 enim
371 2839 420 2898 vel
437 2838 593 2919 publicum
617 2839 665 2898 vel
688 2837 837 2918 privatum
856 2859 924 2897 cum
942 2838 1007 2898 ullo
1027 2838 1132 2903 eorum
1150 2837 1321 2919 hospitium

147 2924 222 2993 milri
241 2937 293 2984 est.
317 2924 381 2983 -Ac
404 2924 523 2983 tam'etsi
546 2922 656 2983 horum
673 2936 838 3003 utrumque
858 2936 951 2983 esset:
978 2938 1160 2984 nontamen
1178 2923 1255 2984 haec
1273 2923 1319 2983 di-

147 3031 257 3084 cerem,
276 3009 335 3070 nisi
354 3031 369 3069 e
387 3030 420 3068 re
438 3021 537 3069 vestra
555 3028 620 3068 esse
639 3009 800 3081 crederem.
825 3009 902 3068 Nam
919 3008 1047 3069 Rhodiis
1056 3007 1106 3093 .(si
1124 3022 1226 3070 tamen
1245 3008 1320 3069 haec

25 3112 31 3125 '
74 3142 77 3147 .
146 3118 162 3155 a
181 3096 342 3156 defensore
366 3095 471 3167 salutis
491 3094 601 3154 'eorum
626 3094 686 3154 dici
707 3096 751 3154 las
775 3091 834 3176 est)
859 3095 915 3155 ista
933 3095 1076 3156 accidisse
1095 3095 1240 3178 gaudeo:⁴
1257 3094 1320 3175 qui,

146 3182 218 3241 dum
237 3181 283 3240 ius
301 3193 435 3241 vestrum
452 3181 545 3240 vobis·
558 3193 687 3263 negant,
705 3203 790 3240 suam
809 3179 978 3240 libertatem
997 3180 1222 3281 perdiderunt,
1234 3200 1319 3243 cum-

82 3340 93 3353 ,
146 3288 205 3347 que
223 3266 359 3326 licuisset
384 3266 444 3338 eis,
469 3266 644 3327 societatem
669 3287 767 3347 aequo
786 3267 851 3326 iure
871 3288 938 3325 cum
958 3266 1082 3326 Graecis
1102 3279 1133 3325 et
1149 3265 1319 3338 vobiscum,

145 3374 199 3431 qur
189 3351 276 3411 'illis
295 3351 493 3425 antecellitis,
509 3352 626 3424 colere,
649 3353 788 3412 Barbaris
808 3365 839 3411 et
856 3352 966 3424 servis,
985 3373 1079 3447 quos
1078 3352 1112 3411 in
1131 3352 1214 3411 arces
1230 3370 1317 3410 rece
1332 3370 1342 3387 ι

144 3458 231 3518 pere,
250 3436 394 3497 serviunt
421 3436 464 3496 dc
481 3459 587 3518 parum
605 3437 704 3510 abest,
725 3437 799 3518 quin
818 3437 929 3497 dicam·
947 3437 1002 3497 Sin
1019 3458 1073 3497 vos
1093 3458 1146 3496 eos
1165 3434 1318 3509 iurabitis,
1357 3470 1360 3475 ·

143 3522 202 3582 hoc
220 3522 280 3582 illis
299 3523 390 3583 etiam
408 3522 566 3604 profuisse
584 3522 660 3582 Nam
680 3523 819 3583 secundis
837 3522 928 3582 reb'us
947 3522 1026 3583 haud
1045 3522 1108 3582 scio
1127 3542 1165 3581 an
1181 3534 1319 3600 unquam

142 3609 180 3690 ad
198 3604 299 3668 sariam
318 3621 460 3682 mentem,
479 3629 555 3689 quae
570 3608 790 3668 Rhodiorum
780 3608 903 3690 ingenia
921 3621 1002 3681 sunt,
1019 3607 1177 3668 redissent.
1204 3606 1266 3666 Sed
1283 3624 1317 3664 re

69 3756 72 3761 ,
141 3693 205 3774 ipsa
225 3695 340 3774 experti
359 3707 449 3775 atque
469 3694 580 3767 edocti,
599 3695 763 3754 multorum
782 3693 930 3752 malorum
945 3690 1105 3753 amentiam
1122 3692 1227 3752 multis
1246 3712 1317 3750 caue

140 3800 203 3856 sam
223 3780 366 3854 existere,
393 3781 460 3840 fieri
477 3781 604 3841 fortasse
622 3792 740 3862 potest,
766 3792 802 3839 ut
819 3780 894 3838 fiant
911 3779 942 3839 in
960 3792 1116 3859 posterum
1134 3776 1327 3858 prudentio-.

58 3868 118 3937 ‚125
141 3888 189 3927 res
210 3879 240 3926 et
257 3866 467 3927 modestiores.
495 3867 594 3941 Quam
614 3886 671 3948 ego
689 3886 753 3924 rem
773 3865 815 3924 eis
834 3885 899 3924 ιιοιι
916 3886 1021 3944 parum
1039 3863 1231 3944 profuturam
1251 3881 1317 3921 esse

125 3952 288 4013 existimo.
324 3953 460 4012 Dandam
479 3965 580 4012 autem
599 3972 721 4032 operam
749 3970 874 4023 censeo,
900 3948 984 4008 ut‘lri
1002 3949 1059 4011 viri
1084 3960 1318 4018 conserventur,

132 4038 300 4099 obliterata
325 4037 470 4099 memoria
494 4036 679 4098 iniuriarum.
714 4036 841 4095 Debetis
869 4032 949 4093 enim
976 4033 1123 4117 cogitare,
1148 4055 1204 4093 ros
1224 4032 1317 4092 etiam
1355 4052 1358 4059 ·

139 4145 228 4204 saepe
247 4123 377 4184 multis
368 4146 400 4205 ιιι
417 4124 509 4183 rebus
523 4123 560 4183 ab
575 4120 803 4182 insidiatoribus
821 4140 885 4178 esse
901 4120 1061 4200 deceptos:
1079 4142 1207 4219 quarum
1220 4117 1317 4178 ullius

40 4240 42 4247 ¹
86 4216 98 4232 “
137 4210 259 4271 avobis
278 4231 391 4291 poenas
411 4207 508 4292 exigi,
533 4226 663 4287 aequum
683 4226 747 4264 esse
766 4203 935 4304 negabitis
959 4202 1043 4279 Quin
1062 4203 1138 4274 illud
1158 4203 1250 4263 etiam
1268 4203 1316 4262 vi·
1339 4220 1343 4228 ·

139 4297 225 4369 dete,
243 4295 465 4355 Athenienses.
492 4293 587 4352 lllulta
605 4312 659 4350 vos
678 4290 756 4349 bella
775 4288 910 4371 gessistis
931 4302 1035 4349 contra
1056 4301 1087 4347 et
1102 4288 1318 4351 Democratias
1341 4282 1346 4299 '

138 4394 169 4441 et
187 4379 391 4464 Oligarehias:
416 4379 510 4458 idque
530 4389 561 4439 et
574 4376 636 4457 ipsi
660 4374 764 4437 nostis
782 4375 837 4436 sed
855 4375 965 4456 quibus
985 4376 1022 4435 de
1042 4374 1138 4435 causis
1166 4354 1326 4473 adversus
