2746 4748
91 167 97 177 ’
139 120 238 237 ιιι-
298 140 302 147 ’
368 92 816 269 ιιιιοιιιιιιιιι
830 148 1047 225 enarro

141 333 217 376 uero
237 302 343 373 boe
314 332 344 372 ιι
355 310 461 372 uerbis
480 264 705 395 promittebam,
722 332 757 372 re
774 332 847 372 vero
864 311 932 391 ipsa
943 331 1027 389 ιιοιι
1033 273 1255 390 praestabam:
1269 310 1308 369 sal

75 404 80 417 ‘
116 420 122 427 ·
145 397 291 480 quoniam
307 409 499 478 praesentem
516 396 676 478 pecuniam
695 417 757 456 non
777 388 936 470 habebam,
960 407 1151 477 propterea
1170 393 1248 472 quod
1261 386 1319 477 nali¹

96 542 100 547 .
143 483 221 545 mibi
240 505 308 543 cum
325 482 512 543 Phormione
530 481 749 555 conveniebat,
784 503 839 563 per
865 480 969 562 quem
965 480 1113 551 relictis
1135 477 1213 538 mibi
1229 500 1243 538 a
1257 492 1309 560 patre

143 558 338 630 facultatibus
357 566 535 653 spoliabor,
559 567 666 626 delatis
689 567 727 626 ad
745 567 929 640 Theoclem,
967 566 1032 646 qui
1053 563 1129 624 tuin
1142 565 1311 664 'argentariam

81 719 84 727 .
127 652 316 728 domitabat,
349 652 468 734 poculis
487 665 518 712 et
535 674 625 712 aurea
644 672 775 726 corona,
809 673 886 732 quae
905 672 943 710 ex
959 649 1173 732 patrimonio
1192 649 1310 748 habebar,

37 730 42 736 ⁶
145 739 221 801 iussi
239 730 290 798 isti
309 738 380 798 dare
398 736 481 797 mille
500 737 663 797 drachmas
698 736 801 816 Atque
825 737 883 796 hoc
901 736 1001 818 gratis
1023 748 1204 818 argentum
1221 755 1246 794 ιι
1238 734 1311 808 deii,

148 838 179 886 et
197 823 316 883 dedisse
334 823 439 882 fateor.
470 821 586 883 Diebus
606 843 669 882 non
687 821 790 905 multis
808 835 885 902 post
897 842 948 881 me
978 820 1148 882 convenit
1174 842 1209 880 ac
1223 820 1308 900 plorato

148 909 239 981 dicit,
266 908 419 988 hospites,
446 929 499 988 qur
489 906 576 966 sibi
593 907 772 988 pecuniam,
799 924 858 986 qua
877 893 1118 980 redimeretur,
1141 918 1309 979 maturassent

95 1040 99 1051 .
147 994 300 1072 reliquum
320 1004 479 1092 argentum
497 989 650 1072 repetere:
668 990 699 1051 in
719 991 898 1075 syngraphis
917 996 1027 1051 autem
1048 991 1226 1065 contineri,
1240 1003 1312 1051 utatt

147 1079 228 1138 intra
247 1077 327 1136 diem
346 1077 537 1181 trigesimum
553 1079 714 1171 redderet,
732 1089 786 1136 aut
803 1077 932 1157 duplum
948 1075 1119 1136 deberet.
1100 1097 1241 1156 neque
1254 1094 1311 1157 prae-

150 1164 233 1223 dium
256 1163 333 1224 illud
356 1159 484 1222 mihi
455 1161 589 1223 vicinum
596 1158 691 1222 velle
710 1169 893 1261 quemquam
910 1160 959 1221 vel
988 1166 1123 1234 emere,
1153 1162 1205 1221 vel
1224 1160 1312 1244 piguui

56 1268 58 1275 ·
149 1248 304 1329 accipere,
331 1249 414 1329 quod
440 1236 534 1307 linter
557 1246 760 1320 Arethusius,
789 1247 1037 1327 mancipiorum,
1067 1263 1160 1326 quae
1186 1268 1262 1306 nunc
1278 1247 1311 1306 le·

150 1335 262 1431 scripta
286 1346 376 1406 sunt,¹
401 1326 559 1403 dominus,
585 1353 649 1390 non
675 1345 847 1412 pateretur,
875 1341 1093 1432 quemquam
1099 1331 1138 1391 id
1164 1333 1213 1392 vel
1228 1351 1313 1403 emar,

91 1484 95 1489 ,
145 1419 198 1477 vel
215 1417 339 1498 pignori
356 1417 510 1497 accipere,
527 1429 670 1495 tanquam
688 1417 721 1475 in
741 1435 785 1475 eo
796 1416 855 1476 salu
872 1416 1006 1497 pecunia
1028 1404 1203 1477 debeatur
1225 1415 1314 1498 'lnip

151 1514 217 1576 tur,
235 1500 351 1581 inquit,
369 1500 414 1561 id
411 1498 508 1560 mihi
512 1500 689 1582 suppedito,
708 1501 792 1579 quod
811 1504 913 1576 deest,
932 1514 1115 1580 antequam
1136 1502 1261 1585 triginta
1273 1502 1315 1563 diu

129 1598 360 1687 ¹praetereant,
386 1599 417 1646 et
434 1605 473 1644 ne
491 1586 540 1660 id,
560 1587 643 1666 quod
662 1586 750 1659 dedi,
773 1586 856 1646 mille
875 1587 1059 1665 drachmae,
1083 1599 1228 1669 pereat,
1231 1586 1312 1667 stipe

65 1683 129 1745 294
153 1673 185 1732 in
204 1672 382 1733 servitutem
401 1672 539 1749 abducar.
575 1668 726 1741 Collectas
744 1683 860 1746 autem,
886 1671 1007 1751 inquit,
1026 1672 1098 1732 ubi
1120 1672 1313 1755 collegerunt

117 1794 123 1799 -
152 1756 325 1859 hospitibus
344 1757 535 1817 satisfecero:
552 1755 609 1814 tibi
627 1757 766 1829 reddam,
784 1756 929 1837 quicquid
945 1757 1125 1842 mutuaris.
1154 1759 1221 1818 Scis
1238 1770 1317 1827 autea,

151 1843 270 1927 inquit,
295 1842 378 1924 leges
406 1842 495 1901 etiam
518 1841 640 1929 iubere,
666 1854 702 1900 ut
727 1853 829 1920 captus
855 1841 901 1913 ei,
925 1862 984 1922 per
1010 1865 1119 1922 quem
1146 1844 1188 1904 ab
1211 1842 1318 1903 hostibus

151 1929 307 1989 redemtus
327 1940 388 2001 est,
407 1927 472 1986 nisi
489 1924 621 2027 pretium
639 1925 822 2000 restituerit,
840 1884 1009 1987 addicatur.
1048 1928 1149 1989 Haec
1169 1951 1208 1989 ex
1223 1949 1257 1988 eo
1270 1948 1318 1987 ιιι

152 2013 288 2074 audirem
307 2024 339 2071 et
355 2033 420 2072 non
438 2004 561 2072 mentiri
575 2023 728 2111 putarem,
745 2010 906 2091 respondi,
930 2024 966 2071 ut
984 2011 1095 2072 homo
1118 2015 1319 2075 adolescerent

151 2097 317 2170 familiaris,
337 2120 390 2176 qm
380 2097 549 2156 ιιιιΙΙιιιι·“
541 2096 682 2156 miuriam
699 2108 865 2168 metueret.
884 2097 946 2155 «Et
963 2096 1161 2158 antehac
1134 2120 1266 2160 sinceros
1277 2095 1319 2157 tibi

152 2181 266 2242 amicus
292 2181 355 2254 fui,
380 2180 568 2254 Nicostrate,
590 2194 625 2240 ιι
650 2180 681 2239 in
705 2181 836 2247 adversis
861 2180 969 2255 rebus,
1000 2198 1172 2262 quantum
1188 2183 1319 2287 poblite

75 2336 80 2346 .
152 2266 224 2326 iuvi.
252 2265 415 2366 Quoniam
430 2279 532 2325 autem
556 2277 652 2324 totam
679 2287 842 2325 summam
849 2265 881 2324 in
904 2269 1091 2347 praesentia
1123 2269 1317 2330 nanciscimur
1350 2282 1352 2303 ¹

147 2360 263 2432 potes,
286 2371 387 2431 neque
405 2350 471 2431 ipse
488 2362 686 2441 praesentem
696 2351 855 2430 pecuniam
874 2351 992 2411 habeo.
1024 2354 1067 2412 de
1091 2351 1311 2435 possessionibus
1350 2350 1352 2371 ²

93 2485 98 2492 .
152 2458 229 2496 mers
246 2436 304 2495 trba
322 2434 502 2509 concedo,
500 2448 552 2509 ut,
579 2457 791 2515 quamcunque
808 2437 909 2511 voles,
934 2438 991 2515 pro
1015 2458 1076 2511 e0,
1098 2435 1312 2539 quodtibile·
1343 2512 1347 2519 Ι

154 2536 216 2597 ιιι,
247 2522 446 2622 oppigneres,
473 2534 508 2580 ut
526 2520 697 2600 hospitibus
716 2520 895 2594 satisfacias,
924 2534 954 2580 et
971 2525 1126 2584 numinis
1149 2524 1222 2584 meis
1236 2525 1316 2582 inan·

152 2629 227 2694 num
246 2607 311 2665 sine
329 2608 456 2666 foenore
475 2604 576 2666 utaris.
600 2610 715 2666 Verum
732 2605 787 2665 ubi
803 2606 962 2686 pecuniam
981 2608 1023 2666 de
1045 2610 1200 2670 collectis
1216 2609 1315 2691 redege-

104 2720 107 2725 ·
135 2687 226 2766 ιιίι’ξ
237 2692 283 2750 fac
301 2692 348 2766 id,
368 2692 452 2770 quod
469 2690 640 2770 polliceris,
657 2713 752 2750 meam
771 2691 854 2750 mihi
863 2690 1105 2770 possessionem
1127 2708 1167 2756 ut
1186 2696 1314 2754 redimas.

138 2768 230 2837 ιΗῐι
235 2776 293 2836 iste
317 2776 427 2836 auditis
445 2796 556 2856 meque
575 2775 778 2836 collaudato
769 2789 809 2836 ιιι
827 2797 875 2834 me
895 2798 983 2854 quam
1004 2778 1164 2880 primum·
1185 2799 1265 2862 agere
1284 2776 1314 2834 iu

153 2862 260 2934 bebai,
293 2861 469 2941 priusquam
486 2861 687 2941 praeterirent
705 2861 786 2933 dies,
819 2860 897 2919 intra
916 2882 992 2940 quos
1015 2884 1050 2921 se
1071 2865 1219 2945 pretium
1236 2880 1314 2922 nume·

152 2966 220 3005 rare
239 2956 381 3025 oportere
400 2945 521 3005 dixerat
556 2946 685 3005 Aedes
675 2946 770 3027 igitur
786 2945 944 3004 Arcesanti
964 2946 1193 3009 Pambotadae
1211 2945 1313 3042 sedecia

153 3031 243 3118 minis
259 3031 448 3112 oppignero,
467 3051 559 3110 quem
577 3031 633 3090 iste
651 3030 726 3089 mihi
744 3022 933 3103 conciliarat,
958 3032 1087 3091 octonis
1111 3034 1245 3094 obolis
1236 3056 1264 3092 ιι
1277 3029 1313 3089 mi

125 3166 129 3179 .
153 3110 223 3174 nam
242 3115 273 3172 in
292 3135 410 3174 menses
428 3114 567 3196 singulos
585 3115 743 3174 mutuanti.
779 3113 911 3195 Accepta
928 3127 1033 3173 autem
1052 3119 1209 3196 pecunia,
1225 3129 1315 3178 tantun

69 3259 72 3263 ,
140 3199 275 3297 saberet,
290 3210 327 3258 ut
343 3197 419 3257 mihi
435 3219 491 3279 pro
511 3199 656 3258 collatis
647 3223 678 3259 m
697 3221 729 3258 se
746 3199 900 3258 beneficiis
916 3199 1036 3281 gratiae
1056 3202 1188 3303 aliquid
1205 3204 1315 3268 resena

74 3304 79 3319 ⁸
153 3282 306 3344 utstatim
325 3303 381 3362 per
398 3281 522 3342 insidias
542 3305 575 3342 ea
593 3285 731 3344 fraudare
750 3304 799 3342 me
822 3284 995 3344 institueret
1020 3297 1053 3343 et
1073 3287 1257 3349 inimicitias
1272 3304 1311 3344 ιι·

87 3420 95 3431 .
155 3390 223 3429 cum
243 3380 413 3441 exerceret,
433 3390 494 3447 quo
512 3389 570 3450 ego
589 3367 677 3450 inops
695 3368 831 3443 consilii,
847 3381 883 3429 ut
900 3369 1085 3428 adolescens
1108 3386 1143 3432 et
1162 3395 1263 3432 rerum
1277 3371 1313 3428 iu-

153 3454 289 3536 p'eritus,
321 3475 463 3512 nummos
481 3476 497 3512 a
516 3474 548 3513 se
568 3473 630 3514 non
648 3466 835 3535 repeterem,
869 3454 978 3534 quibus
997 3454 1095 3514 aedes
1119 3458 1314 3550 oppigneratas

155 3551 281 3611 erant,
287 3538 341 3596 sed
360 3539 573 3598 condonarem.
607 3538 653 3598 Ac
676 3540 807 3619 prImum
825 3539 947 3619 quidem
966 3560 1036 3597 cum
1055 3542 1247 3603 adversariis
1262 3536 1316 3601 uili

153 3623 316 3684 insidiatur
334 3633 364 3680 et
382 3622 519 3682 fidem
493 3644 535 3682 ers
555 3624 622 3682 dat:
657 3624 785 3697 deinde,
816 3646 884 3684 eum
902 3622 977 3708 mibi
995 3627 1131 3706 negotia
1151 3628 1316 3688 lacesseret·

153 3721 221 3781 tur,
256 3716 287 3767 ιι
304 3727 385 3766 meas
403 3708 554 3780 rationes,
588 3731 712 3787 quarum
737 3730 848 3791 gnarus
868 3721 946 3782 erat,
978 3710 1106 3788 prodit,
1130 3725 1178 3772 'et
1197 3708 1316 3773 exscribi

154 3793 279 3873 publico
306 3805 457 3852 exsortem
480 3792 622 3851 mulctam
647 3815 683 3858 ιι
701 3794 887 3854 evidentium
904 3793 1155 3870 constitutione,
1181 3807 1314 3859 sexcentas

155 3890 187 3936 et
205 3878 308 3937 decem
328 3875 502 3950 drachmas,
532 3877 663 3960 Lycida,
688 3879 901 3970 Mytothrie,
928 3899 1049 3937 causam
1068 3896 1205 3962 agente.
1239 3882 1314 3942 tiato-

153 3981 217 4019 rem
241 3965 344 4023 autem
371 3975 476 4021 contra
500 3983 548 4020 me
574 3961 697 4022 fratrem
719 3985 808 4023 suum
829 3963 1030 4023 Arethusiu'm
1054 3963 1223 4040 inscribit,
1248 3965 1314 4026 cuias

154 4043 229 4130 haec
247 4046 395 4127 mancipia
412 4060 499 4133 sunt,
528 4058 558 4105 et
576 4046 677 4106 alium·
686 4050 844 4127 quendam.
879 4031 922 4108 lta
941 4048 1023 4106 enim
1042 4069 1076 4108 se
1096 4052 1314 4130 parabamus

155 4127 181 4186 si
200 4149 319 4204 causas,
347 4153 474 4210 quarum
492 4130 603 4190 iudicia
622 4153 701 4192 eram
720 4134 862 4213 adeptus,
890 4153 979 4215 agere
997 4132 1210 4197 instituissem
1228 4146 1312 4197 coroa

156 4213 357 4290 domesticos,
386 4239 402 4276 a
422 4216 559 4296 quibus
550 4216 669 4277 iniuriis
687 4218 857 4293 afficiebar,
880 4238 929 4278 mc
938 4217 1109 4279 deferrent
1129 4236 1164 4282 et
1181 4222 1214 4282 in
1231 4236 1311 4281 carte·

154 4317 219 4358 rem
237 4299 429 4363 coniicerent.
447 4300 649 4364 Praeterea
625 4303 724 4364 mein
741 4303 789 4366 ius
807 4316 871 4364 uon
888 4315 1032 4364 vocatum
1050 4305 1165 4368 decem
1183 4300 1311 4369 mont
