2722 4754
102 149 211 265 :eos
295 144 733 281 ''munosanams
768 152 1115 293 tripatens-1⁷0.
1169 239 1199 265 ,
1277 248 1286 255 .

42 411 51 420 ,,
149 349 225 417 cere
261 351 316 412 His
340 350 536 417 firmamentis
559 351 630 412 freti
644 351 690 411 ad
709 364 762 412 vos
780 348 909 430 ingressi
928 370 1049 422 sumus,
1075 371 1109 411 ac
1133 360 1240 409 nostra
1261 368 1316 430 per

149 464 203 504 vos
221 447 400 517 recuperare
419 437 602 509 studemus,
630 436 774 537 quopiam
793 433 857 503 ab
848 436 913 497 istis
932 434 991 494 id
982 447 1143 518 impetrare
1163 455 1228 494 non
1244 457 1313 516 pos-

16 528 22 535 “
72 530 77 541 ‘
114 595 118 602 ι
150 531 260 587 sumus.
290 524 329 581 Et
347 520 543 586 haecnostra
562 534 608 605 ιιι
626 523 730 591 oratio
761 520 814 580 Isti
832 531 949 594 autem,
968 540 1000 579 se
1019 516 1158 599 quidem
1164 519 1232 580 esse
1250 543 1313 580 mu-

15 666 21 671 .
110 605 251 686 'tuatos
280 609 466 679 confitentur
492 619 522 666 ιι
539 627 603 667 non
629 607 815 667 reddidisse.
851 606 903 664 de
909 625 945 663 eo
965 610 1066 666 autem
1085 605 1225 688 litigant,
1249 624 1314 666 non

38 688 63 742 ἰ
129 698 291 776 oportere
309 702 341 754 se
360 694 493 773 pendere
511 714 617 752 usuras
635 693 668 751 in
686 691 857 775 syngrapha
874 690 1065 770 perscriptas,
1084 692 1139 751 sed
1158 690 1314 751 Rhodien-

148 802 206 854 ses,
224 800 327 860 quae
338 798 394 837 nec
418 778 450 838 in
474 778 645 860 syngrapha
661 779 804 855 insunt,
810 795 867 834 nec
891 797 907 833 a
931 775 1020 835 nobis
1047 788 1121 836 sunt
1146 797 1314 836 concessae.
1350 846 1352 851 ¹

41 869 48 913 ἶ
87 918 89 922 1
148 864 296 955 Quodsi
287 887 318 923 ιιι
337 863 528 923 Rhodiorum
547 863 615 921 soro
634 862 844 947 litigarentus:
880 860 990 919 melior
1008 874 1088 922 esset
1104 850 1236 931 istorum
1254 863 1313 920 sor

17 994 66 1029 .‚
104 971 107 976 ·
146 951 226 1011 tasse
246 949 391 1021 conditio,
399 927 550 1028 quodad
570 969 622 1006 eos
639 949 824 1006 frumentum
842 945 1000 1005 vexissent
1003 959 1041 1005 et
1058 947 1091 1005 in
1110 967 1219 1006 eorum
1238 968 1313 1006 mer-

129 1049 248 1096 catum
276 1033 469 1114 appulissent.
503 1031 612 1112 Νιιιιι
610 1054 689 1091 cum
718 1032 755 1091 ad
779 1030 1018 1111 Athenienses
1009 1033 1140 1114 ingressi
1166 1033 1261 1091 simus
1287 1046 1314 1093 et

53 1137 125 1192 325
136 1115 320 1204 syngrapha
337 1130 503 1176 mercatum
520 1131 654 1207 vestrum
674 1110 850 1199 designarit:
869 1116 1073 1216 postulamus,
1092 1138 1131 1176 ne
1152 1117 1242 1176 nobis
1261 1118 1317 1180 mi-

146 1227 205 1275 nus
224 1203 376 1264 tribuatur
394 1215 487 1282 quam
501 1201 557 1275 iis,
577 1200 629 1281 qni
649 1215 679 1261 et
696 1223 749 1261 vos
770 1215 799 1261 et
817 1222 874 1261 nos
893 1200 1011 1261 iniuriis
1031 1202 1209 1262 affecerunt
1227 1203 1312 1262 Prae-

103 1300 231 1351 terea
245 1308 306 1350 nec
324 1287 400 1346 illud
419 1309 472 1348 vos
491 1287 592 1361 lateat,
611 1286 856 1364 Athenienses,
847 1307 878 1344 ιιι
899 1287 957 1347 hoc
974 1306 1037 1349 uno·
1056 1287 1173 1346 iudicio
1194 1289 1232 1346 de
1249 1293 1327 1347 toto¹

45 1397 49 1404 ’
148 1388 285 1443 mercatu
303 1373 403 1454 legem
421 1372 537 1432 sancire
555 1393 625 1446 vos,
638 1373 818 1461 multosque
835 1361 986 1442 assistere,
999 1372 1056 1514 qui
1075 1372 1107 1430 in
1126 1372 1204 1431 mari
1222 1393 1312 1474 pego-

109 1510 116 1527 .
147 1461 218 1522 tiari
237 1460 424 1531 decrevere,
449 1469 565 1536 vosque
593 1458 722 1536 intueri,
759 1457 832 1557 qpid
852 1458 888 1516 de
908 1455 963 1516 hae
980 1476 998 1514 c
1017 1479 1069 1516 usa
1088 1458 1312 1551 pronuntiaturi

76 1564 109 1583 ἰ
147 1545 222 1607 sitis
240 1541 360 1603 Nam
335 1566 362 1602 ιι
379 1551 432 1603 vos
457 1541 663 1624 syngraphas'
663 1555 707 1602 ιι·Ι
704 1543 866 1623 pactiones
884 1554 1002 1625 mptnas
1021 1541 1122 1622 firmas
1141 1561 1209 1602 esse
1227 1562 1312 1623 opor·
1353 1538 1357 1549 “

38 1638 84 1692 Ἀ
145 1643 212 1691 ιιιι
238 1628 392 1700 statuetis,
428 1647 528 1706 neque
548 1648 650 1687 earum
667 1626 866 1688 violatoribus
872 1627 1046 1707 quicquam
1058 1627 1174 1686 veniae
1194 1626 1312 1690 dabitis·

88 1735 97 1754 ι
147 1713 292 1786 alacrius,
312 1711 365 1793 qui
383 1712 415 1770 in
432 1718 567 1793 mereatu
585 1725 743 1807 mutuant,
770 1712 871 1772 officio
891 1732 946 1771 suo
965 1712 1151 1794 iungentur,
1171 1724 1260 1790 atque
1278 1734 1315 1773 ιι

147 1818 185 1860 e'a
200 1819 233 1860 re
252 1797 414 1880 augebitur
430 1809 579 1858 mercatus
598 1811 705 1865 vester.
740 1797 793 1856 Sin
813 1796 1002 1857 naviculariis
1021 1797 1127 1857 licebit
1146 1798 1310 1878 conscripta

114 1885 117 1889 ’
146 1883 318 1970 syngrapha
333 1884 374 1942 tle
393 1883 562 1963 navigando
580 1882 734 1964 Athenas,
766 1875 876 1942 deinde
895 1904 1001 1943 navem
1020 1881 1050 1941 in
1060 1883 1148 1942 alios
1167 1896 1311 1944 mercatus
1353 1912 1356 1919 ·

147 1969 310 2051 appellere,
330 1969 413 2047 quod
430 1980 550 2053 ruptam
569 1987 634 2028 esse
653 1967 755 2029 dicent
774 1967 804 2027 et
822 1968 903 2028 tales
916 1989 1018 2027 causas
1036 1966 1312 2049 comminiscentur,
1333 1971 1336 1976 ’

18 2121 21 2127 Ἰ
45 2085 67 2106 o
92 2084 97 2092 ·
147 2053 303 2136 qualibus
312 2050 548 2153 Dionysodorus
574 2053 688 2126 utitur,
717 2065 748 2111 et
771 2073 877 2112 usuras
905 2054 1040 2114 dividere
1067 2074 1124 2134 pro
1152 2074 1190 2114 eo
1218 2075 1312 2128 cursu,

53 2170 60 2209 ;
113 2212 116 2217 ι
146 2159 239 2238 quem
257 2159 290 2197 se
307 2137 463 2221 navigasse
482 2137 602 2211 dicent,
620 2158 684 2196 non
701 2157 757 2219 pro
776 2138 962 2222 syngrapha·
988 2131 1066 2197 niliil
1085 2135 1236 2214 obstabit,
1255 2160 1311 2219 quo

146 2222 248 2298 minus
268 2242 373 2280 omnes
392 2233 565 2288 contractus
584 2222 775 2322 dissipentur
807 2223 884 2297 Quis
904 2223 985 2293 enim
1004 2244 1094 2282 suum
1112 2222 1244 2285 abiicere
1262 2246 1312 2286 vo-

110 2297 119 2313 *
146 2306 256 2380 let,
232 2329 257 2366 st
267 2306 406 2407 ,ιίἀιιίῃ
432 2305 617 2389 syngraphas
645 2327 710 2367 esse
733 2307 851 2379 irritas,
877 2309 952 2366 tales
977 2318 1080 2368 autem
1105 2309 1258 2370 orationes
1284 2323 1313 2370 et
1350 2306 1354 2313 ⁴

97 2443 105 2461 ,
143 2413 251 2453 causas
270 2391 453 2450 iniuriorum
472 2384 630 2450 hominum
649 2391 794 2470 aequitati
811 2393 1005 2472 praevalere?
1028 2372 1121 2453 Ᾰιιιίι
1138 2393 1210 2466 hoc,
1229 2395 1310 2454 ludi-

73 2473 91 2529 ἦ
139 2490 205 2538 ,tes
239 2477 282 2534 ld
302 2475 383 2535 enim
403 2496 502 2574 neque
521 2475 844 2537 multitudinivestrae
856 2478 1025 2552 conducit,
1056 2498 1157 2558 neque
1175 2478 1229 2551 iis,
1261 2479 1312 2559 qui
1339 2494 1347 2510 ⁰

134 2564 307 2643 'quaestum
325 2560 451 2619 facere
443 2560 661 2660 ιιιιιίιιιιιιιιιι,
697 2561 811 2642 quique
828 2562 983 2622 utilissimi
1001 2575 1074 2651 sunt
1091 2577 1167 2623 tum
1175 2562 1312 2625 universe

36 2668 49 2723 χ
120 2645 234 2706 .·vobis
255 2645 413 2722 omnibus,
438 2658 504 2711 tum
523 2646 649 2704 seorsim
668 2647 812 2720 cuilibet,
839 2647 891 2726 qui
911 2667 1017 2708 eorum
1037 2669 1163 2728 operam
1180 2649 1311 2728 requirit

76 2739 89 2785 ἵ
147 2731 344 2831 Quapropter
362 2750 467 2789 eorum
485 2729 572 2790 vobis
590 2729 727 2791 habenda
746 2731 823 2797 ratio
843 2743 895 2791 est
931 2732 977 2794 Ac
996 2753 1054 2816 ego
1074 2733 1218 2812 quidem,
1242 2733 1329 2834 quae‘
1349 2803 1353 2809 ,

15 2820 18 2825 ’
84 2846 87 2851 ’
129 2815 251 2896 potui,
279 2815 355 2874 dixi:
381 2828 453 2895 peto
477 2826 596 2894 antem,
619 2828 655 2875 ut
673 2829 703 2876 et
720 2817 886 2894 amicorum
912 2818 1022 2898 aliquis
1048 2817 1128 2879 mihi
1146 2818 1312 2925 patrocine-

40 2931 90 2969 ,ῃ
120 2981 127 2998 Ι
146 2912 216 2960 tur
249 2900 427 2976 Adscendo,
450 2901 713 3011 Demosthenes

174 3320 563 3441 annotinum
617 3272 861 3415 nonina
914 3293 1288 3439 ιιιιιιιιιιιίιί.
1341 3423 1345 3433 ,

484 3664 959 3763 ARGUMENTUM

32 3851 36 3859 ·
73 3888 79 3895 ,
147 3783 307 3892 Scribitur
314 3828 372 3887 lex
389 3826 468 3925 apud
485 3790 696 3897 Athenienses,
712 3836 748 3883 ut
762 3823 919 3906 inquisitio
938 3808 1012 3888 fiis
1002 3851 1034 3888 ιιι
1055 3849 1111 3891 eos
1132 3824 1251 3910 omnes,
1268 3834 1330 3914 qui*

146 3917 259 3979 sintin
278 3914 379 3974 album
398 3911 524 3971 'civitatis
542 3908 696 3989 inscripti,
714 3910 834 3971 civesne
852 3914 987 3993 germani
1006 3914 1080 3990 sint,
1098 3939 1222 3979 annon:
1242 3932 1270 3997 ct
1284 3932 1315 3979 ut

130 3996 189 4077 ti,
200 4001 329 4081 quinon
342 4011 373 4058 et
389 4010 474 4078 patre
493 4009 524 4057 et
540 4009 635 4055 matre
654 3994 717 4054 cive
737 3996 803 4056 sint
815 3998 888 4071 nati,
906 4000 1083 4059 deleantur:
1102 4017 1204 4084 utque
1222 4005 1314 4064 muni-

149 4088 230 4168 cipes
256 4086 294 4145 de
322 4083 462 4144 omnibus
487 4081 668 4142 sententiam
692 4073 805 4142 ferant.
818 4095 862 4142 et
887 4085 939 4164 qni
963 4084 1132 4167 improbati
1157 4090 1274 4153 fuerint
1290 4104 1315 4150 ιι
1342 4099 1345 4105 ’

65 4183 127 4239 327
149 4170 330 4231 sententiam
348 4169 534 4268 municipum
551 4181 644 4227 ratam
663 4166 833 4240 habuerint,
851 4168 968 4229 deleti
959 4184 1040 4231 mter
1057 4169 1233 4254 inquilinos
1251 4189 1315 4236 cen-

100 4300 102 4303 ·
148 4268 282 4328 seantur,
299 4255 336 4314 iis
347 4269 438 4328 vero,
457 4275 509 4332 qm
501 4252 630 4326 velint,
643 4252 737 4312 liceat
755 4252 904 4354 appellare
914 4257 1086 4323 iudicium:
1106 4262 1169 4340 qui
1187 4262 1213 4321 si
1232 4262 1315 4323 etiam

115 4336 182 4406 in
193 4338 314 4449 iudicio
332 4338 560 4447 copvineantur,
576 4333 806 4433 vendendos,
781 4360 829 4399 sm
845 4339 1096 4420 absolvantur,
1068 4365 1153 4407 caves
1173 4366 1247 4409 esse
1275 4347 1316 4408 Ex
