2722 4754
366 201 403 292 j
449 204 971 268 incusserunt
1178 206 1242 268 ιιι
1292 181 1334 281 J

60 372 164 434 crate,
179 380 288 420 mense
306 360 475 434 Decembri.
518 361 586 442 Ego
604 381 676 421 vero
694 360 794 425 statim
812 375 882 443 post
898 361 1029 444 nuptias,
1043 373 1144 422 ,sumta
1160 349 1254 423 virili*

60 457 160 529 toga,
180 447 320 506 accusavi
338 459 375 506 et·
386 446 518 506 rationis
536 447 679 527 poposci:
704 458 752 520 et,
771 448 911 508 omnibus
928 447 1059 509 fortunis
1075 448 1244 533 fraudqtus,

63 531 222 590 iudicium
240 533 368 611 adeptus
387 552 453 590 sum
472 532 580 592 eodem
596 533 895 612 praetore'Tempus
908 546 1016 601 mrtem
1027 533 1087 595 hoc
1105 532 1242 593 debitum
1318 528 1320 537 ’

68 617 203 717 quidem
218 616 351 676 admittit
369 635 404 675 ex
421 629 527 696 pacto:
549 617 602 676 sed
621 616 734 676 solutio
763 618 844 676 credi
862 638 924 676 non
943 632 1052 697 potest
1094 619 1170 678 Nam
1189 617 1245 697 qui
1268 619 1308 683 37

67 702 226 788 principio
251 714 413 782 propterea
439 701 550 760 debere
577 701 680 761 voluit
693 714 724 760 et
743 703 812 762 dare
830 723 970 776 usuram,
998 715 1034 762 ut
1051 723 1089 763 ne
1107 705 1163 763 dos
1181 720 1280 769 una

57 810 145 849 ¹curn
161 784 289 866 reliquis
309 785 413 845 bonis
411 786 681 867 periclitaretur,
671 806 697 846 rs
717 808 778 866 quo
793 789 885 886 pacto
904 786 1038 846 reddidit
1055 787 1174 847 illisam
1194 810 1244 848 ac·

72 872 199 933 cusato?
218 871 281 951 qui,
299 871 325 930 si
342 870 425 952 prius
445 872 643 945 credidisset,
655 883 721 931 tum
723 872 874 956 recipere
893 869 1065 932 studuisset.
1109 871 1167 932 Cui
1184 873 1245 933 hoc

7 975 36 1039 ’κ
71 956 325 1040 persuadebitur,
352 956 491 1015 ludices?
532 957 678 1036 Nupsisse
703 969 804 1018 autem
827 955 986 1015 mulierem
1010 976 1064 1028 ιο,
1091 978 1152 1035 quo
1172 956 1284 1030 dixi,
1328 964 1331 969 “

72 1056 233 1123 tempore,
252 1054 284 1100 et
300 1041 416 1101 interea
432 1041 580 1122 temporis
598 1042 805 1117 intercessisse
824 1041 1059 1102 controversiam
1077 1040 1158 1100 inter
1176 1060 1244 1114 noe,

72 1146 187 1207 meque
204 1138 319 1206 postea,
335 1111 482 1184 iudicium
501 1147 566 1185 esse
592 1110 753 1206 adeptum,
778 1139 808 1186 et
825 1126 900 1186 istos
920 1126 1083 1186 divortium
1101 1127 1138 1186 ad
1151 1144 1262 1207 praef

72 1212 176 1274 torem
193 1211 334 1271 retulisse
351 1209 398 1270 uti
416 1224 551 1270 constet:
572 1212 747 1293 singulatim
766 1212 840 1311 ltaec
857 1211 1033 1272 testimonia
1050 1211 1150 1271 recita.
1276 1212 1281 1246 ¹
1306 1214 1308 1224 ⁴

479 1362 845 1407 TESTIMONIA.

116 1463 273 1523 Ηιιιι“
264 1463 359 1546 igitur
375 1463 408 1525 in
425 1477 563 1546 praetura
590 1466 736 1525 successit
754 1433 1001 1550 Cepliisodorus,
1028 1460 1136 1527 Chion
1180 1460 1245 1521 Sub
1317 1468 1324 1479 ’

17 1572 21 1576 ·
74 1548 137 1608 boc
155 1549 301 1622 accusavi,
320 1561 416 1608 sumta
435 1550 513 1609 virili
531 1561 617 1648 toga:
636 1550 783 1611 iudicium
800 1571 873 1612 vero
891 1551 1017 1650 adeptus
1036 1570 1102 1616 sum
1120 1546 1177 1609 sub
1191 1544 1245 1604 Ti-

73 1646 220 1695 mocrate.
240 1631 320 1733 Cape
339 1634 398 1694 hoc
415 1635 633 1694 testimonium.
1236 1655 1244 1665 ²

457 1787 478 1828 Τ
494 1787 514 1830 E
532 1788 547 1830 S
565 1789 585 1830 Τ
603 1786 614 1830 l
632 1787 661 1832 M
680 1787 700 1830 0
719 1788 740 1833 N
758 1753 771 1831 l
789 1788 811 1831 U
830 1787 870 1833 Μ

120 1887 246 1999 'laege
261 1851 355 1952 etiam
373 1888 433 1948 boc
449 1888 666 1949 testimonium

460 2041 874 2087 TESTIMONIUM.

167 2096 329 2201 Constat
314 2141 415 2223 agitur
432 2163 448 2201 e
468 2136 555 2202 dictis
582 2144 724 2218 testium,
751 2163 803 2202 eos
822 2146 925 2204 dotem
949 2161 1013 2202 non
1032 2143 1167 2202 dedisse:
1194 2141 1247 2200 sed

72 2224 115 2284 ad
136 2228 357 2293 conservandas
375 2226 501 2307 Aphobi
528 2229 600 2308 opes
620 2229 694 2288 haec
712 2249 800 2310 agere
819 2228 938 2288 audere
981 2228 1044 2302 Qui
1063 2228 1143 2286 enim
1161 2237 1248 2285 tanto

11 2329 16 2334 ·
73 2321 241 2391 tempore
239 2333 271 2372 se
291 2323 321 2370 et
339 2312 490 2385 debuisse,
509 2326 539 2372 et
556 2314 741 2386 reddidisse,
761 2326 791 2373 et
808 2334 872 2373 non
888 2312 1055 2392 recepisse,
1074 2325 1105 2370 et
1122 2326 1250 2371 uxorem

77 2395 275 2480 discessisse,
301 2410 332 2456 et
349 2396 505 2477 praedium
525 2397 583 2456 sibi
609 2399 840 2497 oppigneratam
870 2418 936 2458 esse
962 2410 1122 2469 asserunt,
1145 2415 1286 2455 annon

76 2481 242 2561 perspicue
261 2480 422 2557 declarant,
443 2503 506 2541 rem
526 2505 579 2543 sua
597 2484 774 2543 auctoritate
793 2497 917 2563 gestam,
937 2502 973 2542 co
993 2481 1133 2554 consilio,
1148 2483 1186 2540 ut
1201 2474 1307 2551 tis,

78 2587 161 2668 quae
181 2567 255 2625 mihi
272 2586 326 2625 vos
345 2567 589 2640 adiudicassetis,
614 2589 662 2627 me
679 2568 872 2631 fraudarent?
916 2570 977 2626 lam
996 2567 1071 2627 illud
1091 2565 1195 2638 etiam,
1215 2582 1252 2622 ex

78 2650 179 2733 ipsius
197 2651 285 2710 istius
304 2665 334 2711 et
350 2653 530 2725 Timocratis
550 2664 580 2712 et
596 2652 722 2734 Aphobi
738 2653 899 2734 responsis
910 2672 974 2711 non
982 2652 1128 2750 ‘potuisse
1147 2651 1252 2709 dotem
1329 2662 1334 2668 ’

80 2737 190 2810 reddi,
206 2757 261 2796 vos
282 2737 410 2796 edocere
428 2714 570 2796 conabor.
604 2738 681 2820 Ego,
701 2739 845 2810 ludices,
856 2736 991 2816 quaesivi
1010 2757 1046 2795 ex
1065 2756 1170 2794 eorum
1188 2733 1253 2792 sin-

7 2866 15 2875 .
81 2821 166 2902 gulis
184 2842 282 2880 coram
301 2822 403 2882 multis
421 2823 566 2896 testibus,
592 2842 627 2882 ex
646 2822 782 2883 Onetore
802 2835 832 2882 et
848 2822 1037 2894 Timocrate,
1062 2818 1185 2920 quinam
1205 2837 1253 2877 es-

79 2907 295 2982 senttestes,
286 2927 317 2966 ιιι
336 2928 465 2986 quorum
480 2907 648 3005 praesentia
664 2905 766 2968 dotem
779 2906 1000 2969 reddrdlssent
1013 2926 1049 2964 ex
1060 2924 1131 2985 ipso
1143 2900 1254 2983 Αιιιιο-Δ
1329 2977 1331 2981 Ι

79 2990 136 3063 bo,
157 3013 208 3069 qur
199 2991 403 3064 adfuissent,
419 3003 489 3067 'cum
508 2987 679 3072 ‘accepisset
697 2994 742 3053 lbi
758 3012 864 3053 omnes
877 3012 942 3051 uno
962 3006 1014 3050 ore
1033 2982 1109 3049 mihi
1126 3006 1254 3067 respon·
1290 3039 1292 3043 .

81 3076 206 3148 derunt,
224 3076 342 3135 nullum
361 3077 492 3136 adfuisse
509 3090 633 3138 testem.
652 3079 707 3156 sed
723 3091 841 3138 tantum
851 3076 937 3136 ab
911 3097 953 3136 ers
973 3095 1097 3160 quoquo
1111 3085 1254 3151 tempore

8 3172 14 3182 “
80 3160 203 3230 aulc'rre
220 3161 345 3220 solitum
364 3161 548 3241 Aphobum,
578 3175 723 3242 quantum
749 3163 904 3247 exegisset
949 3157 1008 3219 Cui
1023 3179 1097 3219 vero
1121 3170 1255 3217 vestrum

82 3245 144 3304 hoc
162 3246 203 3304 sit
220 3245 400 3319 verisimile,
418 3268 486 3305 cum
506 3248 560 3306 dos
578 3247 725 3306 talentum
745 3260 840 3319 esset,
858 3233 971 3346 absque
988 3245 1117 3304 testibus
1137 3242 1259 3305 onem,
1282 3250 1323 3306 38

81 3350 149 3389 rem
176 3340 209 3389 et
232 3331 435 3389 Timocratem
459 3330 593 3430 Aphobo
618 3343 735 3392 tantum
761 3328 880 3414 argenti
899 3323 1089 3391 reddidisses
1117 3319 1167 3388 cui
1192 3341 1257 3386 non'

84 3416 180 3474 modo
200 3415 347 3474 adustum
373 3416 514 3487 modum,
541 3415 659 3494 siquid
677 3417 755 3475 sorte
783 3416 939 3490 solvisset,
962 3417 1032 3475 s·ed
1040 3400 1145 3474 multis
1166 3404 1257 3478 ctiam

16 3542 18 3547 -
56 3543 60 3557 ι
83 3500 216 3561 testibus
236 3499 445 3579 praesentibus
464 3521 555 3558 nemo
574 3512 688 3560 temere
706 3501 798 3560 fidem
817 3499 986 3571 habuisset,
996 3511 1054 3571 ut,
1062 3498 1087 3559 si
1106 3518 1163 3599 qua
1183 3517 1256 3556 con-

83 3585 233 3646 troversia
252 3584 427 3657 incidisset,
451 3584 538 3644 facile
557 3605 612 3666 per
628 3607 681 3644 vos
704 3597 904 3666 recuperaret
942 3585 1054 3683 Neque
1074 3582 1155 3642 enirn
1174 3581 1257 3661 quis-

86 3692 177 3750 quam
197 3671 230 3729 in
249 3670 301 3729 tali
321 3683 495 3743 contractu,
520 3670 633 3729 nedum
652 3670 821 3730 adversus'
810 3682 904 3729 astum
922 3669 1136 3751 taliungenio,
1155 3663 1305 3726 nullos

84 3768 187 3816 testes
201 3755 375 3814 adhiberet:
401 3756 454 3814 sed
473 3776 511 3815 ne
529 3756 594 3815 tum
620 3755 760 3834 quidem,
785 3754 810 3816 si
828 3776 897 3814 cum
917 3755 976 3814 alio
994 3768 1042 3813 res
1063 3765 1148 3813 esset
1192 3753 1258 3809 lmo·

74 3838 134 3900 ‘his
155 3841 193 3900 de
213 3839 309 3900 causis
329 3853 359 3899 et
384 3841 503 3923 nuptias
530 3839 715 3902 celebramus
734 3854 766 3900 et
784 3840 910 3901 maxime
938 3838 1124 3899 necessarios
1149 3835 1258 3903 invita-
1272 3873 1274 3877 .

87 3947 167 3997 mus,
186 3922 270 4005 quod
289 3947 368 3984 non
361 3925 444 3986 levis
452 3946 512 3987 res
530 3925 639 4007 agitur,
658 3926 710 3985 sed
722 3926 783 3987 uita
796 3945 936 3985 sororum
952 3937 983 3984 et
995 3902 1124 3983 filiarum
1143 3921 1259 3981 alienae
1299 3985 1301 3988 ,

21 4072 35 4082 ,
88 4010 162 4070 fidei
181 4011 397 4070 committitur·
421 4028 509 4089 quae
515 4023 551 4069 ut
568 4010 600 4069 in
618 4022 685 4070 tuto
705 4008 911 4084 collocentur,
935 4030 1051 4070 summa
1069 4028 1148 4068 cura
1149 4003 1259 4093 proui-

90 4093 210 4155 demus.
231 4091 505 4155 Consentaneum
497 4096 591 4178 agitur
609 4107 664 4168 est,
682 4095 711 4154 ei
729 4095 830 4168 istum,
849 4114 949 4154 coram
968 4090 1079 4174 quibus
1097 4113 1132 4153 se
1149 4083 1260 4152 ιιιιιιιι

91 4182 250 4242 confessus
271 4193 317 4240 est
335 4193 371 4240 et
382 4200 506 4240 usuram
523 4181 662 4240 daturum
680 4179 836 4280 promisit,
858 4179 973 4240 iisdem
984 4178 1074 4255 etiam
1091 4175 1260 4259 praesenti·
1304 4198 1309 4227 ;

91 4266 151 4333 bus
175 4266 397 4326 satisfacturum
417 4264 573 4344 Aphobo
574 4264 687 4338 luisse,
712 4265 739 4329 si
765 4284 868 4325 revera
895 4256 997 4328 dotem
1026 4284 1054 4322 ιι
1045 4261 1261 4324 reddidisset

92 4351 187 4449 Nam,
206 4372 239 4410 re
257 4351 392 4411 adhunc
409 4350 534 4437 modum
552 4357 646 4433 gesta,
664 4371 748 4412 omni
739 4349 910 4411 molestia·
922 4349 1067 4429 liberatus
1086 4350 1172 4410 esset
1201 4344 1260 4404 Sin
1328 4422 1332 4428 .
