2722 4754
858 36 959 105 ὁ..

13 177 18 184 ’
66 243 89 252 ⁷-
124 190 245 279 'nr
324 161 793 311 *frrnrrosrrrrurs
830 174 1023 306 darno

51 395 67 433 Α
143 375 219 434 riam
235 374 354 433 fecerit
384 365 522 442 Deinde,
539 392 608 430 cnm
626 364 726 430 variae
742 368 818 429 sint·
816 369 853 428 ἰιι
870 364 1025 452 republica
1043 365 1249 427 functiones·
1261 386 1312 428 eas

41 460 43 470 '
142 481 200 547 ego
220 458 295 518 mihi
315 455 415 536 delegi
432 468 542 536 partes,
561 476 637 536 quae
652 456 694 521 ad
713 454 859 514 Graeciae
877 467 989 514 statum
1007 452 1192 533 attinerent
1199 448 1328 528 Quare*

142 566 273 629 aequum
293 555 348 616 cst,
364 554 448 600 utet
438 541 659 622 probationes
680 562 715 600 ex
729 541 765 599 iis
784 552 891 620 petam
909 538 952 598 At
966 559 1052 618 quae,
1071 529 1234 619 antequam
1253 559 1313 624 ego

44 647 69 699 ’ῃ
114 611 177 704 'ad
195 627 413 708 rempublicam
431 626 542 688 accessi
561 640 591 686 ct
610 626 773 710 conciones
792 623 893 697 habui,
911 624 1069 704 Philippus
1089 645 1221 703 occupat
1225 623 1249 683 rt
1266 636 1312 685 at-

140 735 200 794 que
224 713 371 797 obtinuit,
399 712 543 772 omittam
577 711 660 795 Nihil
687 712 768 772 enim
793 710 976 783 illorumsad
995 730 1043 768 me
1069 709 1208 769 attinere
1226 723 1311 791 puto

115 798 259 877 jQuibus
279 812 379 871 autem
399 793 581 883 occupandis
601 817 637 856 ex
655 813 692 856 eo
711 797 778 868 die,
797 816 858 874 quo
872 815 936 876 ego
955 795 1067 854 accessi
1085 797 1122 854 ad
1140 793 1310 896 rempubli3

79 906 85 935 ·.
140 901 214 983 capr,
233 883 272 943 sit
290 879 442 944 deiectus
462 892 569 947 eorum
583 870 872 953 commonefaciam,
891 878 1102 979 rationemque
1121 882 1268 954 reddam,
1285 882 1310 940 si

161 969 224 1029 rius
244 968 302 1028 hot
317 969 473 1028 dixero:
456 990 466 1026 ι
473 969 634 1050 hagnam,
623 966 839 1038 Athenienses,
856 966 1093 1048 praerogativam
1112 965 1220 1025 habuit
1236 923 1308 1026 Phi-

136 994 247 1136 lippus
283 1055 376 1135 Apud
396 1054 529 1113 Graecos
549 1054 647 1126 eninr,
666 1056 729 1114 irorr
748 1053 882 1132 aliquos,
908 1053 961 1111 sed
980 1073 1075 1130 aeque
1095 1073 1219 1151 omnes,
1236 1074 1308 1132 pro
1314 1094 1317 1099 -

88 1161 97 1220 ζ
140 1153 247 1202 ventus
266 1139 458 1220 proditorum
475 1151 506 1199 et
519 1137 731 1239 largitionibus
750 1136 932 1197 inhiantium
951 1149 981 1195 et
995 1136 1073 1197 diis'
1065 1137 1234 1198 rnvisorum
1251 1138 1311 1199 ho-

9 1246 21 1254 ·
105 1248 109 1254 ’
139 1226 256 1286 minum
274 1224 421 1307 contigit,
449 1237 485 1284 ut
511 1224 665 1285 existeret.
692 1237 731 1284 et
754 1236 887 1295 tantus,
899 1235 1045 1302 quantum
1063 1245 1153 1282 nemo
1172 1225 1308 1303 unquam

136 1311 220 1392 prius
239 1311 332 1370 fuisse
351 1309 496 1370 meminit
528 1309 614 1386 Quos
633 1333 668 1368 su
671 1306 848 1391 ll'ra'gatores
869 1321 900 1373 et·
915 1308 1069 1368 adiutores
1088 1322 1205 1382 nactus,
1222 1310 1306 1389 prins

34 1386 57 1461 Ἀ
100 1422 105 1427 ’
139 1408 263 1476 quoqne
290 1396 427 1455 intense
452 1395 529 1456 male
563 1395 710 1455 animatos
737 1408 769 1455 et
801 1393 1013 1454 dissentientes
1041 1393 1174 1455 Graecos
1212 1395 1333 1478 magis-

43 1513 57 1566 s
78 1497 113 1520 “⁸
138 1482 234 1542 etiam
246 1480 462 1555 conturbavit,
465 1482 539 1540 alios
559 1480 749 1562 decipiendo,
768 1481 842 1539 alios
860 1479 1027 1561 largiendo,
1046 1479 1120 1539 alios
1137 1479 1222 1539 omni
1239 1503 1305 1541 mo-

9 1593 12 1641 ζ
93 1592 95 1596 “
137 1569 177 1659 do
182 1568 437 1648 corrumpendo:
463 1575 494 1627 et
511 1567 553 1626 in
563 1567 671 1627 multas
677 1578 788 1646 partes
814 1566 996 1654 disgregavit
1021 1586 1090 1639 eos,
1118 1566 1228 1644 quibus
1246 1563 1307 1626 hoc

35 1693 71 1714 2
136 1646 232 1714 unum
251 1652 612 1736 expediebatuniversis,
638 1651 798 1729 utillips
789 1664 974 1720 incrementa
998 1650 1206 1731 prohiberent.
1240 1651 1307 1712 Tali

106 1798 109 1805 ,
137 1751 237 1798 autem
255 1739 287 1796 in
306 1749 493 1817 statuatque
513 1738 604 1797 etiam
621 1735 813 1828 ignoratione
833 1736 996 1797 coorientis
1017 1748 1060 1796 et
1065 1738 1217 1798 nascentis
1236 1737 1308 1799 mali

117 1846 205 1884 ·cum
215 1832 413 1885 versarentur
426 1844 531 1884 ornnes
548 1823 672 1882 Graeci.
682 1823 945 1882 considerandum
962 1836 1008 1882 est
1022 1823 1118 1896 vobis,
1133 1823 1306 1884 Athenien-

41 1935 53 1961 τ
113 1921 115 1925 ’
136 1931 202 1984 ses,
220 1911 295 1991 qnid
312 1909 538 2009 suscipiendum
557 1922 647 1989 atque
664 1909 836 2008 faciendum
853 1908 1037 1989 reipublicae
1055 1901 1167 1982 luerit,
1191 1924 1222 1970 et
1241 1910 1309 1971 eius
1329 1911 1333 1957 .'

30 1981 33 1984 ’
59 1989 64 1995 ’
136 2017 152 2054 a
171 2013 219 2055 me
237 1996 282 2055 rei
299 1995 377 2056 ratio
388 1997 588 2077 reposcenda
613 1995 697 2054 Nam
709 1994 811 2075 quiin
831 2015 864 2054 ea
883 2015 915 2053 se
932 1994 1117 2074 reipublicae
1136 2009 1221 2076 parte
1242 1994 1308 2055 col

136 2080 279 2160 locarit,'
269 2103 294 2140 rs
314 2102 371 2164 ego
390 2103 464 2140 sum.
482 2076 654 2160 Numquid
657 2101 720 2139 eam
736 2080 882 2160 oportuit,
899 2078 1077 2152 Aeschines,
1096 2080 1230 2141 abiectis
1240 2081 1312 2142 ani--

53 2180 57 2186 '
85 2165 91 2168 ’
135 2168 192 2226 mis
212 2181 242 2227 et
260 2168 406 2267 dignitate
425 2189 495 2240 sua,
520 2165 734 2226 Thessalorum
754 2179 784 2225 ct
800 2167 955 2246 Dolopum
981 2169 1109 2225 numero
1128 2166 1305 2248 Philippum

134 2253 319 2327 adiutorem
345 2253 503 2333 parando
498 2242 644 2312 Graeciae
669 2252 858 2332 principatu,
882 2251 1091 2330 maiorumque
1116 2251 1163 2311 ius
1184 2266 1216 2313 et
1237 2253 1306 2334 glo-

135 2339 210 2397 riam
233 2338 376 2401 abolere?
403 2358 443 2396 arr
459 2358 531 2397 vero
550 2339 582 2400 id
607 2338 730 2418 quidem
752 2338 924 2397 faciendum
949 2336 1089 2396 nonfuit
1112 2337 1203 2414 (nihil
1223 2339 1303 2400 enim

66 2436 99 2498 ᾖ·
135 2424 226 2483 fieri
220 2436 322 2506 potest
338 2422 529 2506 indignius),
553 2423 607 2484 sed
626 2445 702 2520 quae
722 2437 864 2484 eventura
882 2419 1023 2495 videbat,
1044 2423 1069 2481 si
1087 2425 1302 2505 uemoprohi

135 2509 247 2583 beret,
249 2523 339 2589 atque
357 2508 453 2568 multo
471 2522 552 2584 ante,
568 2521 604 2577 ut
620 2516 676 2608 par
694 2522 748 2583 est,
766 2509 979 2592 prospiciebat,
997 2508 1234 2584 connitendum,
1252 2510 1301 2572 illa

109 2613 110 2616 ’
132 2595 182 2671 uti
198 2595 327 2656 fierent?
362 2581 428 2676 Ego
446 2615 519 2655 vero
536 2594 715 2657 acerrimum
734 2610 870 2656 actorum
887 2588 1138 2678 reprehensorem
1155 2618 1301 2677 perquam

101 2753 104 2759 Ι
135 2701 243 2781 rogare
261 2681 372 2753 velim,
389 2680 488 2741 utrius
505 2680 646 2742 factionis
666 2681 777 2761 optarit
794 2681 887 2740 fuisse
905 2669 1142 2781 rempublicam?
1176 2681 1301 2758 Eiusne,

112 2767 225 2826 *cuius
240 2787 298 2852 ope
311 2723 428 2846 saelum
448 2780 503 2840 est,
521 2780 556 2827 ut
569 2762 679 2826 Graeci
697 2786 746 2826 eas
762 2766 860 2834 clades
880 2778 970 2846 atque
988 2766 1187 2847 ignominiam
1205 2768 1300 2828 susci

71 2910 75 2920 ,
135 2865 262 2935 pereat:
280 2853 401 2933 inquo
427 2873 555 2914 numero
566 2873 692 2913 eenserr
710 2851 846 2912 Thessali
864 2864 1008 2932 possunt,
1036 2865 1075 2911 et
1084 2853 1219 2935 gregales
1237 2853 1299 2918 ho-

38 3011 41 3024 Ι
64 3000 69 3006 ,
134 2961 218 2998 rum:
243 2960 279 2998 an
301 2955 372 3004 vero
390 2938 490 3013 illius,
515 2961 592 3022 quae
610 2939 684 2999 haec
707 2937 774 2998 fieri
798 2959 883 3018 passa
902 2952 948 2998 est
971 2937 1079 3018 privati
1103 2939 1302 3001 emolumenti

79 3073 81 3077 ,
133 3025 209 3106 qu?
233 3039 296 3104 quo
314 3025 383 3084 loco
402 3023 553 3097 Arcades,
577 3025 722 3086 Messenii
742 3038 772 3084 et
788 3024 896 3106 Argivi
920 3036 992 3082 suut
1015 3023 1155 3085 habendi.
1191 3020 1302 3092 Sedet

134 3109 244 3170 horum
252 3109 437 3190 plerique,
428 3131 490 3169 rmo
510 3132 616 3172 omnes
633 3135 731 3192 perus,
749 3133 838 3197 quam
857 3109 1059 3185 nos,tractati
1077 3123 1155 3170 sunt.
1192 3111 1300 3205 Quod-

128 3216 159 3270 ιι
150 3194 333 3295 Philippus
349 3195 477 3256 victoria
493 3198 609 3278 potitus
627 3199 726 3262 statim
744 3192 868 3257 abiisset
881 3219 915 3257 ac
929 3209 1034 3277 postea
1053 3197 1266 3276 quievisset,
1246 3217 1302 3257 ne·
1309 3201 1318 3209 '

51 3295 54 3304 ’
101 3340 107 3362 ⁴,
133 3301 193 3361 que
219 3281 372 3353 sociorum
398 3303 542 3357 suornm,
567 3293 668 3364 neque
693 3297 880 3344 caeterorum
900 3283 1120 3363 Graecorum
1114 3281 1170 3341 ulli
1186 3303 1220 3341 re
1237 3264 1316 3342 ulla'

71 3444 74 3452 I
132 3355 296 3428 molestus:
313 3380 414 3428 tamen
432 3368 470 3443 ii,
483 3392 568 3449 qur
527 3369 760 3430 'conatibus
733 3391 797 3429 erus
816 3368 965 3430 adversati
983 3389 1046 3427 non
1066 3380 1185 3442 essent,
1193 3388 1300 3449 repre
1326 3389 1333 3401 '

99 3485 118 3514 ·.
132 3449 227 3535 hendi
245 3453 386 3513 nonnihil
405 3467 436 3514 et
453 3455 587 3516 accusari
603 3456 786 3537 potuissent.¹
807 3454 892 3515 At
868 3478 893 3514 ιι
911 3475 1016 3514 omnes
1036 3455 1150 3535 pariter
1168 3453 1300 3554 dignita-
1324 3468 1328 3473 “

23 3555 51 3621 ⁶}
93 3568 98 3580 ·
130 3549 172 3612 te,
183 3538 367 3619 principatu,
380 3540 530 3615 hbertate,
548 3554 639 3621 atque
654 3541 743 3602 etram
758 3536 1036 3623 rebuspubhcrs,
1009 3562 1086 3620 quos
1100 3540 1212 3622 poturt,
1227 3560 1300 3620 spo
1332 3597 1333 3601 ,

130 3623 229 3684 liavit:
255 3645 359 3684 nonne
383 3647 437 3686 vos
461 3647 527 3687 mea
551 3627 648 3687 secuti
673 3627 800 3688 consilia
822 3626 1058 3707 praeclarissime
1084 3626 1228 3686 οιιιιιίιιιιι
1245 3646 1301 3686 vos

130 3709 286 3792 gessistis?
314 3710 375 3771 Sed
393 3711 466 3775 illuc
483 3713 584 3772 redeo.
621 3713 714 3788 Quid
723 3712 874 3783 civitatem
892 3726 1026 3782 nostram
1044 3711 1143 3772 facere
1163 3711 1318 3785 decebat„

97 3815 198 3860 «ιιιιιι
228 3795 373 3858 Graeciae
398 3796 599 3878 principatum
625 3812 655 3859 et
678 3798 884 3899 tyrannidem
903 3799 1037 3881 cogitare
1062 3798 1240 3880 Philippum
1267 3810 1331 3879 ac&

60 3909 87 3950 γ
129 3881 231 3941 moliri
249 3883 408 3941 cerneret?
426 3895 478 3942 aut
496 3882 577 3963 quid
590 3884 666 3943 mihi
684 3905 800 3943 suasorr
792 3882 982 3945 dicendum
1000 3898 1053 3945 aut
1071 3884 1302 3944 decernendum

128 3965 197 4040 tuit,
214 3989 283 4026 cum
295 3966 426 4027 Athenis
443 3969 597 4050 agerem?
603 3968 649 4054 (id
668 3970 748 4035 enim
766 3971 941 4059 plurimum
948 3968 1072 4052 refert):
1091 3989 1145 4049 qur
1136 3969 1195 4030 ab
1215 3967 1303 4030 omni

128 4053 275 4112 memoria
300 4052 427 4127 scirem,
453 4055 489 4113 ad
510 4076 579 4124 euru
597 4075 695 4137 nsque
717 4054 843 4133 diem,
847 4076 907 4135 quo
936 4076 994 4138 ego
1020 4062 1209 4155 suggestum
1218 4066 1303 4115 con·
1311 4062 1327 4100 -’

67 4144 78 4155 ‘
104 4137 243 4211 scendi,
259 4159 379 4220 semper
393 4141 430 4200 de
444 4139 626 4240 principatu,
644 4143 682 4200 de
698 4140 816 4201 honore
834 4153 864 4200 et
877 4141 974 4222 gloria
987 4142 1113 4223 patriam
1129 4136 1306 4216 dimicasse,

128 4236 160 4284 et
172 4223 245 4306 plus
258 4245 421 4306 corporum
437 4246 471 4285 ac
484 4226 682 4308 pecuniarum
701 4226 826 4286 honoris
845 4225 947 4286 studio
968 4240 998 4287 et
1014 4240 1142 4308 propter
1160 4228 1305 4301 omnium

128 4309 315 4374 Graecorum
333 4311 496 4374 utilitatem
515 4311 717 4391 impendisse,
728 4332 818 4392 quam
837 4313 948 4373 caeteri
963 4312 1082 4388 Graeci,
1099 4334 1157 4395 pro
1177 4335 1216 4374 se
1232 4313 1304 4396 qui-

58 4479 89 4488 Η
126 4417 203 4476 que,
228 4395 485 4478 impenderunt?
500 4395 663 4459 Videbam
667 4409 698 4498 et
713 4395 874 4480 Philippo,
893 4398 1017 4479 quicum
1034 4411 1191 4462 certamen
1202 4392 1326 4469 nobis?
