2746 4748
44 224 50 231 -
133 188 196 291 4²42
299 244 305 253 ,
416 140 1015 261 utstosrnsnisontmo

133 348 290 409 datoribus
299 348 339 406 ,in
358 340 509 406 carcerem
527 346 618 407 duci?
636 346 788 407 Haeccine
806 359 887 421 sunt,
904 344 1045 420 Inciite,
1057 366 1141 426 quae
1159 346 1226 406 istis
1241 349 1308 428 per-'

37 470 41 479 ·
134 433 298 494 suadebis?
324 432 385 491 Sed
408 431 464 491 ubi
486 431 532 492 ius
557 431 787 511 adipiscendum
805 445 866 507 est,
890 433 1028 504 iudices,
1053 433 1099 492 de
1125 429 1313 493 mereatoriit'

134 517 363 580 contractibus?
397 514 601 598 Apud-quem·
617 519 843 600 magistratum,
868 530 1001 602 autxquo
1016 516 1192 598 tempore?
1226 519 1299 598 Apud

134 602 387 664 Undecimviros?
410 605 460 660 At¹
471 600 503 660 hi
520 614 704 683 grassatores
723 616 754 662 et
770 603 904 662 fnisset
921 603 997 662 alios
1014 603 1218 662 facinorosos
1234 604 1297 684 capi-

136 690 174 750 tis
190 708 262 757 reos
281 688 503 748 introducunt·
516 690 565 745 An
584 689 663 765 apud
681 688 874 768 praetorem?
890 687 933 748 At
949 689 1090 770 praetori
1110 688 1301 762 orbarumet

133 770 338 856 pupillorum,
355 785 387 831 et
398 779 562 851 'parentum
582 792 652 831 cura
669 775 807 833 mandata
826 786 878 832 est
911 774 979 846 An,
997 770 1040 833 ita
1061 788 1114 833 me
1133 774 1301 854 amet-iupi-
1320 816 1327 826 ·

50 932 61 939 .
133 874 199 930 ter,
216 859 416 938 apud-regem
435 857 656 917 sacrificulum?
690 859 733 919 At
749 878 851 939 neque
868 858 1107 961 gymnasiarchi·
1118 881 1245 931 sumus,
1258 879 1301 919 ue,

68 953 107 1005 86
135 967 195 1026 que
213 950 501 1022 reum‘quemquam
525 942 651 1001 iacimus
669 943 841 1023 impietatis.
885 942 1028 1004 Anhclii
1056 946 1123 1004 dux
1143 962 1203 1003 nos
1220 945 1300 1004 iutro-

123 1029 244 1098 ducet?
263 1027 289 1086 si
307 1028 430 1106 quidem
447 1040 555 1108 agatur
570 1029 607 1087 de
624 1030 796 1108 patrocinio
806 1031 860 1090 'vel
879 1031 1012 1101 deserto,
1031 1030 1082 1089 vel
1100 1051 1173 1088 non
1187 1041 1301 1110 receptu

134 1113 270 1175 Proinde
286 1125 403 1172 restant
419 1111 511 1170 'nohis
529 1113 636 1183 doces·
664 1113 707 1174 At
724 1115 893 1177 tritemium
910 1115 1085 1195 praefectos
1107 1114 1144 1173 hi
1164 1129 1264 1174 curant
1277 1128 1301 1173 et

136 1199 337 1260 introducunt
361 1198 393 1255 in
418 1197 579 1257 iudicium:
605 1200 812 1260 mercatoriam
832 1222 904 1263 vero
928 1222 1050 1259 causam
1071 1200 1201 1259 nuliam
1222 1201 1301 1259 intro

136 1283 285 1354 duxerint.
327 1283 395 1363 Ego
413 1302 487 1342 vero
505 1295 657 1348 mercator
674 1307 759 1358 sum,
786 1300 817 1347 et
839 1300 873 1346 tu
896 1285 990 1344 frater
1008 1298 1097 1344 eset
1117 1285 1212 1345 heres
1227 1285 1300 1344 unius

75 1435 80 1442 ,
136 1367 329 1449 mercatoris,
347 1367 431 1443 eius,
449 1367 502 1447 qui
519 1369 715 1428 mercatorias
733 1392 749 1429 a
766 1371 856 1431 nobis
874 1370 1024 1451 pecunias
1039 1371 1176 1451 accepit„
1205 1373 1246 1434 lo.
1253 1391 1301 1449 quo

135 1453 230 1538 igitur
252 1472 340 1512 cansa
367 1452 441 1512 haec
464 1452 580 1511 iudicio
605 1454 798 1535 disceptanda
824 1457 898 1516 esti'
918 1457 1031 1526 Doee,
1050 1456 1199 1533 Lacrite,
1225 1455 1301 1515 ruodo

135 1539 227 1619 acqui
244 1538 358 1618 aliquid
371 1537 475 1609 dieas,
494 1550 525 1597 et
543 1539 626 1616 quod
644 1540 684 1600 sit
702 1541 820 1623 iegibus
840 1554 1094 1602 consentancum.
1121 1541 1188 1600 Sed
1206 1541 1301 1601 nuliius

136 1623 268 1684 hominis
293 1635 410 1682 tantum
426 1635 483 1690 -est
506 1623 682 1704 ingenium,
715 1627 768 1706 qui
791 1627 874 1693 hisce
900 1623 938 1686 de
960 1626 1057 1684 ret-us
1082 1627 1184 1706 aequi
1205 1624 1302 1705 aliquid

136 1708 233 1792 possit
251 1707 360 1768 dicero
379 1708 498 1789 Neque
513 1728 587 1767 vero
606 1708 653 1768 his
671 1711 771 1771 soin'm
790 1733 847 1795 ego
866 1711 984 1770 iniuriis
1002 1711 1301 1771 aheritoaihcior:

76 1858 80 1869 ,
137 1795 194 1855 sed·
208 1793 574 1873 praeter·fraudationem
598 1796 745 1875 pecuniae
770 1799 860 1857 etiam
885 1796 917 1856 in
942 1806 1078 1857 extrema
1110 1797 1248 1877 pericula
1262 1815 1301 1853 ve·

48 1918 55 1931 ι
137 1882 267 1951 nissem,
281 1892 441 1959 ¹quantum
455 1879 488 1938 in
501 1879 567 1939 is'to
585 1878 708 1959 quidem
725 1883 801 1956 tuit,
824 1883 883 1941 nisi
903 1881 976 1942 mihi
994 1873 1179 1966 syngrapha
1195 1894 1302 1942 succur-

137 1967 227 2026 risset
242 1977 414 2044 testataque
437 1975 534 2038 esset,
559 1986 607 2024 me
626 1966 657 2024 in
675 1966 808 2026 Pontum
832 1968 952 2027 dedisse
974 1968 1150 2048 pecuniam
1170 1981 1199 2028 et
1214 1986 1301 2027 rmsus

137 2050 283 2113 Athenas,
323 2049 437 2108 Nostis·
453 2049 542 2110 enim·
558 2051 716 2130 profecto,
738 2053 875 2125 iudices,
899 2054 1015 2134 legem,
1043 2075 1146 2132 quam
1166 2054 1298 2113 ersmers

70 2136 73 2141 ’
139 2136 187 2209 sit,
210 2137 236 2194 si
254 2135 322 2216 quis
340 2135 577 2196 Atheniensium
594 2136 655 2195 alio
673 2138 826 2218 quopiam,
845 2160 934 2218 quam
951 2137 1119 2211 Athenas,
1133 2139 1299 2198 frumentum

86 2245 89 2249 ·
139 2221 270 2292 vexerit,
293 2233 346 2280 aut
367 2221 527 2301 pecuniam
551 2220 696 2281 mutuarit
720 2222 752 2281 in
775 2224 868 2282 alium
888 2237 1078 2296 mercatum,
1110 2246 1202 2303 quam
1219 2220 1300 2281 Athe·
1333 2272 1337 2283 .

140 2306 410 2386 niensiumiquae
430 2326 550 2387 poenae
574 2307 611 2365 de
637 2306 683 2365 his
709 2304 892 2369 constitutae
915 2308 992 2379 sint,
1012 2330 1110 2388 qnam
1138 2328 1257 2391 magnae
1277 2317 1302 2363 et
1335 2372 1337 2377 ¹

139 2412 254 2473 graves.
279 2391 389 2471 Atque·
400 2393 478 2452 adeo
495 2393 589 2474 ipsam
608 2391 710 2473 potius
728 2393 827 2475 legem
846 2395 889 2454 eis
906 2394 1016 2468 recita,
1035 2416 1105 2474 quo
1125 2390 1298 2454 reinsertus

140 2490 351 2560 cognoscant·
1024 2510 1033 2517 -

584 2692 588 2697 Ι
672 2631 785 2675 LEX.

224 2732 395 2815 Argentum
411 2746 521 2793 -autem
540 2725 735 2794 non‘iiceat·¹
754 2747 893 2796 mutuare
915 2733 972 2793 nili
994 2732 1239 2795 Atheniensium
1259 2743 1297 2791 aot

140 2818 361 2897 inquilinorum
380 2816 509 2878 Athenis
528 2820 722 2901 degentium,
746 2839 848 2898 neque
866 2839 997 2897 quorum
1018 2819 1053 2878 hi
1071 2835 1151 2880 sunt.
1168 2833 1296 2885 auctores

140 2902 172 2961 in
191 2919 315 2972 navem,
341 2901 628 2981 quaeirumen'tnm
647 2904 783 2963 Athenas
805 2917 927 2963 vectura
954 2925 1017 2963 non
1044 2905 1106 2978 sit,
1136 2920 1167 2966 et
1191 2917 1294 2967 caetae

141 3008 217 3068 quae
236 2988 274 3046 de
293 2987 541 3069 singuiis-earum
559 3009 660 3046 rerum
679 2990 788 3068 scripta
806 3002 884 3047 sunt
908 2989 962 3047 Sin
980 2989 1256 3070 aliquismutuarit
1268 3006 1295 3046 es

37 3098 41 3105 ·
141 3072 280 3133 nomine:
315 3072 498 3133 etindicari
525 3085 566 3132 et*
582 3073 711 3133 describi
738 3073 829 3133 licere
855 3087 1014 3155 argentum
1031 3076 1127 3154 opud
1151 3087 1294 3138 curatores,

138 3154 395 3239 'quemadmodum
410 3157 452 3216 de
477 3179 552 3217 nare
573 3170 604 3217 et
629 3159 783 3220 frumento
811 3159 1006 3230 dictumest,
1033 3161 1103 3239 pari
1122 3162 1251 3221 ratione:
1272 3167 1295 3214 et

141 3242 219 3302 attio
239 3243 267 3302 ei
286 3243 494 3303 nedet‘unde
519 3257 662 3326 argento,
688 3244 772 3324 quod
797 3244 855 3301 alio
882 3242 1199 3324 quopiam'eloearit,
1221 3262 1292 3322 qum

140 3328 287 3401 Athenas,
305 3349 406 3410 neque
426 3330 615 3414 magist-ratus
633 3330 713 3389 nlius
733 3330 770 3388 de
788 3349 826 3386 eo
844 3329 961 3387 reserat
985 3352 988 3359 ·
1062 3370 1066 3375 -
1099 3374 1102 3379 ,
1155 3348 1159 3381 τ
1211 3372 1215 3381 .

224 3414 271 3474 Ae
284 3415 337 3475 'lex
355 3415 488 3494 quidem,
507 3414 635 3486 Iudices,
653 3429 713 3474 tam
731 3427 906 3484 severaest
926 3413 966 3472 At
983 3414 1036 3472 isti
1055 3417 1196 3475 omnium
1207 3408 1294 3471 honi·

80 3542 81 3547 κ
141 3520 213 3559 nont
233 3500 447 3582 impurissimi,
467 3522 535 3560 cnm
553 3500 585 3558 in
604 3498 773 3583 syngrapha
792 3512 894 3578 aperte
912 3498 1059 3578 scriptum
1078 3501 1135 3573 sit,
1158 3496 1294 3581 muniat

142 3584 276 3646 Athe-nas
295 3589 519 3668 reportandam,
532 3586 756 3666 permiserunt,
773 3584 932 3663 pecuniam
950 3605 965 3641 a
984 3584 1076 3643 nohis
1097 3584 1226 3645 Athenis
1242 3602 1294 3641 mu

143 3683 195 3731 tuo
223 3685 358 3732 sumtum·
377 3673 409 3731 in
428 3669 538 3732 Chium
562 3670 640 3730 vehi.
682 3671 760 3729 Nam
784 3691 852 3728 cum
875 3668 1027 3727 Phaselita
1052 3664 1295 3729 navimtarinir

141 3756 242 3818 Ponto
261 3752 373 3817 aChio
392 3759 524 3839 quodam
544 3756 668 3815 homine
686 3754 845 3836 pecuniam
863 3749 1083 3826 mutuaretur-4»
1097 3751 1196 3814 Chius
1213 3764 1294 3812 auten

141 3861 172 3901 se
192 3843 333 3905 daturum
352 3852 489 3926 negaret,-
504 3842 563 3902 nisi
580 3839 769 3911 smniasibi,
788 3860 865 3918 qnae
882 3837 1088 3900 navicularius
1104 3841 1239 3909 vehent,
1253 3856 1297 3915 op·

76 3936 115 3991 87
143 3927 390 4011 pignerarentur,
414 3929 594 4010 prioresque
611 3925 783 3986 creditores·
795 3924 828 3985 in
846 3926 876 3984 id
895 3923 1297 3985 consentinam-contem

55 4056 59 4066 .
142 4026 228 4086 runt,
251 4029 288 4075 ut
313 4028 416 4077 nostra
441 4011 520 4074 Chio
546 4013 834 4095 oppignerarcntur,
864 4011 951 4088 isque
970 4010 1297 4092 uniuersispotiretur·

145 4097 247 4176 ltaque
258 4136 262 4145 ·
273 4101 430 4162 solverunt
457 4119 473 4160 e
492 4100 597 4159 Ponto
620 4120 688 4159 cum
705 4096 856 4156 Phaselim
879 4095 1065 4154 naviculario
1091 4109 1126 4156 et
1149 4118 1217 4156 cum
1233 4088 1298 4151 ctio

76 4240 84 4257 ἱ
145 4182 312 4258 creditore,
332 4187 363 4245 et
380 4184 417 4248 in·
431 4187 532 4247 icarum
550 4197 672 4265 portum
689 4181 864 4264 appellunt,
882 4180 912 4241 iu
932 4192 1040 4241 nostro
1059 4193 1166 4242 antem
1181 4188 1299 4241 metm!

145 4286 208 4325 non
227 4270 432 4349 appuienmt‘
449 4273 489 4333 Et
506 4290 607 4341 nunc,
631 4269 769 4341 ludices,
786 4265 916 4327 Athenis
932 4277 1043 4325 mutuo
1062 4266 1152 4329 tane
1170 4261 1299 4350 pecunitt

119 4426 123 4433 ³
146 4350 178 4411 in
196 4351 327 4415 Pontum
341 4368 377 4417 et
392 4363 513 4420 dutum
532 4378 549 4418 e
567 4353 825 4423 l'onto‘Athenas
842 4351 879 4412 iu
891 4347 1299 4433 ·Chium.ah,istissderoobt
1335 4392 1337 4397 -
