2722 4754
127 112 227 246 'sto
348 188 378 209 ‘—
408 124 793 271 'DFMOSTHEMS
818 143 1080 250 ,onnrtofl'

131 311 333 398 matremque
358 312 512 378 consciam
534 331 604 375 -es‘se
627 313 765 398 ipsorum
790 315 1040 391 consuetudinis,
1065 335 1163 397 seque
1187 316 1311 381 multum

48 415 120 475 375
144 406 189 467 eis
207 403 409 483 impendisse,
426 411 601 480 totamque,
619 422 688 461 cum
705 401 801 479 adsit,
815 401 897 461 alere
914 401 1074 461 familiam:
1095 414 1125 463 et
1143 402 1244 484 legem
1261 425 1310 465 er-

141 490 248 592 hibet,
276 507 353 567 quac
368 498 481 559 uetat,
501 486 581 568 apud
601 507 650 547 eas
668 507 739 567 pro
736 485 873 581 moecho
892 487 984 567 arripi
1002 496 1207 567 quemquam,
1238 510 1308 568 quae

41 601 42 604 ¹
142 577 179 636 in
199 574 324 634 taberna
347 571 502 630 meritoria
525 571 660 645 sedeant,
687 585 739 631 aut
756 568 794 629 in
818 571 887 639 soro
913 572 1028 652 aliquid
1052 572 1215 632 manifeste
1240 595 1310 640 ven

28 716 32 731 ,
143 662 226 733 dant,
242 659 398 718 tabernam
417 678 481 716 eam
500 656 594 737 ipsam
614 676 678 716 esse
694 656 840 737 Stephani
859 658 983 717 domum
1002 658 1311 742 dictitanuetquee-
1343 664 1346 671 ’

92 742 114 813 ζ
142 759 224 807 stum
243 765 292 803 eas
310 744 402 802 istum
419 743 540 816 lacere,
547 740 664 803 atinde
680 741 807 813 maxime
826 741 1013 824 locupletari.
1032 745 1119 818 Quae
1136 738 1230 802 verba
1247 767 1310 806 cum

132 832 267 893 ‘iactaret
284 829 456 909 Epaenetus
483 841 514 887 et
538 826 688 886 actionem
712 823 911 901 instituisset,
936 827 1112 910 intelligens
1126 828 1310 921 Stephanus,

82 951 87 956 ·
124 939 175 978 sse
200 928 236 976 ut
261 927 291 974 et
314 915 457 974 lenonem
483 923 513 972 et
532 912 780 971 calumniatorem
799 913 1025 1013 coarguendum
1045 935 1128 986 esse,
1156 913 1308 978 arbitrium

67 1034 70 1047 ι
90 1018 118 1057 1¹
144 1021 215 1084 erga
232 1002 421 1081 Epaenetum
439 986 588 1079 permittit
605 998 678 1078 ipsis
697 997 965 1080 sponsoribus,“
944 1020 980 1056 us
1000 999 1271 1073 conditionibus,
1280 1013 1309 1061 ut

49 1099 58 1116 '
144 1086 311 1168 sponsione
329 1086 517 1164 Epaenetus,
531 1090 571 1142 et
585 1082 700 1143 iudicio
725 1083 807 1162 lpse
807 1082 979 1162 Stephanus
1005 1084 1196 1144 liberaretur
1230 1080 1328 1167 Quas¹

31 1179 34 1183 '
144 1170 350 1242 conditiones
357 1191 425 1229 cum
443 1169 608 1249 accepisset
625 1169 824 1248 Epaenetus,
846 1169 1078 1248 actionemque,
1107 1191 1169 1248 qua
1188 1169 1308 1249 Stepha-

108 1268 113 1289 ι
144 1267 217 1318 Ιιιιιιιι
235 1254 492 1336 persequebatur,
511 1253 697 1313 sustulisset:
719 1253 896 1335 congressis
916 1254 975 1327 eis,
994 1275 1063 1319 cum
1082 1275 1251 1335 sponsores
1269 1276 1307 1314 ar-

144 1343 217 1403 bitri
235 1342 395 1420 sederent,
427 1339 516 1421 aequi
520 1338 638 1399 dicere
655 1338 842 1419 Stephanus
845 1338 935 1396 nihil
940 1352 1078 1419 poterat,
1106 1341 1162 1398 sed
1172 1340 1308 1419 postula-

48 1439 69 1504 J
130 1428 213 1501 hat,
240 1422 465 1506 utEpaerletus
491 1423 611 1525 aliquid
631 1424 668 1484 ad
695 1424 870 1499 (locandam
887 1423 1020 1484 Neaerae
1038 1424 1133 1482 filiam
1153 1425 1308 1498 conferret,
1349 1430 1353 1439 “

93 1541 108 1585 χ
143 1525 175 1574 et
188 1510 326 1591 inopiam
344 1532 439 1581 suam,
450 1519 488 1569 et
505 1504 650 1568 inflictam
666 1530 682 1567 ι
696 1508 858 1569 Phrastore
874 1502 996 1568 mulleri
1012 1509 1217 1579 calamitatem
1234 1518 1309 1569 c‘om
1340 1528 1345 1546 ¹

70 1598 77 1618 ²
133 1617 332 1694 memorans,
358 1594 500 1675 dotisque
534 1593 694 1665 iacturam,
717 1605 752 1652 et
769 1593 904 1673 inopiam
932 1594 996 1654 eius
1016 1596 1121 1655 denno
1141 1595 1306 1655 elocandae.

142 1685 192 1742 Tu
209 1701 293 1752 vero,
310 1679 421 1759 iuquit,
440 1692 470 1739 et
486 1699 551 1738 rem
569 1677 701 1738 habuisti
719 1700 787 1738 cum
805 1678 943 1755 muliere,
964 1692 994 1739 et
1011 1701 1145 1759 aequum
1165 1692 1222 1752 est,
1238 1679 1263 1739 ei
1277 1693 1305 1741 te

117 1767 337 1832 benefacere:
355 1765 472 1844 aliaque
490 1763 606 1823 blanda
617 1750 707 1824 verba
731 1763 895 1836 afferebat,
922 1765 1032 1845 quibus
1059 1765 1202 1844 aliquis
1193 1787 1225 1823 ιιι
1241 1765 1309 1825 mala

50 1898 58 1914 .
90 1872 95 1876 “
121 1852 122 1855 ’
141 1853 189 1914 uti
208 1872 300 1912 causa
313 1851 467 1938 precando
481 1850 587 1930 ‘possit
606 1847 734 1920 Arbitri,
748 1838 881 1928 ntrdque
899 1850 1031 1923 audito,
1033 1871 1086 1909 eos
1105 1849 1310 1925 reconciliant,
1351 1880 1353 1887 ·

143 1951 175 1998 et
191 1939 352 2017 Epaeneto
356 1933 565 2016 persuadent,
594 1946 631 1993 ut
648 1933 730 1991 mille
748 1933 902 1994 drachmas
928 1936 965 1995 ad
984 1935 1162 1995 elocandam
1181 1934 1310 1994 Neaerae
1350 1992 1353 2019 ἴ

142 2023 236 2083 filiam
254 2020 414 2082 edulerrct
432 2019 472 2078 Et
484 2032 520 2084 ut
531 2019 605 2120 haec
620 2017 721 2079 omnia
733 2038 803 2077 vere
818 2041 834 2078 a
848 2040 896 2078 me
911 2019 971 2079 dici
988 2033 1119 2093 constet,
1137 2020 1246 2080 horum
1258 2041 1311 2079 vo-

58 2124 63 2130 *
144 2106 191 2169 bis
208 2114 302 2168 testes
322 2126 374 2165 eos
392 2105 508 2186 ipsos,
529 2096 587 2184 qui
600 2116 631 2164 et
649 2108 810 2187 sponsores
830 2117 861 2165 et
878 2105 984 2165 arbitri
999 2105 1137 2221 fuerunt,
1155 2105 1311 2168 exhibebo.

624 2257 830 2301 TESTES

124 2405 132 2409 -
143 2355 657 2441 Ιιιιιιιιιιιιίιιιιι,(ιιιιιιιιειιιιι,
682 2308 911 2419 Aristomachus
930 2356 1125 2440 Cephalensis
1148 2354 1311 2434 testantur,

79 2489 88 2494 -
143 2445 302 2507 sciuisse
312 2448 474 2526 sponsores
493 2444 640 2525 Epaeneti
658 2444 784 2519 Αιιιιιιι,
809 2467 877 2505 cum
896 2445 1090 2526 Stephanus
1092 2467 1124 2506 se
1132 2445 1173 2503 in
1191 2445 1310 2504 adulte-

80 2530 82 2537 ’
143 2531 190 2591 rio
210 2530 444 2610 deprehendisse
464 2530 578 2589 diceret
595 2530 793 2610 Epaenetum,
813 2543 853 2604 et,
871 2552 939 2590 cum
957 2531 1130 2613 Epaenetus
1149 2552 1164 2589 a
1182 2529 1310 2610 Stepha-

131 2637 185 2676 .no
203 2615 327 2675 abiisset
344 2615 392 2675 sui
411 2615 484 2677 iuris
502 2615 614 2688 lactus,
632 2636 786 2674 accusasse
805 2615 991 2695 Stephanum
1009 2614 1310 2697 apud‘Sexviros,se

31 2712 41 2770 f
85 2744 88 2749 ·
123 2721 210 2762 ‘esse
228 2700 264 2761 ab
284 2721 320 2760 eo
339 2721 395 2781 per
411 2698 551 2759 iniuriam
571 2700 602 2759 in
620 2701 738 2760 vincula
757 2701 944 2774 coniectum,
970 2714 1001 2761 et
1018 2723 1069 2781 ιι,
1086 2702 1184 2761 factos
1203 2720 1309 2778 seque-

59 2781 63 2786 ’
143 2800 230 2873 atres,
247 2786 459 2852 reconciliasse
472 2785 659 2866 Epaenetum
676 2798 706 2845 et
718 2785 921 2868 Stephanum.
927 2787 1113 2867 pactionem
1127 2798 1230 2846 autern
1249 2805 1309 2845 esse

95 2866 109 2918 *¹
144 2893 219 2947 eam,
238 2893 327 2952 quum
346 2869 748 2984 exhibeathpollodorus.
1270 2898 1283 2907 ·*
1319 2882 1323 2891 '

24 3006 148 3088 ’376Ι
440 3002 446 3080 “,
577 3020 834 3070 ιιιιιο.

65 3093 131 3118 Γ

229 3125 284 3186 Ηίι
304 3099 531 3185 conditionibus
545 3083 737 3204 Stephanum
757 3138 787 3185 et
803 3109 992 3206 Epaenetum
1010 3093 1187 3206 sequestres
1204 3145 1309 3186 recon-

49 3251 52 3256 -
142 3200 310 3293 ciliarunt:
307 3211 455 3281 Eorum,
480 3230 556 3291 quae
574 3211 612 3269 de
631 3229 749 3270 carcere
767 3212 962 3285 accidissent,
989 3211 1169 3271 memoriam
1188 3211 1308 3272 abolen-

65 3371 67 3375 .
141 3299 226 3373 dam:
244 3297 431 3377 Epaenetum
450 3293 599 3369 PhanonI,
618 3296 761 3374 quoniam
782 3317 815 3356 ea
833 3317 923 3378 saepe
941 3319 1014 3356 usus
1034 3308 1125 3369 esset,
1143 3296 1229 3356 mille
1248 3298 1308 3357 dra-

76 3394 79 3399 '
110 3426 112 3430 ·
141 3364 242 3443 chilias
256 3383 298 3453 ad
325 3379 527 3445 elocationem
553 3381 623 3439 dare
650 3393 810 3461 oportere:
835 3379 1021 3463 Stephanum
1039 3382 1245 3462 Epaeneto,
1237 3403 1307 3461 quo

134 3467 198 3528 *ties
217 3467 278 3526 huc
302 3465 437 3526 venisset
461 3478 579 3527 etcum
599 3487 632 3525 ea
658 3462 805 3548 congredi
829 3467 939 3541 vellet,
954 3466 1142 3579 „Phanonem
1169 3464 1308 3527 exhibere

140 3565 292 3635 oportere.

128 3657 139 3683 1
202 3637 326 3696 -'Eam
317 3637 412 3736 igitur
429 3636 485 3696 etsi
504 3636 592 3694 nimis
612 3633 769 3695 evidenter
786 3635 940 3717 cognitum
961 3648 1006 3696 est
1025 3656 1090 3696 esse
1091 3637 1309 3720 peregrinam,

37 3740 40 3746 ⁴
140 3735 172 3796 et
178 3724 277 3804 apud
288 3743 353 3782 eam
371 3721 428 3782 iste
453 3722 639 3787 adulterum
650 3720 906 3801 comprehendere
934 3722 992 3781 suit
1009 3743 1116 3782 ausus:
1145 3737 1192 3781 eo·
1206 3734 1308 3783 contu·

139 3788 247 3872 :heliae
272 3821 374 3867 tamen
392 3805 563 3886 Stephanus
584 3818 621 3865 et
631 3806 746 3866 Neaera
769 3819 1001 3887 processerunt,
1028 3819 1063 3866 ut
1082 3827 1148 3879 non
1174 3808 1310 3867 contenti

140 3905 260 3967 essent,
270 3893 365 3973 ipsam
383 3891 529 3952 Neaeram
549 3883 644 3950 civerh
664 3912 729 3951 esse
748 3891 855 3951 dicere.
873 3892 1004 3952 Sed¹ubi
1023 3881 1330 3975 animaduerterunt·

91 3982 99 4050 ζ
137 3977 299 4061 Theogeni
317 3974 504 4036 Cothocidae
531 3975 640 4036 sortito
665 3976 842 4050 obvenisse,
868 3989 902 4036 ut
926 3997 1003 4037 rex
994 3989 1085 4038 esset
1101 3978 1311 4052 sacrificulus,

82 4074 83 4084 ¹
138 4061 268 4122 homini
264 4074 310 4122 ut
327 4061 445 4135 nobili,
468 4062 512 4120 sic
529 4061 664 4142 pauperi
674 4073 704 4121 et
720 4083 821 4120 rerum
840 4062 995 4143 imperito:
1023 4084 1090 4123 sese
1110 4058 1302 4165 adiungit
1278 4085 1312 4136 er,

54 4206 57 4213 ,
80 4196 83 4203 .
139 4167 207 4207 cum
227 4160 307 4211 esset
324 4147 537 4227 explorandus,
560 4159 590 4206 et
607 4147 810 4245 impensarum
827 4154 942 4228 partem
960 4147 1176 4230 magistratum
1195 4149 1313 4210 ineunti

50 4249 53 4255 ’
137 4229 346 4292 subministrat
363 4232 554 4334 Stephanus,
573 4245 617 4305 et,
636 4230 842 4332 magistratum
858 4232 896 4291 ab
916 4253 953 4291 eo
971 4231 1078 4292 iraude
1099 4235 1313 4298 circumvento

136 4330 305 4392 mercatus,
329 4310 412 4378 fit
383 4339 448 4379 erus
473 4336 621 4380 assessor:
645 4333 786 4422 uxorem
799 4335 829 4376 er
820 4316 1002 4435 'mulierem
1021 4319 1093 4394 dat,
1118 4320 1313 4384 Neaeraefi-
