2722 4754
141 120 209 175 ‘258
414 104 795 195 tnttmosttttrtts
817 109 1028 173 ,ott-mo
1093 134 1096 139 ·

108 229 119 313 ‘-
148 260 315 333 coniectus
340 271 404 327 Vos
424 249 690 348 igiturflhominem
707 266 749 327 ita
768 265 940 341 crudelem,
958 265 999 324 ita
1017 262 1235 335 inhumanum,
1246 274 1320 324 tan-

90 373 92 377 ‘
148 367 214 416 tum
239 346 422 434 supplicium
445 370 502 432 pro
527 350 573 412 lais
597 352 787 434 exigentem,
804 351 843 409 -in
868 348 979 430 quibus
993 348 1145 409 'iniuriam
1170 347 1231 433 silai
1254 351 1321 410 esse

148 438 256 502 laetam
275 439 419 516 duntaxat
437 434 512 496 dicit
527 433 605 517 (nec
615 436 704 496 enim
722 436 799 496 sacta
816 432 953 495 illislnit
970 432 1119 516 iniuria),
1145 433 1247 505 hunc,
1272 432 1328 511 ing

114 560 120 568 ·
149 539 255 606 qnam,
274 522 305 582 in
323 521 433 582 civium
449 520 581 600 aliquem
593 512 819 580 ‘contumeliose
835 519 931 602 palam
948 519 1161 593 insultantem,
1179 517 1320 580 absolve·

148 609 210 670 tis?
236 604 342 683 hunc,
353 606 407 687 qni
421 606 532 686 neque·
543 604 629 678 festi,
641 625 751 684 ⁸neque
769 625 942 677 sacrorum,
966 624 1068 685 neque
1086 603 1183 687 legis,
1201 622 1260 665 nec
1278 603 1320 669 al·

147 693 243 756 terius
259 692 306 754 rei
323 692 414 753 ullius
434 691 584 752 rationem
593 684 703 760 'hahet
721 711 785 749 non
804 689 1064 763 condemnabitis?
1082 710 1147 749 non
1165 688 1198 749 in
1213 708 1251 756 eo
1267 709 1321 751 ea·

136 779 283 862 ‚emplum
301 776 458 839 statuetis?
476 774 596 855 Ecquid
615 773 733 848 dicetis,
751 775 891 840 ludices?
910 774 1021 852 Quam,
1038 768 1167 855 obsecro
1178 793 1252 848 ¹vos,
1267 794 1320 836 ae·

70 887 73 890 ·
98 898 108 935 ¹.
135 862 239 948 :quam
257 859 482 925 excusationem
501 858 634 920 habituri
653 860 806 934 estis,.,aut
819 859 997 929 honestam?
1014 861 1088 919 Eam
1107 850 1236 932 scilicet,
1252 879 1320 920 esse

31 958 39 967 '
121 942 124 946 Α
148 949 336 1033 petulantem
354 960 386 1008 et
402 944 594 1027 improbum?
611 944 689 1004 Nam
706 944 780 1007 haee
798 950 879 1006 certe
892 965 962 1006 vera
976 958 1056 1006 sunt
1073 944 1137 1004 Sed
1154 944 1229 1005 odio
1246 962 1319 1028 pro·-

65 1094 68 1104 ,
148 1035 308 1117 sequendi,
325 1024 558 1104 ludices,'vohis
576 1041 649 1090 sunt
661 1029 763 1111 potius
781 1030 867 1105 tales,
885 1052 976 1112 quam
988 1030 1135 1099 servandi.
1152 1029 1320 1112 Numquia

149 1119 253 1196 dives?
278 1120 320 1180 At
337 1116 414 1177 hanc
431 1116 495 1175 sere
513 1135 632 1176 causam
650 1135 715 1176 esse
729 1115 913 1190 ⁸iniuriarum
931 1115 996 1176 eius
1015 1129 1046 1177 et
1062 1114 1252 1197 petulantiae
1270 1114 1319 1176 ress

147 1203 297 1287 perietis‘
323 1200 564 1281 Quare'oceasio
578 1199 657 1261 “haec
676 1213 707 1262 et
724 1201 868 1275 facultas,
893 1208 1126 1284 propterquam
1143 1200 1187 1260 ita
1204 1199 1319 1262 insole-

148 1290 207 1352 scit
224 1300 255 1349 et
271 1299 437 1372 grassatur,
455 1284 605 1353 adimatur
621 1286 650 1346 ei
667 1285 781 1367 potius,
799 1307 888 1367 quam
905 1299 1031 1368 propter
1049 1287 1176 1348 eandem
1195 1304 1336 1361 conam·-

148 1388 242 1436 vetur.
278 1374 418 1455 Magnam
436 1369 518 1431 enim
543 1370 703 1451 pecuniam
720 1371 752 1431 in
766 1371 908 1433 ‘hominis
934 1370 1116 1431 confidentis
1136 1384 1168 1433 et
1185 1368 1330 1453 improbi»

90 1476 94 1480 “
115 1507 118 1510 «
148 1458 238 1541 maun
254 1455 527 1537 relinquereidem
545 1468 608 1531 est,
626 1477 660 1517 ac
679 1476 783 1517 ensem
800 1455 846 1516 illi
862 1455 1030 1540 porrigere,
1048 1477 1110 1536 qno
1128 1454 1319 1539 iugulemini.

148 1542 232 1620 Quid
249 1553 343 1602 restat
365 1539 478 1624 igitur?
513 1541 556 1599 Ut
573 1562 627 1600 ros
651 1541 715 1603 eius
741 1542 916 1602 miserescat
931 1540 1074 1602 scilieet?
1109 1540 1188 1601 Nam
1206 1540 1319 1605 liliolus

145 1628 293 1701 adducet,
320 1638 351 1686 et
368 1623 600 1698 lamentabitur,
626 1637 781 1687 eteorum
798 1626 939 1707 precibus
957 1640 990 1687 se
1009 1625 1116 1686 donari
1133 1638 1236 1707 peteta
1259 1626 1318 1688 ltoe
1344 1669 1349 1679 ‚

149 1711 231 1793 enim
248 1711 471 1792 estreliquum.
488 1708 585 1790 Atqui
602 1711 700 1772 nostis
714 1711 774 1776 hoc
784 1711 936 1794 prolecto,
954 1711 1007 1793 qui
1024 1711 1150 1795 indigne
1168 1711 1250 1773 malo
1262 1711 1317 1773 alia

126 1861 127 1864 ,
147 1818 210 1880 quo
226 1795 452 1870 conflictantur,
468 1794 519 1857 cui
530 1794 657 1857 ferendo
671 1796 733 1858 sint
744 1798 883 1879 impares,
892 1795 1003 1859 eornm
1015 1797 1133 1859 moveri
1145 1797 1317 1858 misericor·

148 1883 198 1949 dia
209 1893 375 1964 'oporteret
386 1961 389 1967 Ι
400 1878 463 1942 riou
481 1879 628 1954 istorum,
654 1882 708 1962 qui
723 1883 797 1957 daut
814 1895 1056 1968 perpetratorum
1075 1884 1225 1943 sceletum
1242 1900 1317 1964 poe-

147 1958 228 2029 uas.l
239 1967 376 2048 Ecquem
394 1966 445 2027 isti
461 1965 529 2029 iure
546 1979 715 2040 moverent,
734 1967 786 2047 qni
804 1967 915 2041 videat,
932 1967 1032 2049 istum·
1042 1966 1133 2030 huius
1150 1967 1222 2029 filiis
1239 1966 1319 2029 nihil

48 2049 56 2057 “
103 2051 107 2059 “
148 2064 215 2114 esse
233 2048 372 2112 motum?
391 2050 456 2132 'qui
472 2063 594 2132 praeter
611 2052 688 2111 mala
706 2064 822 2112 caetera
841 2052 1003 2128 calamitati
1019 2052 1113 2134 patris
1130 2053 1245 2113 nullam
1263 2053 1318 2112 ad-

65 2133 67 2139 ’
148 2136 248 2198 hiberi
272 2157 361 2218 posse
385 2135 566 2198 medicinam
591 2135 699 2196 sciunt
740 2135 805 2198 Nec
822 2139 904 2200 enim
928 2135 1044 2199 inflicta
1067 2137 1114 2198 illi
1129 2136 1243 2197 mulcta
1261 2149 1321 2210 est,

148 2226 208 2304 qna
225 2221 374 2283 dissoluta
397 2220 555 2303 pristinam
581 2240 761 2302 recuperare
785 2221 963 2305 dignitatern
982 2222 1087 2284 liceat:
1110 2221 1165 2285 sed
1184 2218 1347 2282 ita·sim-'

136 2307 268 2390 ‘pliciter
282 2306 333 2367 'im
356 2320 409 2367 etu
433 2304 606 2381 iracundiae
624 2318 655 2367 et
681 2306 883 2369 contumeliae
901 2307 1052 2369 Midianae
1077 2321 1124 2368 est
1147 2306 1321 2390 ignominia
1345 2336 1351 2347 ⁵

142 2398 277 2465 ,notatus
322 2328 417 2469 guina
436 2412 509 2473 ergo
519 2464 525 2470 ,-
533 2390 675 2450 ferocitas
700 2390 918 2471 comprimetur
941 2405 971 2452 et
987 2393 1146 2476 frangetur
1170 2391 1321 2455 audacia?

14 2496 17 2503 ¹
72 2526 79 2545 ,
147 2476 197 2537 cui
214 2477 337 2538 tandem
356 2497 440 2558 opes,
458 2488 585 2556 propter
602 2496 675 2557 quas
694 2475 755 2557 iste
770 2475 844 2536 haec
862 2476 943 2550 iacit,
962 2477 1149 2559 eripientur,
1163 2472 1320 2561 siquidem

37 2554 46 2564 '⁴
71 2600 72 2607 κ
99 2578 113 2635 g
146 2561 199 2622 isti
215 2574 358 2642 tanquam
383 2560 557 2636 calamitoso
574 2580 631 2619 vos
657 2556 894 2621 misericordiam
913 2561 1078 2622 tribuetis?
1120 2562 1175 2624 Sin
1201 2583 1322 2645 pauper

73 2722 76 2727 Ι
146 2645 271 2725 aliquis,
288 2645 403 2706 scelere
421 2644 507 2704 nullo
526 2643 694 2728 obligatus,
711 2645 744 2704 in
758 2666 895 2712 summas,
909 2646 947 2706 ab
965 2647 1024 2727 isto
1042 2647 1178 2711 miserias
1195 2668 1253 2729 per
1269 2647 1322 2708 in·
1352 2704 1356 2708 .

63 2734 124 2796 ³48
136 2729 255 2793 ¹iuriam
274 2743 320 2791 est
337 2728 613 2804 coniectus‚·huius
625 2729 728 2794 ,vicem
746 2725 822 2790 nihil
839 2730 1032 2795 irascemini?
1054 2731 1156 2794 Absit
1179 2726 1321 2792 Neminie

28 2822 33 2828 “
144 2815 229 2878 'enim
246 2813 452 2883 miserendum
472 2826 534 2887 est,
553 2814 606 2894 qui
622 2814 752 2877 neminis
768 2815 954 2896 miseretura
971 2836 1072 2898 neque
1090 2818 1253 2903 quicquan
1260 2816 1322 2877 ttti

77 2928 79 2935 ·
145 2900 251 2963 veniae
270 2900 413 2974 dandum,
426 2899 619 2980 quiveniam
635 2901 686 2961 dat
701 2900 825 2961 nemini.
839 2900 919 2970 ,Nam
934 2922 993 2986 ego
1012 2903 1191 2983 quidemita
1204 2894 1334 2976 sentio,-

93 3049 102 3068 ,
144 2985 289 3049 mortales
304 3006 409 3047 omnes
421 2986 454 3046 in
467 2985 523 3045 hac
537 2985 688 3058 sententia
704 3006 781 3064 esse,
794 2998 830 3047 ut
843 2983 1027 3062 existiment,
1044 2988 1189 3072 oportere
1203 3008 1319 3049 unum·

14 3071 18 3075 ’
39 3084 43 3093 ·
146 3086 299 3153 quemque
319 3091 355 3131 ex
371 3082 436 3131 tota
454 3068 647 3143 sua'vivendi
667 3065 786 3132 ratione
805 3073 890 3152 quasi
908 3072 1018 3155 stipem
1037 3075 1187 3154 quandam
1204 3073 1245 3135 ad
1260 3073 1319 3143 de-

80 3149 83 3155 ’
138 3152 275 3237 =gendam
292 3155 384 3216 vitam
403 3154 577 3241 colligerer⁸
590 3176 654 3217 non
673 3176 739 3217 eam
756 3158 885 3233 tan'tnrn,
904 3180 993 3241 qnam
1012 3160 1163 3242 eolligunt
1180 3166 1319 3239 ecquam

99 3283 102 3287 .
128 3253 131 3258 ·
146 3239 268 3323 explent
285 3239 388 3321 aliqui,
406 3239 565 3326 sedaliam
583 3241 682 3315 etiam,
701 3243 821 3321 qualem
837 3245 906 3328 'ego
928 3243 973 3306 Ea
990 3264 1068 3325 quae
1085 3245 1152 3305 est?
1169 3242 1318 3323 Aequum

125 3343 194 3384 1me
213 3344 391 3407 comamque
409 3324 631 3409 praebeoerga
657 3347 781 3401 omnes,
807 3351 873 3391 sum
892 3328 1081 3403 misericors,
1106 3328 1262 3391 laeuelieus
1281 3327 1318 3389 in

143 3409 265 3470 multos.
283 3408 398 3487 Omnes
416 3411 505 3474 decet
517 3411 571 3472 tali
585 3410 705 3472 homini
723 3414 828 3474 eadem
845 3427 988 3497 tanquam
1006 3415 1155 3475 tributum
1167 3413 1317 3496 pendere,

137 3492 309 3574 siquando
324 3495 376 3556 rel
394 3495 514 3556 occasio
530 3495 579 3557 vel
596 3497 760 3557 necessitas
779 3498 928 3562 inciderit
945 3499 1036 3561 Alter
1051 3499 1109 3561 iste
1128 3498 1218 3581 quis?
1236 3497 1315 3558 Vio-

145 3574 263 3652 lentus,
278 3580 344 3659 ,qni
361 3593 427 3640 tum
445 3580 575 3642 neminis
600 3581 871 3658 miseretur,‚·tnm
889 3584 1044 3646 neminem
1072 3584 1230 3645 hominem
1246 3601 1315 3643 esse

29 3715 58 3735 ,f
139 3675 238 3809 putat
260 3663 376 3726 Eadem
393 3664 471 3738 hae'c·
484 3665 642 3750 vectigalia
660 3667 711 3728 isti
724 3670 809 3750 apud
825 3669 963 3754 singulos
980 3669 1115 3752 reposita
1132 3682 1200 3733 e'sse
1218 3668 1316 3730 decet

77 3759 79 3764 '
172 3770 193 3808 u
210 3748 315 3832 igitur,
332 3748 386 3830 qui
402 3750 494 3826 talem
512 3751 669 3813 collectam
689 3753 868 3834 expleveris,
885 3755 1054 3838 dignares,
1075 3755 1129 3836 qui
1147 3755 1220 3836 ipse
1231 3764 1322 3815 nunc*

137 3833 272 3903 'eandem
287 3834 424 3915 recipias.
452 3835 596 3915 Arbitror
613 3838 765 3918 equidem,
782 3839 998 3914 Athenienses,
1014 3840 1074 3900 etsi
1090 3852 1249 3923 praeterea
1265 3836 1316 3918 ni·

142 3915 187 3976 hil
205 3920 406 3981 accusandum
429 3919 462 3980 in
479 3921 572 3983 Midia
590 3921 751 3997 haberem,
777 3943 834 3986 nec
852 3944 912 3999 ea,
928 3944 1005 4006 quac
1033 3924 1163 3987 dicenda
1186 3921 1316 3997 re'staut,

63 4010 81 4085 ἠ
142 4002 336 4082 superiorum
354 4003 513 4069 criminum
529 4008 721 4070 atrocitatem
737 4023 929 4091 superarent:
946 4010 1085 4073 iure'voa
1101 4031 1138 4077 ex
1156 4009 1215 4084 his,
1234 4027 1315 4090 quae

97 4168 99 4173 ἲ
143 4085 284 4172 diximus,
301 4108 371 4151 enm
389 4088 643 4159 condemnaturus
662 4107 694 4155 et
710 4095 807 4175 capite
825 4095 911 4157 litem
929 4095 1150 4159 aestimaturos
1173 4094 1248 4160 Nou
1266 4106 1313 4154 ta-
1338 4108 1353 4117 ·

114 4252 117 4257 ¹
139 4190 213 4251 ,men
231 4171 280 4234 hic
297 4173 343 4237 rei
360 4176 429 4236 linis
446 4175 520 4238 suit:
545 4190 646 4258 neque
664 4178 740 4239 milri
757 4179 860 4260 plura,
878 4179 1320 4262 qnae-1subiiciam,*delatura

139 4269 219 4319 suat.
261 4254 389 4351 Tantam
407 4259 464 4336 iste
482 4260 557 4349 milri
574 4263 735 4324 accusandi
758 4262 806 4327 sui
823 4265 941 4347 copiam
958 4262 1174 4347 sappeditarit‘.
1219 4262 1315 4340 Quod
