2722 4754
80 142 203 253 „3'04
248 190 252 203 ·
291 133 341 277 §¹
380 184 383 191 ·
416 140 1053 274 :uiuos-uflnnrsorthio'
1114 172 1117 177 ’
1167 186 1170 191 ’
1233 182 1240 273 j

139 344 328 410 nistrantur?
354 343 451 419 Quia,
475 342 527 422 qui
545 319 618 402 haec
629 322 774 420 'instituta
790 338 881 426 primi
900 345 943 404 sic
963 343 1144 413 ordinarunt
1161 338 1311 426 (quicun-

140 455 200 517 que
217 434 263 492 itti
277 424 409 502 fuerint,
424 427 490 486 'sive
508 428 633 501 heroes,
652 429 715 488 sive
734 426 801 512 dii),
817 451 881 489 non
900 429 1086 489 insultarunt
1102 427 1248 489 fortuitis·
1263 450 1312 488 ca-
1341 455 1346 461 ·

138 521 238 583 sibus:
271 516 333 577 sed·
348 514 520 573 humaniter
536 512 658 596 (quoad
684 514 748 572 eins
778 515 905 599 honeste
935 512 1001 584 fieri
1024 512 1146 598 potuit)
1167 514 1311 574 suhieva-

51 592 60 616 ’
137 618 212 668 runt
229 600 419 662 calamitates.
446 598 542 678 Atqui
560 598 634 657 haec
652 599 753 657 omnia
771 611 831 657 tam
849 600 1000 679 praeclare
1020 614 1050 661 et
1069 613 1174 660 sancte
1192 599 1312 685 consti·
1336 624 1340 629 ’

49 736 51 741 .
138 696 203 752 tuta
221 688 309 747 istius
329 682 639 764 decretifi'scriptorem
654 683 784 742 violasse
803 698 938 757 constat,
975 706 1042 745 cum
1062 685 1094 745 in
1107 680 1151 745 ‘e'o
1171 705 1232 745 nec
1250 706 1312 744 una

51 774 65 811 ’·
137 775 187 837 vel
214 772 338 848 minima
362 769 466 843 talium
480 766 701 839 conditionum
728 769 927 831 contincatur.
958 771 1016 830 -Λε
1043 772 1175 850 primum
1202 783 1317 831 contra*

76 880 78 885 ’
136 880 235 934 unum
253 857 312 917 hoc
330 854 491 926 iudicium,
512 865 548 931 et,
560 864 665 912 eontra
683 852 766 934 leges
785 867 849 916 tum
868 855 1009 936 scriptas,
1028 869 1095 933 tutu¹
1112 855 1176 935 non
1196 856 1313 938 scriptu

51 1009 54 1013 ,
138 944 278 1021 instituta
304 940 458 999 decretum
484 937 543 996 hoc
561 937 673 996 sactum
693 951 745 997 est.
777 937 897 998 Deinde
915 940 1060 1000 iudicium
1080 942 1224 1019 aliudde,
1242 960 1312 1001 cae-

138 1021 379 1101 dibusfortuitis
398 1021 595 1104 pronuntiare
613 1023 754 1097 solitum,
771 1023 847 1082 illud
865 1017 902 1085 ad
920 1025 1102 1101 Palladium,
1121 1028 1260 1109 inquam,
1279 1038 1316 1085 et

138 1117 222 1198 leges
233 1111 284 1171 'ibi
301 1108 437 1190 receptas
464 1106 631 1168 confundit
674 1106 954 1189 Nam'ibi‘quoque
977 1111 1120 1172 usitatum
1133 1131 1135 1135 ’
1147 1125 1193 1172 est
1211 1110 1313 1192 inpri-

53 1244 57 1250 -
104 1232 108 1237 -
138 1202 196 1263 mis
212 1194 380 1264 calumniae
397 1192 624 1264 iusiurandum,
658 1212 729 1251 mox
747 1193 862 1267 oratio,
896 1191 1209 1279 postremo'cognitio
1227 1196 1314 1257 iudi-

140 1278 223 1348 eum:
248 1280 434 1362 quorum-in
456 1277 543 1337 istius
569 1277 692 1335 decreto
717 1278 794 1339 nihil
812 1291 871 1338 est.
915 1280 969 1339 Sin
996 1281 1063 1361 quis
1091 1283 1252 1343 damnatur
1277 1293 1315 1340 et

139 1367 326 1433 commisisse
344 1365 460 1426 sasinus
478 1363 611 1424 videtur:
628 1381 729 1441 neque
748 1377 913 1437 accusator,
931 1386 1031 1445 neque
1050 1367 1213 1447 quisquam
1232 1361 1314 1426 alius

137 1458 171 1517 in
188 1454 393 1517 facinorosum
408 1449 459 1521 ,ius
478 1447 587 1519 habet,
613 1446 672 1505 nisi
689 1447 744 1524 lex.
780 1449 862 1523 Quid
881 1450 975 1531 igitur
991 1451 1040 1510 lex
1056 1450 1144 1514 iubet
1160 1451 1313 1533 fortuitae

53 1569 55 1573 ¹
140 1541 239 1602 caedis
259 1534 449 1615 damnatum!>
471 1532 519 1591 Ad
538 1543 654 1592 eertum
672 1543 791 1613 tempus
810 1546 893 1615 certo
913 1535 1054 1616 quopiam
1072 1535 1313 1597 intervalloalt-

139 1646 205 1699 esse
225 1635 256 1683 et
273 1620 417 1691 exsulare,
435 1619 508 1677 dum
526 1617 656 1695 aliquem
676 1619 838 1697 aperuisti
855 1619 967 1695 familia
986 1622 1131 1682 exorauit:
1148 1634 1217 1682 tum
1235 1641 1312 1682 vero

138 1709 240 1770 redire
259 1705 425 1778 concessit,
443 1715 526 1762 certo
544 1703 676 1781 quodam
692 1703 771 1775 ritu,
790 1723 853 1762 non
870 1705 1017 1779 fortuito,
1035 1719 1087 1766 aut
1103 1719 1229 1768 temere.
1246 1707 1313 1766 Sed

140 1807 173 1856 et
188 1812 254 1853 rem
272 1790 403 1869 divinam
422 1789 538 1859 facere,
565 1800 595 1847 et
613 1786 743 1866 expiari,
768 1801 799 1847 et
817 1788 873 1848 alia
891 1791 1038 1869 quaedam
1057 1791 1165 1851 ordine
1184 1812 1220 1869 ac
1238 1791 1312 1852 dili-

139 1883 249 1964 genter
264 1875 394 1936 sancita-
411 1885 562 1952 praestare
587 1871 756 1937 iussitlex.
798 1873 893 1933 Recte
919 1874 1060 1953 quidem,
1089 1876 1313 1949 Athenienses,

139 1960 342 2026 haecomnia.
384 1958 460 2017 Nam
478 1957 562 2037 qnod
581 1969 611 2016 et
628 1958 730 2016 ierom
752 1972 815 2017 non
832 1958 1069 2043 voluntariarum
1088 1961 1311 2043 minorpoena

140 2069 230 2130 quam
250 2047 287 2105 de
305 2043 454 2102 industria
471 2041 697 2101 commissarum
716 2043 863 2115 sancitur,
881 2043 995 2104 iustum
1013 2058 1074 2105 est:
1092 2047 1226 2127 e't'qnod
1244 2047 1311 2118 dis-

125 2130 269 2211 cedendi
285 2141 419 2210 potestas
435 2128 543 2199 datur,
569 2138 600 2186 ct
618 2126 702 2205 quod·
720 2127 854 2186 exsulare
872 2129 1014 2203 iubetur,
1026 2144 1119 2192 recte
1138 2145 1186 2209 est
1201 2132 1310 2213 provi-

45 2212 48 2219 “
123 2230 222 2280 'sumt
249 2227 281 2274 et
298 2213 388 2293 quod·
399 2212 449 2285 is,
468 2211 522 2291 qui
540 2212 576 2271 ab
596 2210 701 2270 exsilio
712 2230 715 2237 ·
726 2211 821 2284 redit,
834 2256 836 2260 ι
849 2215 986 2293 expiatur
1003 2223 1199 2298 etqpurga'tur
1217 2214 1311 2277 certis

50 2318 55 2322 ·
138 2301 259 2375 ritihus,
279 2311 310 2379 et·
324 2297 424 2357 omnis
439 2297 603 2375 auctoritas
619 2315 712 2376 penes
729 2295 811 2377 leges
829 2311 885 2375 est,
903 2298 992 2359 etiam
1009 2299 1085 2360 haec
1101 2301 1204 2360 omnia
1219 2298 1310 2382 pr'ae-

138 2389 218 2448 cdare
236 2382 401 2444 constituta
418 2394 496 2441 sunt
541 2382 628 2456 Quae
645 2380 702 2441 iste
720 2382 978 2458 universa,'tanta
995 2385 1147 2464 aequitate
1165 2407 1182 2446 a
1200 2386 1310 2467 primis

30 2466 39 2513 .'
136 2468 363 2554 iegislatoribus
382 2467 558 2546 descripta„
572 2466 695 2524 decreto
709 2465 773 2529 isto
791 2464 953 2545 scribendo
971 2469 1111 2552 neglexit
1146 2470 1310 2553 flacci-gi·

116 2570 190 2618 tur
215 2556 277 2615 duo
301 2564 385 2613 tanta
409 2551 533 2611 et‘talia
557 2549 668 2608 iudicia
693 2562 783 2629 atque
805 2551 954 2626 instituta,
980 2554 1039 2612 iam
1063 2554 1134 2613 inde
1159 2555 1197 2616 ab
1222 2556 1341 2615 omni‘

138 2641 285 2702 memoria
303 2649 439 2718 recepta,
466 2648 527 2696 tam
550 2634 745 2714 impudenter
756 2637 944 2697 transsilivit
980 2638 1063 2712 Quin
1088 2653 1208 2720 praeter
1230 2640 1309 2700 haec

62 2794 66 2799 ,
137 2727 264 2799 tertium
282 2723 383 2795 etiam,
401 2722 481 2780 inter
497 2721 571 2779 haec
588 2720 726 2785 omnium·
742 2721 987 2804 augustissimum
1005 2723 1188 2803 manimique
1204 2732 1310 2803 terto·

136 2812 197 2885 ¹ris,
220 2808 333 2889 siquis
351 2799 660 2878 occidissefateatur,
684 2805 716 2864 id
733 2819 835 2865 tamen
859 2808 1127 2892 secundum‘ieges
1147 2811 1256 2871 fecisse
1274 2830 1308 2869 se

100 2932 107 2951 κ
134 2897 232 2956 dicat:
251 2902 298 2953 e'st
315 2902 415 2951 antem
433 2890 503 2960 hoc,
521 2891 558 2949 de
578 2908 639 2969 quo
659 2889 739 2967 dico,
755 2884 941 2972 praetorium
954 2895 991 2952 ad
1003 2893 1210 2974 Delphiniuni.
1226 2895 1307 2956 Nam

134 2968 214 3051 hihi
231 2978 354 3058 quidem
368 2974 531 3048 uidentur,
552 2973 774 3050 Athenienses,
800 2976 847 3050 hi,
873 2977 1072 3057 quiprimum
1090 2979 1195 3041 his'de
1212 2978 1307 3039 rebus

137 3064 204 3129 iura
222 3073 365 3135 sanxere,-
382 3076 453 3140 prae
472 3058 612 3119 omnihus
631 3059 697 3118 aliis
715 3061 774 3120 huc
792 3057 958 3144 spectasse,
983 3071 1085 3123 utru'm
1104 3064 1219 3124 nullam
1233 3085 1306 3124 cae·
1333 3088 1341 3101 ³

137 3149 208 3210 dem
225 3158 291 3207 esse
309 3147 500 3219 licitatus-an
517 3165 590 3204 vero
608 3144 738 3224 aliquam
757 3149 880 3206 caedem
896 3148 994 3206 sace're
1012 3148 1057 3208 fas
1076 3169 1159 3222 esse,
1181 3149 1225 3224 sit
1243 3143 1308 3209 exi·

137 3231 340 3311 stiman'duhn?
366 3227 443 3289 Cum
460 3229 556 3312 igitur
574 3228 723 3302 Orestem,
739 3230 898 3295 interfecta
917 3245 1022 3306 matre,
1040 3233 1132 3312 idque
1150 3234 1232 3294 haud
1250 3253 1324 3307 ne·-

136 3331 277 3402 gantetn,
298 3318 380 3395 ‘deos
406 3315 522 3375 iudices
547 3316 794 3391 nfa'ctumcaedis
820 3317 993 3395 absolutum
1019 3319 1095 3394 esse.
1108 3318 1309 3400 reperissent,

8 3400 11 3407 ’
42 3448 44 3459 .
136 3401 287 3476 statuisse,
306 3394 428 3462 caedem
446 3400 662 3480 aliquam-esse
680 3386 802 3460 ius'tam:
821 3408 877 3462 net
896 3403 1199 3483 enim‘deos.iniuste
1218 3403 1309 3482 quic-

52 3538 115 3680 ⁴20,

136 3494 227 3568 quam
243 3483 502 3568 pronuntiaturos.
530 3482 685 3560 Proinde,
703 3487 772 3566 quia
790 3487 834 3547 sic
852 3496 1028 3562 senserunt,
1045 3489 1105 3548 iam
1124 3488 1257 3549 scribere
1277 3500 1310 3547 et

137 3578 244 3654 aperte
255 3571 384 3653 definire
403 3570 619 3645 instituerunt,
649 3564 758 3650 quibus
778 3573 816 3631 dc
835 3573 930 3632 causis
949 3574 1094 3641 occidere
1104 3575 1220 3635 liceret.
1263 3573 1310 3634 At
1348 3590 1356 3601 ·

136 3657 195 3718 iste
212 3677 335 3738 prorsus
353 3655 436 3725 nihil¹
453 3655 577 3728 demsit,
600 3656 654 3716 sed
672 3657 703 3715 in
720 3657 913 3730 universum,
938 3657 971 3717 si
990 3658 1310 3739 quis,occiderit,‚in-

137 3742 218 3824 quit,
238 3737 472 3813 Charidemum,
489 3741 552 3803 site
571 3742 601 3801 id
619 3742 685 3800 iure
703 3742 764 3816 fiat,
782 3743 845 3802 sive
863 3755 900 3802 ut
916 3743 999 3827 leges
1016 3745 1222 3824 permittunt,
1232 3762 1309 3825 pro-

74 3824 77 3829 ’
122 3825 248 3889 's'erlhit
265 3825 430 3886 Enimvero
449 3837 515 3907 tum
531 3827 684 3899 actiones,
708 3840 774 3886 tum
794 3827 953 3888 orationes
967 3830 1072 3890 omnes
1100 3828 1310 3890 duas‘habeut

134 3910 336 3993 appendices,
360 3933 452 3971 unam
469 3910 561 3985 iuris,
586 3912 709 3972 alteram
728 3911 874 3989 iniuriae:
891 3913 973 3993 ¹quas
992 3914 1083 3974 simul
1102 3917 1208 3976 eadem
1224 3912 1309 3975 actio

55 4031 64 4075 .'
93 4016 102 4021 ·
134 3996 218 4057 nulla
240 4002 343 4077 potest
365 3992 495 4070 habere,
519 4019 576 4056 nec
598 3997 660 4057 ulla
683 3997 756 4056 item
775 3999 879 4059 oratio.
923 3999 999 4058 Nem
1019 3999 1074 4079 qui
1090 4000 1183 4060 sImul
1200 4000 1314 4060 eadem

105 4104 108 4108 ·
136 4082 168 4140 et'
185 4081 262 4140 iusta
282 4095 314 4143 et·
328 4080 442 4142 iniusta
460 4101 526 4141 esse
541 4081 680 4162 queant?
713 4081 766 4141 scd
785 4102 853 4142 cum
872 4084 1015 4144 alterutra
1034 4086 1124 4146 causa
1143 4085 1310 4157 coniuncta

89 4210 110 4221 ..
135 4165 290 4244 quaelibet
307 4167 509 4247 explorantur.¹
542 4168 630 4242 Quae
649 4176 737 4226 causa
755 4167 781 4225 si
798 4168 908 4248 iniqua
921 4183 1079 4250 appareat,
1097 4171 1170 4252 ipsa⁵
1180 4188 1229 4231 res
1247 4171 1310 4229 im-

134 4249 229 4339 proha
247 4251 412 4312 iudicatur:
430 4253 486 4313 sin'
497 4252 591 4326 iusta,
609 4251 690 4312 bona
709 4265 740 4315 et
756 4251 907 4314 honesta:
934 4256 981 4315 Tu
1000 4274 1074 4316 vero
1093 4266 1234 4317 neutram
1253 4278 1308 4337 ap-

74 4326 88 4353 ”
117 4357 119 4362 ¹
134 4333 281 4416 posuisti,
299 4344 368 4398 cu'tu
385 4338 553 4414 scriberes,
567 4337 601 4398 Si
620 4336 688 4417 quis
706 4334 788 4399 hunc
806 4339 967 4401 occiderat
991 4339 1062 4417 sed,
1081 4335 1216 4403 erimine·
1227 4342 1309 4424 ipso',
