2722 4754
33 186 61 200 ,.
103 110 213 253 raas]
259 234 264 242 A
386 124 785 258 exuruosrunurs
819 133 1015 224 orario

88 350 93 359 -
132 309 250 383 tinette,
277 262 467 370 obtineant:-
463 316 617 373 uecesse
615 292 761 374 fortassis
778 328 843 389 est,
865 338 930 377 rem
950 324 1072 379 omnem
1091 318 1155 378 ab
1146 318 1237 379 mitio
1254 341 1300 378 re-

132 396 246 477 petere.
271 395 321 455 Sic
339 396 430 470 enim,
448 388 702 472 Iudicauerunt
715 399 833 460 facilius
852 404 976 477 omnia,
990 425 1069 484 qnae
1087 405 1265 477 dicentur,
1256 429 1300 466 ιιι

132 481 304 567 attigeris,
307 483 338 541 et
355 481 415 553 isti,
433 482 550 561 quales
555 483 696 545 homiues
712 499 801 560 suot,
815 487 891 546 tales
910 510 975 548 esse
992 491 1226 550 ostendentur
1239 488 1300 571 Ap-

103 561 265 646 ¹sparebit
271 566 369 639 enim,
405 584 458 627 e‘os
475 568 535 628 iam
554 570 626 655 elim
653 571 834 651 auspicatos
832 572 964 633 minime
984 575 1083 635 adhuc
1101 598 1117 634 a
1136 574 1199 634 suis
1217 576 1300 645 malis

50 714 55 725 ,
129 651 253 710 art-ihus'
267 651 425 713 recedere:
443 654 549 734 utqui
568 647 750 729 existiment,
771 656 840 756 silai,
859 658 1032 739 quicquid
1023 684 1055 720 ιιι
1073 673 1209 720 mentem
1228 661 1300 720 inci·
1328 680 1350 738 s

133 726 230 807 derit,
247 727 476 816 perficiendum
493 760 567 798 esse.
603 739 759 801 Oramus
750 741 846 824 agitur
862 765 935 816 vos,
959 746 1093 818 ludices,
1116 759 1152 805 ut
1169 759 1299 805 nostram

109 821 304 881 'orationem
327 845 397 884 cum
430 825 642 897 benevolentia
667 839 699 886 et
723 840 838 887 attente
861 829 1015 890 adfinem
1040 853 1139 931 usque
1168 832 1300 891 audiatis

123 906 220 966 Dabo
238 922 339 969 autem
358 922 389 969 ct
407 914 466 990 ego
484 913 626 989 operam,
647 924 790 984 utrem,
807 934 897 1002 quam
914 910 983 973 fieri
1000 917 1160 997 perspicue
1179 917 1307 995 poterit,

23 988 43 1043 ι’
123 1013 186 1053 ros
206 994 357 1054 edoceam
374 995 466 1053 Pueri
485 995 575 1054 huius
593 1008 697 1069 mater,
716 997 858 1083 ludices,
862 1021 930 1059 cum
948 1012 1061 1082 genere
1074 1020 1211 1082 proxuma
1225 1014 1302 1061 esset

133 1077 289 1162 lla'gniae,
307 1078 487 1146 Polemonis
504 1079 621 1153 lilio,
610 1104 642 1140 ιιι
662 1083 798 1164 Hagniae
822 1067 1019 1145 hereditatem
1048 1087 1112 1168 egit
1134 1087 1299 1146 secuudum

49 1165 108 1226 161
133 1166 218 1248 leges
234 1173 364 1240 vestram
391 1187 456 1226 nec
466 1187 590 1251 corum,
617 1167 669 1246 qui
688 1180 752 1226 turn
771 1169 808 1228 dc
828 1189 861 1228 ea
880 1169 1051 1231 hereditate
1066 1171 1299 1242 contenderunt,

132 1274 166 1314 se
184 1248 381 1333 genereessc
381 1251 592 1332 propiorem,
610 1252 686 1310 vel'
676 1274 775 1313 aurare
794 1254 952 1333 quisquam
972 1264 1061 1316 ausus
1080 1256 1154 1316 luit:
1166 1268 1298 1317 consta-
1328 1310 1334 1322 ,

131 1338 196 1403 liat·
193 1336 295 1407 enim
301 1336 396 1395 inter
395 1358 532 1410 omnmes,
555 1337 690 1397 mulieris
715 1360 788 1398 csse·
803 1338 1005 1400 hereditatem
1029 1341 1149 1401 ratione
1176 1342 1298 1421 propin-

87 1446 94 1460 ‘
134 1421 266 1505 quitatis.
284 1421 344 1492 Sed
364 1421 508 1495 Glauctas,
526 1422 622 1487 Exoci
639 1423 730 1497 filius,
742 1437 779 1483 et
799 1424 927 1498 Glauce,
944 1427 1083 1487 frater
1056 1448 1133 1500 ems,
1152 1439 1189 1488 ct
1200 1426 1298 1485 'lheo-

119 1516 302 1592 'pompona
292 1503 447 1567 Macartati
464 1520 565 1588 pater,
584 1532 637 1589 qm
629 1508 714 1582 illis
740 1531 841 1569 earum
865 1514 970 1569 reruni
993 1512 1129 1574 omniurn
1149 1525 1181 1571 et
1198 1524 1298 1571 auctor
1329 1576 1331 1581 ,

133 1608 165 1655 et
183 1594 304 1653 adiutor
319 1591 397 1664 luit,
415 1606 446 1652 ct
464 1594 608 1674 pleraque
625 1593 799 1653 testimonia
818 1594 908 1667 dixit,
925 1611 1093 1669 venerunt,
1116 1596 1192 1655 salso
1210 1609 1296 1655 testa-

132 1692 241 1759 mento
248 1677 448 1778 concinnato
473 1679 573 1752 Quod·
586 1678 709 1758 quidem
727 1691 940 1740 testamentum
958 1703 1028 1741 curn
1047 1681 1131 1741 ab
1104 1703 1146 1742 ers
1167 1681 1295 1740 oblatum

41 1784 45 1793 ·
133 1778 238 1855 essct,
246 1756 417 1828 mvemuan
424 1776 473 1823 est
488 1764 612 1839 salsum
626 1785 739 1842 -neque
757 1764 814 1825 illi
819 1765 1048 1827 succubuerunt
1065 1767 1252 1845 solum,scd
1271 1779 1298 1826 et
1328 1844 1331 1847 ¹

100 1872 109 1925 j
132 1850 201 1913 cum
220 1871 335 1910 summa
344 1838 560 1929 improbitatis
574 1848 720 1935 opinione
740 1871 756 1908 e
774 1849 888 1909 iudicio
907 1842 1054 1912 ahierunt
1084 1840 1296 1931 Theopompus

46 1992 50 2003 ,
92 2002 96 2011 ,
132 1950 245 2021 autem,
263 1935 417 2002 llecartati
435 1947 529 2015 pater,
538 1938 623 2003 ἶ9ιιιιιι
631 1954 784 2015 praesens,
801 1933 1006 2015 proclamante
1023 1955 1194 2018 praecone,
1213 1959 1296 1996 nuru-

134 2023 202 2103 quit
221 2042 310 2104 agere
328 2019 367 2089 in
379 2017 577 2078 hereditatem
596 2019 731 2102 Hagniae
758 2033 810 2080 aut
826 2036 1013 2082 sacramento
1032 2024 1220 2082 contendere
1237 2022 1297 2080 vel-

133 2106 242 2182 let,
218 2128 280 2166 srve
298 2127 429 2186 genere,
455 2104 516 2164 sive
536 2125 572 2163 ex
594 2116 812 2191 testamento,
810 2108 1005 2184 contendere
1030 2121 1219 2177 sacramento
1237 2114 1312 2182 ιιοιιΙ

134 2205 181 2253 est
198 2213 303 2253 ausus:
327 2191 408 2258 sed
400 2211 464 2274 rpse
481 2189 705 2268 pronuntiavit,
723 2180 759 2257 ad
779 2209 811 2249 se
830 2191 911 2259 nulla
930 2193 1049 2252 ratione
1067 2193 1222 2273 pertinere
1240 2193 1297 2251 lla-

133 2278 221 2360 gniae
226 2276 447 2335 hereditatem.
470 2275 568 2361 Quam
588 2295 655 2333 curn
675 2287 784 2334 mater
787 2297 874 2356 puerr
866 2276 993 2350 huius,
1011 2278 1126 2337 iudicio
1144 2277 1230 2341 victis
1249 2278 1297 2336 ad-

130 2361 272 2427 uersariis
286 2360 601 2432 omnibusateuercta
618 2359 663 2419 ita
675 2361 788 2434 nefarii
806 2361 957 2422 luerunt'
947 2363 1034 2463 asti,
1031 2375 1070 2435 ut
1088 2385 1192 2442 neque
1205 2363 1236 2422 in
1255 2364 1297 2424 le,-

130 2450 235 2548 gibus
240 2446 363 2519 vestris,
387 2466 488 2545 neque
506 2444 538 2504 in
556 2444 715 2514 sententiis
733 2444 869 2511 iudicum
887 2449 1142 2549 acquiescendum
1160 2447 1217 2506 sibi
1236 2468 1298 2507 esse

25 2546 30 2551 ”
49 2559 54 2564 ·
132 2532 279 2617 putarint,
295 2533 360 2605 sed,
378 2552 439 2610 quo
458 2530 524 2595 iure
544 2552 601 2610 qua
620 2529 739 2602 iniuria,
751 2531 889 2601 mulieri
891 2540 995 2595 rursus
1015 2534 1131 2614 eripere
1150 2531 1298 2592 heredita-

111 2633 246 2691 ¹tatem,
269 2633 358 2698 quam·
378 2617 412 2677 ei
425 2638 478 2697 vos
498 2615 727 2703 addixeratis,
717 2616 913 2685 restituerint.
949 2620 1070 2697 ltaque,
1089 2617 1298 2678 coniuratione

128 2707 219 2796 lacta,
234 2716 269 2765 et
286 2701 437 2765 loedere)
424 2687 509 2762 mter
523 2722 561 2761 se
576 2701 648 2774 icto,
667 2722 766 2780 eoque
784 2704 869 2782 apud
881 2704 1024 2764 llledc'um
1038 2704 1230 2786 Hagnusium
1250 2704 1298 2762 de·

128 2790 257 2872 pos1t0,‘
264 2789 499 2869 Theopompus,
517 2787 683 2855 Macartati
690 2799 790 2867 pater,
810 2800 841 2846 et
859 2787 996 2860 Glauco,
1006 2794 1052 2853 et
1064 2789 1201 2851 Glaucus
1221 2788 1297 2888 prius

44 2912 99 2939 ιιι
128 2877 241 2949 victus,
259 2874 319 2935 alio
338 2873 470 2952 quodam
487 2871 677 2942 familiarium
692 2885 804 2971 quarto
823 2873 970 2947 adhibito
976 2874 1228 2958 (Eupolemus'
1201 2895 1230 2932 er
1247 2895 1298 2933 no-

133 2968 206 3023 ’Μ
223 2959 344 3042 erat),
339 2957 403 3021 hi
412 2972 536 3020 ¹ortanus
547 2958 751 3017 communiter
774 2942 908 3018 insidiati
932 2959 1067 3021 citarum
1086 2959 1248 3019 mulierem
1265 2959 1298 3019 ad

29 3105 33 3111 .
131 3059 313 3129 praetorem,
332 3045 369 3103 ad
387 3040 647 3123 disceptationem
643 3040 833 3125 Hagnianae
841 3043 1027 3118 hereditatis,
1046 3046 1113 3127 lege
1124 3047 1154 3104 ιι
1148 3045 1208 3116 ιιι,
1227 3064 1298 3142 quae

95 3182 97 3187 .
128 3133 274 3216 inheret,
280 3152 368 3202 eum,
380 3151 440 3207 qur
431 3127 591 3189 adiisset
599 3128 796 3194 hereditatem
815 3141 846 3188 et
863 3142 999 3202 teneret,
1016 3131 1120 3203 citari,
1139 3130 1165 3188 si
1184 3129 1253 3208 quis
1270 3129 1299 3187 iu

134 3201 283 3278 caitdem
279 3235 369 3296 agere
388 3213 486 3274 vellet
522 3213 587 3273 Hos
602 3211 667 3272 ubi
683 3226 842 3315 praetor.
824 3213 859 3275 in
873 3208 1032 3275 iudicium
1040 3173 1145 3288 durii,
1166 3229 1207 3279 et
1216 3234 1300 3274 causa
1342 3274 1345 3279 ,

36 3324 39 3329 ’
66 3360 72 3369 ,
132 3303 251 3384 'agenda
273 3301 345 3361 luit:
380 3311 445 3361 tum
464 3297 573 3359 alia
546 3320 598 3357 ers.
606 3299 730 3366 Uomnia
744 3311 934 3379 praeparata
923 3295 1067 3361 suerunt
1084 3301 1121 3360 ad
1146 3294 1299 3369 iudicium,

131 3400 202 3448 turu
216 3397 341 3466 aquae,
338 3384 388 3444 ad
407 3404 505 3464 quam
516 3383 744 3463 disceptandum
764 3389 843 3454 erat',
867 3385 1038 3465 quadruplo
1057 3385 1125 3466 plus
1143 3384 1233 3451 nohis
1252 3405 1299 3442 ac-

132 3480 306 3572 ceperunt.
303 3472 452 3531 Necesse
472 3467 564 3541 enim,
578 3468 723 3541 ludices,
730 3466 865 3529 habebat
882 3483 1019 3548 praetor,
1037 3469 1213 3550 amphoram
1231 3468 1300 3541 uui
1324 3477 1336 3501 ²

131 3558 253 3637 cuique
270 3563 497 3617 accusatorum
502 3553 686 3624 infundere,
717 3565 826 3617 ettnes
854 3554 944 3627 choas
970 3554 1140 3635 posteriori
1160 3552 1323 3639 orationix

88 3658 91 3671 ·
114 3634 270 3704 1Ριιιίιιιιιι
279 3641 406 3714 fiebat,
411 3653 446 3699 ut
463 3661 538 3722 ego,
556 3637 691 3703 mulieris
710 3639 870 3712 defensor,
888 3661 952 3698 non
966 3641 1063 3700 modo
1083 3640 1120 3698 de
1139 3660 1253 3720 genere
1271 3651 1300 3698 et

62 3764 65 3769 ·
130 3726 274 3799 caeteris,
292 3731 377 3807 q'uae
395 3720 522 3787 dicenda
542 3737 654 3796 erant,
667 3723 823 3787 iudicibus
837 3743 906 3783 meo
933 3724 1077 3792 arbitratu
1098 3746 1221 3785 narrare
1240 3743 1299 3785 non

119 3835 269 3895 possem,
295 3813 349 3871 sed
368 3831 406 3870 nc
426 3810 578 3869 minimam
598 3809 721 3888 quidem
741 3808 986 3883 mendaciorum,
1003 3831 1081 3890 quae
1099 3809 1132 3871 in
1151 3831 1209 3869 nos
1229 3831 1300 3869 con·
1341 3877 1345 3883 .

49 3908 111 3964 162
133 3910 304 3982 gesserant,
330 3909 446 3976 partem
469 3895 616 3967 refutare:
642 3894 777 3973 quintam
797 3893 878 3952 enim
897 3907 1126 3975 aquae-partem
1145 3893 1300 3962 habebam.

15 4032 22 4041 ,
60 3996 62 4001 ’
131 3986 235 4062 Atque
254 3983 284 4042 id
303 3981 463 4041 artificium
482 3980 558 4040 rllud
575 3979 651 4052 furt,
679 3992 730 4039 ut
727 4002 790 4059 rpsr
807 3979 888 4037 mter
904 4001 936 4038 se
956 3980 1164 4053 colluderent,
1183 4001 1218 4039 ac
1237 4003 1302 4040 mu·
1343 4010 1345 4014 ·

133 4082 199 4130 tuas
217 4056 372 4128 traderent
390 4087 515 4147 operas,
522 4065 696 4150 omniaque
723 4065 957 4125 confiterentur.
982 4067 1019 4132 de
1039 4064 1128 4125 nohis
1148 4078 1250 4125 autem
1268 4085 1300 4124 ea

99 4136 285 4226 dicerent,
310 4172 395 4233 quae
415 4150 679 4241 numerandam
693 4162 779 4215 aunt
810 4145 915 4207 Cum
905 4150 1003 4233 agitur
1020 4150 1073 4210 ad
1080 4152 1161 4210 euni
1177 4134 1299 4211 modum

114 4240 258 4300 lttsidla's
275 4232 476 4311 strenuam,
498 4249 536 4296 et
543 4233 717 4303 coniunctis
735 4232 850 4294 virihu'e
874 4256 930 4294 uos
950 4241 1205 4319 oppugnarent,-
1198 4234 1300 4295 discis

128 4312 267 4407 qualitor
282 4338 319 4383 er
336 4316 408 4407 lege
414 4321 547 4406 potitis.
561 4318 706 4439 iudicem.
703 4318 796 4402 quod
813 4319 957 4402 equidem
974 4343 1043 4381 noa
1050 4320 1165 4453 ιιιιιοι,
1181 4318 1300 4409 decepti
