2722 4754
112 253 115 261 ,
148 143 212 254 17o
350 227 357 234 ,
430 187 798 298 DEMOSTHENIS
834 186 1028 300 ORATlO

71 408 76 412 ,
132 343 289 416 ,interitus
295 293 511 408 Phoceusiurn
536 296 731 414 auctoribus?
766 327 917 444 Equidem
939 343 1089 419 arbitror,
1116 328 1244 406 tametsi
1267 366 1323 405 eos

147 433 209 494 suis
227 433 365 492 manibus
383 420 576 515 lapidassent,
594 429 712 497 nullu'm
729 449 761 487 se
775 428 960 488 commisisse
979 430 1133 513 piaculum
1148 443 1322 511 putaturos.

87 544 89 549 ’
146 520 210 593 Qui
227 517 307 577 enim
320 528 408 593 turpe
424 534 487 572 non
502 514 551 586 sit,
569 513 631 572 imo
648 534 725 592 quac
740 513 836 573 maior
848 530 913 573 esse·
927 515 1087 599 turpitudo
1106 528 1208 595 queat,
1228 537 1323 595 quam

124 602 201 674 iis,
228 601 281 680 qui
299 620 355 658 nos
373 612 444 676 ἰιιιιι
457 611 675 659 conservarunt
693 605 724 658 et
740 597 870 657 salutare
888 613 944 679 pro
962 600 1051 660 uobis
1069 596 1251 700 suffragium
1269 613 1322 660 tu-

58 690 61 704 '
145 687 265 758 lerunt,
284 683 433 744 contraria
451 705 506 763 per
523 684 598 742 istos
617 683 776 756 accidisse,
796 695 826 744 et
844 685 1000 765 neglectos
1020 693 1065 745 ess
1069 707 1102 759 e,
1128 687 1165 745 iis
1172 685 1328 766 acceptis

42 767 51 783 ‘¹
89 786 90 789 ’
145 770 252 844 malis,
276 770 374 852 qualia
392 768 470 828 nulli
489 756 677 828 Graecorum
695 769 752 827 alii
763 769 964 848 acceperunt?
1001 770 1104 845 Quis
1096 771 1191 852 igitur
1209 791 1321 836 eorum

143 855 272 916 auctor?
297 855 364 935 quis
384 855 569 934 imposturae
587 854 713 914 artifex?
747 851 863 913 Annon
881 854 958 915 iste?
985 851 1061 914 Cum
1080 869 1199 930 autem,
1217 855 1319 917 Αιίιεέ

145 941 279 1015 nienses,
296 941 418 999 fortuna
436 937 570 1037 Philippi
588 939 691 999 multis
705 939 744 997 sit
756 939 955 1018 praedicanda
973 939 1164 1003 nominibus:
1182 938 1250 1001 tum
1263 961 1318 1001 ve-

139 1048 181 1088 ‘ro
199 1026 260 1086 hoc
283 1015 536 1123 felicissimum
510 1044 537 1084 er
557 1025 700 1124 contigit,
727 1026 827 1122 quod,
850 1025 892 1084 ita
909 1046 957 1084 me
977 1025 1019 1084 dii
1045 1025 1180 1106 deaeque
1208 1046 1317 1087 omnes

143 1124 259 1185 ament,
275 1111 356 1170 baud
375 1108 437 1169 scio
457 1131 494 1168 an
504 1108 581 1168 ulli'
586 1108 750 1192 contigerit
768 1110 879 1182 nostris
897 1110 1094 1210 temporibus.
1126 1107 1206 1171 Nam
1224 1110 1316 1172 urbes

29 1231 32 1254 t
86 1242 89 1250 .
107 1248 111 1263 .
144 1219 267 1280 magnas
285 1195 414 1277 cepisse,
430 1207 461 1254 et
473 1195 581 1254 multas
600 1195 740 1254 nationes
758 1193 927 1294 subegisse,
943 1209 974 1255 et
988 1195 1059 1257 eius
1066 1198 1187 1280 generis
1204 1197 1317 1271 omnia,

67 1340 74 1344 .
143 1281 344 1364 praedicanda
361 1302 433 1339 sane
451 1286 523 1340 sunt
541 1293 573 1339 et
589 1280 746 1360 splendida
769 1278 852 1361 (quis
872 1280 952 1339 enirn
959 1280 1109 1362 neget?)·
1136 1283 1189 1342 sed
1210 1282 1316 1341 eadem

111 1359 116 1367 ’
145 1381 177 1428 et
194 1391 210 1427 a
228 1366 348 1426 multis
358 1366 423 1425 aliis
447 1366 526 1425 facta
548 1364 701 1425 recenseri
727 1377 846 1444 queant
881 1365 966 1425 lllam
993 1367 1177 1445 peculiarem
1197 1379 1316 1427 etcum

144 1452 345 1516 alionemine
365 1451 501 1513 omnium
529 1468 721 1522 communem
739 1449 831 1509 babet
855 1451 1015 1511 fortunam.
1052 1451 1174 1526 Quam?
1211 1452 1317 1526 Quod,

95 1565 99 1570 ·
143 1560 213 1617 cum
232 1537 387 1619 improbos
403 1535 545 1596 homines
564 1537 601 1595 ad
619 1558 687 1597 suas
705 1556 752 1594 res
772 1535 974 1596 conficiendas
992 1537 1179 1615 requireret,
1198 1535 1315 1617 impro-
1339 1554 1345 1561 ·

61 1619 65 1641 ¹
120 1622 377 1706 '.biores‚reperit
394 1644 483 1700 quam
501 1620 760 1721 voluissetQuis.
771 1621 852 1680 enim
870 1622 944 1681 istos
963 1621 1038 1681 tales
1058 1634 1203 1681 essenon
1220 1622 1314 1681 fatea-

72 1747 73 1750 =
108 1764 111 1768 ,
143 1708 215 1768 tur?
234 1707 402 1806 siquidem,
421 1726 497 1786 quae
516 1728 573 1765 uec
591 1706 656 1805 ipse
673 1706 850 1786 Philippus,
869 1728 937 1765 cum
958 1707 1027 1766 eius
1040 1718 1122 1766 tanta
1140 1727 1189 1766 res
1208 1713 1317 1789 agero

144 1806 210 1866 tur,
230 1792 369 1860 ementiri
387 1791 518 1851 audebat
534 1812 591 1851 nec
611 1792 644 1850 iu
661 1790 737 1868 ullas
754 1791 920 1850 inscribere
939 1791 1057 1864 literas
1075 1813 1176 1871 neque
1195 1793 1316 1874 legato-

55 1875 117 1932 231
144 1879 298 1939 rumeins
322 1877 403 1937 ullus
429 1876 520 1951 dixit,
550 1878 586 1936 ad
606 1898 639 1935 ea
657 1876 707 1935 isti
730 1877 829 1943 locata
847 1898 900 1936 sua
925 1878 1016 1956 opera
1040 1896 1093 1936 vos
1119 1878 1316 1956 deceperunt

120 1963 190 2024 Ac
209 1961 375 2052 Antipater
388 1953 511 2042 quidem
531 1976 561 2021 et
578 1962 749 2034 Parmenio,
767 1961 893 2035 dpmino
912 1961 1154 2061 inservientes,'
1138 1983 1270 2043 neque
1262 1962 1320 2022 de-

52 2076 70 2091 ·-
143 2051 260 2129 inceps
268 2047 450 2108 collocuturi
467 2047 641 2121 vobiscum,
659 2060 760 2106 tamen
774 2047 809 2106 id
829 2047 1052 2146 excogitarupt,
1078 2067 1117 2105 ne
1135 2068 1192 2128 per
1210 2055 1243 2107 se'
1261 2067 1322 2107 vos

58 2171 64 2179 «
121 2131 391 2219 Ιιίιιιίιιιιιιιιίιιίε
404 2132 455 2191 isti
472 2153 545 2192 vero
564 2132 769 2205 Athenarum,
796 2128 966 2191 liberrimae
985 2131 1133 2206 civitatis,
1143 2133 1245 2233 ‘legati
1262 2132 1325 2192 de·-

144 2220 217 2286 l'ecti
236 2239 307 2291 vos,
333 2238 409 2297 quos
428 2217 564 2278 obvios
554 2218 685 2290 intueri,
693 2239 772 2276 cum
786 2217 912 2303 quibus
920 2216 1150 2276 familiariter
1122 2239 1226 2278 vivere
1243 2217 1322 2276 reli-

137 2326 207 2385 quo
227 2304 305 2364 vitae
323 2307 461 2383 tempore
480 2322 604 2362 necesse
623 2302 745 2373 habent,
764 2314 795 2360 et
812 2303 898 2387 apud
911 2323 988 2382 quos
1005 2303 1155 2363 rationem
1175 2292 1323 2365 actorum

114 2458 117 2462 ,
143 2389 295 2450 reddituri
314 2401 408 2460 erant,
426 2409 497 2460 vos,
514 2388 654 2468 inquam,
675 2386 814 2466 decipere
832 2408 895 2446 non
914 2386 1098 2447 dubitarunt.
1133 2389 1207 2470 Quo
1225 2400 1319 2468 pacto

144 2474 284 2534 homines
297 2474 359 2532 ulli
377 2473 577 2556 improbiores
596 2486 648 2532 aut
665 2470 888 2554 profligatiores
908 2494 972 2536 esse
992 2472 1125 2552 queant?
1152 2475 1195 2531 Ut
1213 2480 1325 2538 autem„

78 2592 83 2599 ſs
143 2560 274 2636 sciatis,
280 2580 349 2618 eum
367 2581 383 2617 a
401 2558 487 2618 vobis
507 2558 578 2617 diris
599 2560 688 2619 etiam
699 2558 973 2638 imprecationibus
993 2578 1058 2618 esse
1077 2557 1267 2639 obligatum,
1283 2570 1315 2632 et

144 2645 228 2704 nefas
247 2665 312 2704 esse
331 2644 417 2704 vobis
437 2655 468 2703 et
485 2643 667 2726 impium,
645 2643 726 2705 talia
733 2642 895 2703 mentitum
913 2625 1089 2702 absolvere:
1106 2642 1203 2703 recita
1221 2642 1311 2703 devo-

77 2738 82 2744 “
143 2729 270 2804 tionem,
289 2742 320 2790 et
337 2729 416 2810 lege,
435 2749 500 2792 cam
519 2749 602 2820 cape,
621 2749 698 2810 quae
716 2727 772 2788 bac
790 2729 873 2809 lege
868 2724 1058 2789 continetur.
1183 2734 1191 2740 '

599 2882 863 2927 DEVOTIO.

123 2989 138 3072 .'
213 2985 313 3045 'Haec
330 3006 387 3066 pro
401 2984 511 3059 vobis,
536 2974 757 3060 Athenienses,
781 2986 814 3046 in
832 2984 959 3069 singulis
985 2988 1186 3049 concionibus
1204 3007 1311 3068 praeco

115 3066 122 3072 ”
143 3082 213 3132 vota
232 3070 303 3130 facit
321 3071 458 3139 mandata
477 3070 611 3154 legibus,
625 3085 665 3146 et,
683 3095 752 3131 cum
770 3085 891 3132 senatus
911 3071 1058 3148 consedit,
1077 3075 1156 3155 apud
1177 3093 1248 3133 eum
1264 3093 1310 3132 re-

133 3155 228 3254 petit.
263 3155 398 3234 Neque
389 3170 447 3216 rste
465 3176 497 3217 se
516 3156 623 3215 baec
615 3163 755 3239 ignorare
782 3171 884 3237 potest
902 3157 1035 3219 dicere:
1035 3161 1120 3218 dum
1139 3158 1222 3218 enim
1240 3157 1311 3217 scri-

76 3256 80 3264 *
143 3239 243 3321 ptioni
261 3241 343 3340 apud
358 3261 412 3301 vos
431 3243 515 3302 daret
533 3263 655 3342 operam
670 3257 700 3302 et
714 3242 832 3302 senatui
848 3242 1019 3318 inserviret,
1038 3245 1102 3324 ipse
1116 3243 1218 3326 legem
1236 3242 1312 3302 banc

142 3325 287 3412 praeconi
306 3327 469 3387 enarrabat.
504 3327 645 3387 Annon
635 3329 730 3410 agitur
746 3327 910 3387 absurdum
929 3330 1071 3430 quiddam
1091 3341 1122 3388 et
1129 3349 1241 3393 rerum
1257 3349 1311 3387 ua-

142 3422 229 3470 turae
248 3411 433 3474 contrarium
450 3413 608 3486 faceretis,
627 3415 674 3486 si,
682 3435 758 3493 quae
777 3414 971 3485 mandatiss
962 3437 1024 3474 imo
1043 3435 1120 3494 quae
1139 3412 1259 3494 petitis,
1277 3424 1313 3472 ut

33 3527 35 3531 ,
82 3560 87 3577 ι,
143 3495 185 3567 dii
203 3508 331 3558 vestram
349 3496 446 3556 vicem
473 3509 692 3578 exsequantur,
718 3521 770 3570 ea,
796 3520 865 3558 cum
883 3458 1027 3559 hodiem
1050 3510 1202 3579 vestrapte
1222 3519 1312 3557 manu

141 3580 212 3652 sint,
232 3601 293 3640 uon
311 3580 441 3642 facietis:
467 3585 545 3657 sed,
566 3604 661 3684 quem·
674 3584 711 3643 ab
729 3584 789 3643 illis
808 3584 885 3643 male
903 3585 991 3664 perdi
1010 3585 1136 3665 optatis,
1163 3584 1263 3663 ipsum
1282 3594 1314 3642 et

118 3744 123 3750 ι
141 3687 238 3748 genus
258 3679 289 3732 et
305 3666 495 3727 familiam
469 3689 544 3742 erus,
564 3690 633 3728 eum
653 3669 710 3749 ipsr
701 3669 910 3729 absolvetis?
936 3669 1143 3750 Nequaquam.
1162 3666 1242 3728 Nam
1260 3666 1313 3746 qui

140 3772 195 3820 vos
214 3749 372 3826 fefellerit,
400 3774 469 3812 eum
489 3754 545 3813 diis
564 3755 754 3857 puniendum
771 3754 953 3833 relinquite.
980 3773 1070 3834 quem
1088 3775 1162 3814 vcro
1181 3751 1242 3834 ipsr
1232 3751 1313 3812 '-de
1318 3827 1321 3831 .

120 3836 374 3918 *prehenderitiq
393 3838 430 3898 de
449 3859 486 3897 eo
502 3838 609 3913 nibil
593 3861 660 3898 ram
678 3835 736 3900 illis
756 3840 937 3899 mandatote.
962 3840 1009 3900 Eo
1028 3852 1134 3900 autem
1147 3836 1313 3918 impuden-
1316 3888 1345 3913 .,

73 3945 94 3999 '.
139 3921 200 3983 tiae
218 3935 250 3983 et
266 3921 408 3982 audaciae
435 3931 611 3984 venturum
613 3939 685 3985 'eum
712 3946 777 3986 esse
795 3925 905 3996 audio,
930 3938 983 3999 ut,
1007 3925 1149 3985 omnibus
1168 3922 1245 3983 actis
1264 3941 1314 3982 ce-

72 4063 80 4069 ,
140 4007 232 4081 dens,
251 4027 328 4088 quae
341 4006 549 4083 renuntiavit,
576 4017 652 4089 qdae
670 4010 824 4092 pollicitus
844 4021 905 4082 est,
923 4031 979 4091 per
997 4031 1074 4096 quae
1090 4008 1329 4090 rempublicam

109 4091 279 4173 ,decepit,
306 4105 448 4192 tanquam
472 4094 553 4194 apud
570 4095 667 4155 alios
666 4094 829 4194 qpospiam
856 4093 1002 4157 iudicium
1028 4107 1222 4169 exerceatur,
1249 4096 1331 4153 riou*

48 4189 50 4193 '
109 4165 219 4258 'apud
238 4198 308 4252 vos,
321 4178 378 4258 qui
397 4179 498 4251 omnia
516 4180 630 4254 nostis,
658 4179 789 4280 primum
805 4180 1079 4254 Lacedaemonios,
1098 4180 1211 4244 deinde
1230 4158 1315 4237 Pbo-

88 4269 92 4280 ’
141 4283 264 4338 censes,
283 4264 414 4345 denique
433 4263 642 4347 Hegesippum
660 4265 700 4324 sit
717 4279 918 4326 accusaturus.
944 4284 1021 4344 quae
1039 4266 1164 4345 quidem
1182 4262 1316 4324 ridicula

140 4361 228 4425 sunt,
253 4351 299 4412 vel
325 4371 459 4411 sumnue
477 4348 584 4430 potius
606 4348 820 4432 impudentiae.
850 4353 942 4428 Quae
961 4351 1044 4415 erim
1059 4372 1144 4411 nunc
1172 4348 1258 4411 dicet
1268 4345 1328 4409 de
