2722 4754
40 157 42 167 ·
123 139 185 199 rso
254 116 255 121 '
443 203 446 212 ,
525 136 946 224 ιιιιιιοιιιιιιιιιικ

121 284 214 347 rebus
232 307 287 350 vos
304 283 478 379 decipiunt,
505 311 636 391 suasque
655 287 860 373 cupiditates
852 312 948 373 per
924 291 1083 361 iniuriam
1086 277 1225 370 explent,
1252 309 1299 368 eo=

123 390 156 434 se
166 393 294 453 poenas
316 375 427 448 mereri
451 374 604 475 graviores
627 390 762 466 censent
788 378 898 437 Nemo.
911 388 1012 444 autem
1035 375 1151 439 amicus
1176 373 1205 432 ei
1228 388 1289 433 esse

82 511 86 517 .
123 468 242 537 potest,
268 479 365 537 aquo
388 459 501 520 malum
526 458 651 542 aliquod
676 475 837 544 exspectat
866 461 969 542 Atque
995 447 1148 537 accusatio
1166 457 1287 518 fortasse

124 561 187 600 non
202 555 247 602 est
260 542 352 605 huius
366 544 529 646 temporis:¹
543 568 620 626 quae
634 567 707 608 vero
722 547 810 610 vobis
824 527 1014 630 profutura
998 558 1091 628 puto,
1102 565 1138 604 ea
1153 541 1288 605 suadebo

527 703 890 721 nn-—o-——a--a--A-A-A-

124 806 313 912 Neminem,
338 836 562 916 Athenienses,
590 840 727 900 omnium
750 851 886 903 vestrum
912 838 954 899 ita
978 837 1092 928 opinor
1115 837 1290 898 malevolum

128 943 194 984 esse
216 923 419 1004 reipublicae,
442 938 480 984 ut
503 946 567 986 non
585 925 718 1008 graviter
733 927 924 1004 molesteque
941 920 1027 1004 ferat
1037 944 1089 997 ea,
1118 943 1197 1003 quae
1220 922 1311 980 facta.

127 1021 216 1072 sunta
240 1009 362 1083 Quodsi
379 1009 553 1089 quiritando
571 1012 733 1092 quicquam
752 1012 861 1072 borum
879 1010 1025 1071 infectum
1043 1009 1112 1069 fieri
1130 1014 1249 1088 posset.
1249 1002 1290 1064 id

128 1090 203 1181 ege
201 1093 299 1153 vobis
323 1094 466 1154 omnibus
491 1097 658 1155 suaderem
700 1096 760 1156 Sed
786 1095 857 1176 quia
882 1095 933 1153 illa
957 1094 1081 1154 mutari
1077 1092 1181 1154 nullo
1206 1090 1290 1149 modo

126 1190 274 1259 possunt,
298 1180 352 1238 sed
375 1180 493 1259 reliqua
517 1181 704 1260 providenda
729 1192 825 1253 sunt,
841 1193 940 1239 utne
965 1180 997 1237 in
1015 1179 1160 1239 eandem
1162 1175 1291 1234 fraudem

52 1275 55 1279 ’
126 1263 285 1322 incidatis:
321 1263 593 1343 quemadmodum,
620 1266 840 1337 Athenienses,
866 1263 906 1323 ob
934 1285 984 1337 ea,
1010 1283 1088 1343 quae
1114 1283 1199 1322 nunc
1223 1259 1292 1319 facta

128 1359 218 1421 sunt,
235 1347 502 1430 indignamini,
477 1372 521 1410 stc
539 1368 631 1432 opera
649 1350 746 1411 danda
764 1364 827 1422 est,
845 1370 885 1408 ne
904 1350 1007 1409 eadem
1027 1349 1131 1411 denuo
1150 1344 1293 1417 eveniant,

128 1454 187 1493 nec
205 1432 455 1509 existimandum,
486 1435 583 1496 ullum
602 1456 756 1496 suasorem
773 1434 885 1495 talibus
902 1433 1002 1496 verbis
1021 1453 1088 1493 esse
1107 1433 1294 1500 instructum,

130 1518 183 1598 qni
213 1517 435 1599 rempublicam.
463 1520 544 1579 tueri
573 1521 693 1601 possit,
735 1520 876 1580 nemine
890 1531 1024 1578 vestrum
1056 1539 1144 1577 suam
1179 1534 1294 1595 operam

65 1656 67 1683 ,
129 1604 325 1669 conserente:
359 1625 429 1663 uam
462 1603 488 1663 is
521 1605 645 1683 quidem
674 1626 738 1665 ιιοιι
771 1616 890 1678 orator,
925 1605 979 1663 sed
1013 1604 1088 1663 deus
1119 1600 1222 1662 fuerit
1254 1597 1296 1657 Ac

127 1688 199 1760 fons
223 1688 333 1771 borum
358 1689 506 1751 malorum
524 1689 596 1749 hinc
614 1689 727 1764 oritur,
760 1691 843 1770 quod
861 1701 1016 1756 oratorum
1036 1687 1161 1766 quidam
1180 1685 1218 1744 ad
1235 1704 1296 1764 gra-
1334 1758 1336 1763 ⁴

128 1773 201 1834 tiam
231 1757 345 1854 pusillo
372 1787 511 1865 tempore
537 1775 710 1840 duraturadr
736 1774 785 1834 hic
812 1773 1052 1846 concionantur,
1088 1793 1159 1831 cum
1189 1768 1298 1840 dicunt,

130 1880 232 1938 neque
262 1856 377 1918 tributa
409 1849 609 1934 conferenda,
643 1880 745 1939 neque
775 1858 966 1918 militandum
999 1877 1085 1929 esse,
1120 1855 1176 1915 sed
1204 1853 1297 1912 omnia

130 1966 185 2005 sua
209 1955 326 2024 sponte
346 1932 519 2006 confectum
542 1943 591 2008 iri.
619 1945 660 2005 Et
676 1945 751 2004 haec
775 1943 812 2005 ab
837 1943 897 2002 alio
921 1942 1024 2023 aliquo
1049 1937 1196 2022 redargui
1214 1958 1297 2019 opor-

131 2028 231 2105 tebat,
259 2029 353 2108 idque
380 2049 414 2088 ea
439 2029 558 2090 ratione
571 2028 667 2103 fieri,
695 2049 773 2109 quae
799 2039 879 2088 esset
904 2047 920 2085 e
945 2025 1111 2107 republica.
1144 2023 1225 2082 Mihi
1249 2045 1297 2082 au-

131 2125 195 2173 tem
221 2113 343 2173 videtur
364 2115 487 2174 fortuna
512 2135 595 2174 nunc
620 2115 710 2176 etiam
756 2112 963 2174 uodammodo
989 2110 1100 2169 melius
1129 2109 1240 2169 mereri
1263 2108 1297 2166 de

63 2208 70 2278 ᾗ
132 2198 232 2270 n‘obis,
251 2210 340 2278 quam
357 2198 556 2280 magistratus.
575 2199 651 2258 Nam
671 2137 755 2279 quod
774 2183 956 2258 omniafere
973 2194 1168 2276 percunt,id
1188 2214 1298 2265 eornm,

133 2278 244 2362 quibus
263 2281 385 2367 negotia
404 2282 542 2342 mandata
558 2295 638 2357 sunt,
655 2282 814 2343 socordiae
832 2294 863 2341 et
877 2280 1123 2362 improbitatis
1098 2300 1247 2361 signum
1239 2296 1300 2336 esse

28 2429 35 2433 ,
133 2366 240 2447 debet:
269 2352 353 2446 quod
370 2386 443 2425 vero
461 2387 525 2426 non
543 2366 616 2427 olim
635 2368 736 2427 omnia
754 2367 941 2448 perierunt,
950 2379 1068 2425 vestrae
1087 2364 1229 2424 fortunae
1248 2362 1296 2421 be-

33 2474 56 2521 ss
132 2451 275 2511 aeficium
296 2450 438 2531 equidem
457 2454 523 2511 esse
540 2451 651 2523 iudico.
676 2454 766 2512 Dum
787 2451 882 2534 igitur
897 2444 1020 2510 fortuna
1040 2462 1138 2510 cessat
1157 2462 1188 2509 et
1205 2447 1299 2507 inimi-

39 2598 45 2607 ,
77 2581 82 2591 .
134 2557 187 2596 cos
205 2535 340 2595 extollit:
356 2536 543 2614 reliquarum
560 2552 662 2618 rerum
681 2550 782 2597 curam
797 2535 951 2614 suscipite
963 2536 1064 2608 Quod
1084 2534 1145 2594 nisa
1135 2532 1299 2605 feceritis,
1329 2553 1334 2569 ·

133 2620 312 2701 providete,
329 2642 369 2679 ue
386 2641 441 2679 vos
459 2620 550 2680 simul
568 2615 599 2680 et
617 2640 722 2681 omnes
736 2622 930 2704 magistratus
948 2619 1114 2693 accusetis,
1140 2632 1172 2678 et
1188 2639 1235 2677 res
1252 2638 1298 2676 re-

134 2709 231 2779 strae,
259 2727 277 2764 ο
295 2704 519 2780 Athenienses,
543 2705 737 2766 inclinentur.
772 2707 844 2766 Nee
860 2705 942 2765 enim
960 2703 1027 2763 fieri
1052 2716 1177 2784 potest,
1201 2714 1236 2761 ut
1253 2720 1299 2760 eae

135 2790 203 2850 sine
219 2810 327 2872 magua
345 2790 456 2871 aliqua
462 2791 548 2852 'clade
567 2781 749 2904 consistant,
767 2812 835 2850 cum
851 2810 944 2850 nemo
961 2789 1018 2862 sit,
1035 2788 1089 2868 qui
1109 2807 1159 2848 eas
1178 2800 1299 2850 tueatur.

54 3090 114 3149 429
136 3049 229 3145 Nihil
248 3084 371 3144 absurdi
390 3085 684 3161 est„Athenienses,
703 3108 773 3160 eos,
792 3082 844 3165 qui
863 3104 983 3165 semper
1000 3097 1031 3145 et
1049 3078 1172 3145 assidue
1190 3067 1299 3142 suasiu

134 3169 291 3253 republica
314 3169 449 3242 rationes
474 3172 510 3230 ad
528 3193 694 3250 paucorum
713 3171 901 3230 dominatum
922 3171 1075 3242 referunt,
1099 3170 1136 3228 in
1164 3189 1201 3229 eo
1226 3188 1300 3225 nune

137 3257 228 3318 etiam
253 3274 318 3313 esse
344 3255 545 3355 deprehendi:
571 3258 624 3316 sed
649 3256 727 3317 illud
751 3256 852 3336 potius
876 3255 943 3314 iure
962 3254 1112 3335 quispiam
1133 3253 1301 3324 demiretur,

137 3363 214 3413 vos,
243 3338 349 3418 quiea
367 3340 486 3414 acietis,
519 3361 609 3423 saepe
627 3340 774 3402 libentius
792 3341 851 3400 illis
870 3340 1057 3412 auscultare,
1091 3360 1190 3418 quam
1202 3337 1301 3396 vestris

138 3424 365 3489 defensoribus.
400 3425 467 3485 Etsi
496 3438 596 3489 autem
624 3426 783 3500 fortassis,
811 3439 846 3485 ut
875 3424 1014 3504 privatim
1044 3424 1135 3483 facile
1168 3442 1233 3482 non
1263 3433 1304 3480 est

139 3511 241 3588 omnia
263 3522 357 3569 recte
371 3530 488 3592 agere,
511 3510 571 3570 sic
568 3531 689 3591 neque
704 3511 841 3591 publice:
877 3529 941 3568 non
967 3521 1071 3569 tamen
1094 3507 1221 3567 maximi
1244 3526 1305 3565 mo-

137 3595 234 3658 menti
252 3593 376 3676 negotia
394 3602 466 3654 sunt
483 3594 674 3677 negligenda.
697 3596 780 3659 Sunt
796 3607 898 3659 autern
916 3582 1034 3655 caetera
1051 3592 1174 3652 minora
1193 3591 1306 3652 omnia·

138 3703 207 3742 cunr
225 3699 298 3741 vero
318 3679 358 3743 de
374 3691 454 3739 statu
472 3679 619 3752 civitatis,
645 3682 682 3739 de
705 3679 899 3754 caedibus,
893 3679 931 3737 de
948 3676 1141 3758 reipublicae
1148 3676 1307 3758 popularis
1335 3691 1340 3704 ¹

138 3765 297 3827 eversione
326 3764 551 3832 declamitantes
583 3765 731 3844 quosdam
763 3764 904 3838 auditis,
929 3762 1015 3846 quis
1024 3782 1079 3827 tos
1112 3776 1179 3822 ιιοιι
1211 3776 1308 3836 mente

139 3863 243 3932 captos
269 3847 452 3910 arbitretur?
478 3849 553 3908 Nam
577 3849 689 3909 caeteri
713 3850 843 3927 quidem
860 3842 1002 3906 mortales
1029 3866 1158 3919 omnes,
1183 3833 1309 3919 aliorum

139 3933 283 4014 exemplis
301 3932 466 4005 admoniti,
490 3932 639 3994 cautiores
657 3935 752 3993 fiunt:
777 3955 831 3995 vos
850 3945 969 4004 autem,
994 3931 1106 3996 auditis
1127 3930 1221 3991 etiarn
1240 3931 1311 3997 alio-

138 4040 207 4077 rum
225 4018 359 4090 casibus,
383 4015 545 4078 formidare
563 4040 627 4079 non
645 4018 795 4098 potestis,
813 4019 882 4091 sed,
907 4036 984 4094 quae
1002 4015 1146 4095 privatim
1164 4016 1312 4076 stultitiae

140 4205 198 4245 nec
215 4187 274 4246 nisi
291 4152 417 4266 accepto
435 4187 514 4246 malo
532 4188 599 4291 fore
616 4189 838 4269 prudentiores
