2722 4754
333 163 342 185 ‘
430 296 432 300 Α
483 210 585 273 -ns
618 209 755 274 rhun.
1188 219 1229 275 29
1280 232 1284 237 ·

82 375 199 457 tidego,
209 380 373 442 testantur,
388 381 455 430 tum
463 366 578 443 habitas
593 366 746 427 orationes
762 367 856 429 fuisse
870 388 954 430 veras
968 380 1000 429 et
1013 382 1122 444 rectas,
1134 369 1228 452 ipsas-

83 478 182 546 queres
193 455 287 516 fnisse
307 454 395 528 tales,
418 455 520 535 quales
538 473 596 535 ego
608 474 657 512 eas
672 474 738 513 esse
756 454 996 534 pronunciaram.
1013 455 1151 516 Tertium
1173 468 1228 530 est,

84 542 273 614 Athenienses,
290 537 400 622 (unico
414 552 515 601 autem
528 539 588 598 hoc
604 538 697 612 dicto,
715 539 753 598 de
765 538 829 618 ipsa
842 560 877 599 re
892 531 983 600 verba
997 539 1118 626 faciam)
1133 563 1228 622 quum
1246 545 1286 600 39

85 655 130 696 uos
139 627 231 711 legati,
249 636 357 684 exacto
372 624 410 683 de
424 645 497 704 pace
515 620 722 698 iureiurando,
738 624 932 698 redissemus,
942 638 983 705 '9¹
997 626 1120 705 quidam
1137 626 1228 706 pollis
1279 664 1282 669 ·

89 727 216 784 ematur,
233 710 302 780 sore
316 710 356 768 ¹ut
372 709 523 790 Thespiae
540 723 572 770 et
588 708 725 769 Plataeae
744 709 998 770 instaurarentur:
1016 724 1052 772 ut
1069 707 1228 793 Philippui
1284 716 1294 731 ’

92 806 249 869 Phocenses,
268 794 296 854 si
314 814 366 854 eos
385 794 417 853 in
435 806 617 875 potestatem
633 795 817 877 redegisset,
836 794 1050 869 conservaret,
1063 795 1227 878 Thebaqo-

92 910 139 952 nn
152 894 245 944 autem
262 879 372 938 urbem
391 879 564 959 dissiparet-2
583 880 657 960 quin
676 893 707 939 et
724 880 862 961 Oropum
880 892 1014 960 vestrum
1031 881 1178 956 futurum,
1197 896 1229 943 et

88 971 216 1034 Euboeam
234 984 292 1046 pru
308 963 489 1045 Amphipoli
500 976 566 1024 ¹r'us
583 978 777 1046 recepturos:
803 961 871 1026 cum
890 964 1023 1046 denique
1040 965 1142 1046 plures
1162 967 1228 1027 eius

86 1053 183 1142 pneris
206 1071 273 1131 spes
288 1048 532 1130 'et-,imposturae
548 1050 757 1124 iactarentur,
780 1050 895 1130 ,quibus
912 1064 975 1111 vos
983 1050 1114 1125 inducti
1127 1072 1228 1133 neque

85 1140 193 1210 utiliter,
217 1154 324 1214 neque·
338 1134 516 1213 aequitatis,
541 1156 642 1216 neque
661 1136 815 1218 dignitatis
840 1130 958 1196 vestrae
982 1136 1082 1195 habita
1099 1138 1229 1213 ratione,
1281 1176 1283 1181 -
1327 1194 1329 1199 .

84 1228 233 1287 Phocenses
250 1219 442 1279 deseruistis:
465 1219 556 1292 haec,
571 1220 710 1300 inquam,
729 1243 797 1280 eum
814 1221 939 1296 tierent,
957 1220 1113 1302 apparebit
1129 1242 1178 1282 me
1195 1221 1229 1282 in

84 1312 176 1371 horum
189 1304 272 1366 nullo
292 1304 340 1363 vel
358 1303 502 1364 struxisse
519 1305 671 1378 fraudem,
682 1307 737 1365 uel
756 1306 959 1366 dissimulasse
977 1306 1052 1386 quid
1068 1306 1228 1368 hentirena:

82 1398 129 1458 sed
139 1389 310 1476 praedixisse
326 1389 414 1451 vobis
432 1388 539 1472 (idque
553 1390 742 1451 hauddubie
757 1389 960 1473 meministis),
978 1412 1026 1450 me
1040 1388 1111 1452 talia
1126 1411 1228 1472 neque

75 1482 154 1561 scire,
168 1496 264 1556 neque
279 1488 450 1555 expectare:
468 1475 521 1535 sed
535 1474 715 1549 existimare,
733 1497 827 1559 nugas
841 1472 930 1560 agere
946 1498 1025 1550 eum,
1043 1474 1229 1558 quicumque

80 1565 139 1625 talia
153 1561 368 1644 profiteretur*
393 1561 475 1620 llaec
493 1561 588 1643 igitur
605 1561 723 1634 omnia,
740 1550 827 1641 lquad
845 1583 894 1622 me
912 1561 1025 1622 rectius
1041 1583 1134 1641 quam
1152 1562 1229 1623 alies

79 1647 241 1733 praevidisse
258 1657 396 1727 constat,
424 1666 631 1725 nequaquam,
648 1645 872 1730 Athenienses,
889 1645 1036 1730 singulari
1053 1667 1136 1708 meae
1155 1668 1228 1730 pru-

79 1733 182 1795 dentiae
199 1729 380 1793 adscribam:
393 1751 499 1811 ·neque
518 1743 694 1815 arroganter
710 1732 909 1812 praedicabo,
920 1745 973 1792 aut
985 1731 1026 1793 oh
1045 1730 1126 1791 aliud
1142 1731 1228 1813 quic-

77 1841 152 1900 quam
168 1835 217 1878 me
235 1815 408 1897 intelligere
428 1829 459 1875 et
474 1816 646 1899 praesagire
671 1817 858 1896 profitebor,
870 1884 873 1891 ,
885 1816 945 1879 nisi
963 1816 1003 1875 oh
1022 1816 1095 1875 duas
1115 1838 1228 1889 causas,
1281 1882 1293 1901 x

79 1926 138 1985 quas
149 1901 235 1963 vobis
250 1921 404 1981 exponam:
423 1903 490 1960 Una'
505 1903 559 1975 ast,
573 1901 788 1974 Athenienses,
803 1902 948 1975 Fortuna,
967 1920 1059 1981 quant
1071 1921 1129 1983 ege
1143 1900 1229 1960 omni
1274 1927 1277 1933 Δ

76 1987 331 2069 humano-ingenio
349 1999 379 2045 et
388 1987 553 2066 sapientiae
568 1987 715 2066 imperare
730 1987 835 2048 video:
849 1987 951 2060 altera,
966 1987 1049 2066 quod
1066 1987 1158 2068 gratis
1172 1981 1228 2045 ne-

74 2075 144 2158 gotia
166 2072 269 2133 iudico
297 2083 328 2130 et
352 2072 529 2132 considero:
554 2092 655 2153 neque
670 2068 960 2152 ¹quisquam‘ullum
987 2071 1228 2131 emolumentum

73 2157 195 2241 prolerre
210 2168 323 2238 potest,
342 2157 498 2238 quod-ego
515 2157 562 2231 ¹rel
576 2157 753 2239 ingerenda
769 2157 934 2237 republica,
952 2157 999 2242 vel
1015 2156 1143 2223 dicenda
1154 2153 1227 2216 ‘sen-

73 2244 156 2305 tentia
169 2255 304 2323 spectare
315 2239 441 2301 stileam.
459 2244 552 2301 llecta
565 2242 659 2325 igitur
674 2243 789 2302 bonum
805 2242 971 2323 publicum,
984 2240 1067 2321 quod
1081 2260 1129 2301 res
1145 2241 1228 2322 ipsae

71 2329 263 2410 suppeditant,
280 2327 315 2385 in
333 2347 418 2386 meos
438 2324 543 2387 oculos
559 2326 693 2387 incurrit.
713 2328 805 2404 Quod
821 2326 846 2387 si
860 2348 933 2387 vero
948 2328 981 2386 in
995 2326 1140 2387 utramvis
1158 2347 1227 2406 par-

70 2427 134 2487 tem,
151 2413 243 2472 veluti
261 2412 295 2470 in
314 2412 477 2485 trutinam,
492 2426 653 2497 argentum
671 2413 867 2493 imposueris:
886 2413 1092 2494 idargentum
1111 2411 1227 2492 praeci-

68 2500 138 2580 pitat
155 2497 438 2580 cogitationem,.et
454 2499 491 2557 ad
504 2519 575 2571 ,sese
594 2499 736 2557 deorsum
754 2497 872 2577 abripit
896 2498 1001 2571 Quod
1019 2496 1156 2576 quisquis
1175 2497 1227 2556 ad·
1309 2527 1315 2543 =

67 2585 164 2657 mittit,
182 2583 466 2662 fieriuonpotest,
493 2596 528 2650 ut
546 2582 767 2663 deinceps-ulla
786 2583 874 2642 dere
891 2584 1124 2663 rectoremque
1143 2580 1228 2664 regie

64 2671 195 2730 tet'lam
209 2666 389 2735 unum'hoc-
402 2665 461 2751 ego
479 2668 516 2726 in·
528 2668 635 2748 primis
647 2669 813 2729 tenendum
831 2668 1001 2740 essedico,
1011 2667 1073 2727 sive
1089 2668 1157 2747 quis
1172 2665 1228 2726 tri-
1302 2706 1304 2710 -

64 2751 329 2826 butuui‘indie'ere,
349 2753 412 2813 siue
425 2755 524 2813 socios
539 2754 716 2836 adsciscere,
734 2753 796 2812 sive
812 2752 878 2815 aliis
892 2753 1048 2832 praesidiis
1058 2751 1228 2831 rempubli-¹

62 2862 128 2901 eam
147 2841 265 2899 firmare
282 2851 417 2912 conatur,
436 2839 467 2898 id
486 2839 527 2897 ita
545 2838 590 2897 uti
606 2837 707 2911 saciat,
725 2858 764 2898 ne
780 2848 885 2918 pacem
901 2837 977 2896 hanc
992 2836 1081 2896 saciat
1098 2836 1228 2895 irritam:

60 2945 126 3006 nen
146 2926 237 3005 qnod
256 2946 290 2984 ea
307 2921 544 3005 tam''praeclara
563 2924 620 2997 sit,
639 2936 691 2983 aut
709 2944 725 2982 e
744 2922 897 3005 dignitate
915 2934 1030 2981 restra:
1053 2922 1106 2981 sed
1119 2919 1228 3001 ¹qualis

60 3009 159 3092 qualis
173 3022 236 3083 est,
255 3005 639 3092 opportuniusutiliusque
653 3010 691 3069 ad
704 3029 752 3068 res
768 3008 915 3091 gerendas
927 3006 1051 3091 luisset,
1070 3016 1228 3065 1111111111-
1285 3063 1291 3074 ,

22 3110 27 3117 ’
60 3110 152 3176 quam
169 3095 406 3175 fuisse‘faetam,
425 3118 515 3175 quam
532 3116 629 3168 nune,
648 3107 811 3175 postquam·
826 3085 906 3152 saeta·
921 3105 977 3166 est,
994 3111 1120 3172 perros
1139 3090 1229 3150 abro-

60 3180 132 3263 gari.
149 3181 246 3245 Multa
265 3180 347 3240 enim
363 3181 479 3241 temere
498 3180 703 3261 proiecimus,
731 3198 807 3260 qaae
826 3178 896 3258 quia
912 3192 978 3239 turn
992 3175 1086 3238 nobis
1111 3176 1230 3258 integra

59 3266 162 3339 eran‘t,
175 3266 296 3325 -bellnm
315 3270 352 3325 et'
362 3266 459 3326 tutius
478 3278 508 3326 et
524 3265 652 3338 facilins,
671 3287 760 3348 quam
778 3263 999 3348 nunc„gere‘re
1016 3263 1230 3344 potuissemus.
1258 3290 1261 3295 -
1316 3280 1319 3285 '

59 3351 203 3411 Secunde
221 3351 292 3410 locu
310 3351 611 3432 providendumes't,
630 3371 669 3410 ue
687 3351 720 3410 in
738 3346 996 3423 necessitatem,‘o
1013 3344 1230 3421 Athenienses,

62 3435 262 3509 adducamus,
290 3449 343 3496 aut
361 3449 479 3496 causam
503 3433 729 3519 suppeditemus
746 3435 830 3510 istis,
856 3436 909 3515 qui
926 3436 1011 3494 inter·
1023 3455 1055 3494 se
1075 3433 1230 3514 conspira-

62 3530 138 3580 runt
153 3533 184 3580 et
199 3542 232 3580 se
250 3521 310 3580 iam
324 3520 566 3605 Amphictyones
585 3540 650 3581 esse
666 3521 827 3594 dictitant,
842 3512 923 3580 belli
937 3519 1105 3579 communis
1125 3530 1244 3579 contra.

60 3626 118 3667 vos
135 3605 327 3687 suscipiendi.
344 3608 412 3690 Ego
431 3607 521 3680 enim,
539 3602 664 3666 si.inter
679 3627 736 3667 nos
756 3619 787 3667 et
802 3606 977 3686 Philippum
995 3599 1230 3665 denuubellurn
1307 3626 1310 3641 ¹

62 3691 104 3751 ob
121 3691 333 3781 Amphipolim
358 3705 410 3752 aut
424 3691 511 3751 aliam
530 3692 660 3772 aliquam
671 3690 1073 3772 privatam·controrersiant
1088 3689 1231 3763 oriretur,

62 3795 260 3858 quae-neque
279 3778 317 3836 ad
334 3776 511 3852 Thessalus,
538 3776 638 3858 n'e‘qu'e
664 3777 704 3837 ad¹
716 3775 881 3860 111311011-
893 3786 993 3856 neque
1012 3777 1051 3835 ad
1067 3774 1230 3834 Thebanos

61 3861 226 3943 quicquam
244 3861 403 3922 attineret:
421 3880 489 3921 non·
502 3876 578 3942 puto
595 3858 690 3921 robis
702 3862 811 3922 horum
830 3870 1013 3943 'epremquam
1032 3860 1145 3923 bellum
1158 3859 1230 3939 ¹illa-

60 3958 179 4008 turum:
198 3947 376 4009 arminium
391 3947 527 4007 onmium
546 3946 603 4030 (ne
616 3966 690 4008 vcro
703 3948 866 4029 quisquam
883 3946 1038 4019 obturbet,
1052 3945 1231 4025 'priusquam

61 4031 206 4116 audierit)
219 4032 402 4093 ¹Thebanos:
420 4052 483 4095 nou
494 4034 584 4112 ¹quod
595 4024 699 4093 mobis?
709 4044 770 4112 tarn
788 4033 1017 4113 bene-cupiant,
1034 4042 1087 4090 aut
1101 4030 1231 4111 obsequi
1248 4031 1289 4091 40

61 4111 339 4201 Philipponoliut:
362 4118 416 4178 sed
434 4119 515 4198 quod
531 4118 649 4200 uptime
668 4115 992 4202 sciunt-(quantumvis
1011 4116 1150 4177 dicautur
1166 4128 1231 4178 stu·

63 4202 150 4289 pidi),
168 4204 196 4264 si
213 4203 297 4264 bello
316 4203 475 4264 nobiscnm
493 4204 701 4286 implicentur:
721 4204 760 4264 et*
770 4226 801 4265 se
820 4203 905 4263 malis
924 4201 1068 4262 omnibus
1085 4199 1248 4261 afflictum-

65 4288 129 4364 iri,·
143 4303 176 4350 et
192 4290 286 4350 allum
306 4288 553 4363 commoditates,
578 4290 677 4350 otiose
702 4289 889 4351 desidentem
914 4298 1007 4367 atque
1022 4297 1236 4368 aucupantem,

66 4372 101 4434 ad
116 4373 437 4457 occepertnetbrnuu
467 4375 630 4455 Nunquam
647 4375 742 4458 igitur
751 4390 797 4434 'eo
814 4390 881 4432 sese
897 4370 1157 4454 praecipitabunt,
1174 4369 1252 4430 nisi
