2722 4754
70 142 82 159 ⁴
164 185 225 256 aaa
386 132 1043 273 ‘’niuos'runnrs'onarro'
1113 126 1117 131 ’
1244 206 1248 212 .
1335 207 1343 219 a

67 371 69 377 ·
162 337 244 420 pisse
261 335 330 394 illos
354 353 371 390 a
389 329 581 411 magistratu,
606 328 647 404 is,
675 318 727 410 qui
744 350 797 390 eos
815 331 890 392 mihi
907 328 1048 401 tradidit,
1072 332 1251 391 testificatus
1270 344 1319 390 est

17 451 19 453 ’
78 426 141 484 225
164 419 300 482 Proinde·
321 438 375 497 par
396 427 458 513 est,
483 412 617 493 ludices,
640 427 675 474 ut
698 435 752 474 vos
774 410 820 489 ab
835 416 924 475 initio
943 413 1157 487 consideretis,
1181 414 1319 494 primum,

116 566 119 571 ,
164 525 262 588 egone
280 500 407 561 iniurius
424 496 560 572 fuerim,
570 499 624 578 qui
642 499 777 581 cogebar
789 521 856 560 rasa
875 500 995 581 exigere
1013 519 1030 556 a
1047 499 1267 581 the'ophemo,
1283 522 1319 559 an

111 630 113 634 .
163 587 396 667 Theophemus,
419 583 474 663 qui
498 596 680 643 armamenta
690 623 712 656 ,-
722 584 905 663 reipublicae
931 585 1024 665 longo
1041 596 1187 664 ‚tempore
1212 583 1322 658 debita,

162 669 420 733 non'reddebat?
455 668 576 742 Quodsi
594 660 734 751 singula.
749 668 937 749 spectabitis:
973 681 1004 746 et
1030 668 1264 748 Theophemum
1290 669 1319 728 in

120 743 124 761 ἰ
162 755 303 818 omnibus
316 747 466 813 'iniurium
483 747 602 826 fuisse,
613 766 643 812 et
661 753 734 812 haec
751 773 814 814 non
831 775 913 816 ame
931 753 1030 812 solum
1049 751 1152 812 verhis'
1167 752 1320 833 explicata,

162 843 215 904 sed
233 853 264 900 et
276 841 444 901 senatuszet
457 836 722 920 iudiciisufgfragio
740 839 858 900 decreta
874 859 939 899 esse
953 837 1119 918 reperietis.
1147 834 1225 895 Cum
1242 836 1319 896 euim
1345 864 1351 886 i

71 982 75 991 s
162 949 232 988 cum
258 932 275 985 a
299 921 695 1006 magistratuaccepissem:
720 923 832 991 accessi
859 936 888 983 et
914 923 1043 1003 primum
1069 940 1139 981 vasa
1164 921 1319 1002 postulavi.

102 1030 105 1035 ’
162 1012 234 1088 Quo
251 1001 350 1081 facto,
379 1029 447 1074 cum
464 1006 516 1066 ille
535 1005 611 1066 nihil
628 1007 786 1080 redderet,
811 1007 946 1087 mihique
964 1019 1069 1087 postea
1086 1027 1183 1087 prope
1202 1001 1318 1065 Mercu-
1337 1070 1339 1075 ¹

159 1096 265 1158 rialem
284 1097 427 1173 statuam,
452 1109 528 1170 quae
547 1091 584 1153 ad
601 1090 751 1169 portulam
771 1104 832 1166 est,
855 1091 1052 1165 occurrisset,
1077 1112 1146 1150 eum
1165 1091 1203 1149 ad
1220 1091 1319 1153 classis

43 1185 45 1191 ’
79 1238 81 1244 s
160 1179 328 1262 praefectos
348 1176 431 1235 etad
450 1173 600 1235 navalium
619 1173 787 1249 cui-atores,
810 1177 945 1256 quitum
964 1176 1200 1256 disceptationes
1220 1175 1257 1233 de
1275 1197 1318 1233 ar-

64 1283 72 1317 t
154 1261 319 1328 mamentis
338 1260 369 1319 in
387 1259 532 1319 iudicium
550 1256 801 1333 introducebant,
820 1261 914 1322 citavi.
941 1263 984 1320 Ut
1000 1273 1102 1320 autem
1120 1280 1169 1320 me
1187 1279 1256 1320 vera
1275 1259 1317 1318 di-

88 1389 98 1404 ,
160 1369 229 1419 cere
247 1339 383 1419 constet,
400 1343 509 1404 horum
527 1342 613 1404 vohis
631 1355 724 1412 testes
742 1345 871 1406 viatores
889 1347 1061 1428 producam.

633 1478 842 1543 reseas

148 1635 151 1638 -
177 1621 180 1625 ’
242 1601 320 1659 Eum
337 1597 432 1680 igitur
449 1614 469 1656 a*
482 1616 531 1657 me
548 1596 642 1663 fuisse
661 1598 803 1670 citatum,
828 1599 957 1659 viatores
977 1597 1134 1666 testificati
1152 1610 1239 1658 suut:
1269 1608 1312 1663 at-

58 1686 60 1690 ‘
156 1705 219 1766 que
243 1675 333 1744 etiam
356 1682 389 1742 in
412 1681 559 1744 indicium
583 1703 648 1764 esse
672 1682 891 1758 introductum,
915 1683 1016 1743 classis
1038 1683 1258 1767 praefectorum
1282 1694 1311 1740 et

87 1790 93 1800 ’
157 1770 348 1854 magistratus
366 1766 574 1828 testimouium
593 1767 734 1829 ostendit
1009 1787 1011 1791 ⁴

516 1913 962 1964 »τῑετιΜοΗ-ιυιει.Ι
1248 1939 1264 1987 s
1343 1934 1346 1938 ’

240 2020 344 2097 Quem
358 2007 453 2103 igitur
470 2019 544 2079 mihi
561 2020 683 2102 negotia
700 2020 908 2081 facessiturum
926 2009 1078 2101 putabam,
1097 2019 1312 2081 Democharem

119 2149 120 2153 ,
154 2105 387 2178 Paeaniensem,
411 2105 452 2180 is,
469 2104 644 2186 priusquam
661 2105 693 2164 in
711 2104 856 2165 iudicium
873 2107 1136 2179 introduceretur,
1161 2125 1231 2164 sane
1249 2123 1312 2161 mo-

120 2208 125 2214 ’
154 2191 249 2250 lestus
267 2189 341 2249 fuit:
375 2189 625 2270 postquamv‘ero
643 2189 836 2249 introductus
853 2203 884 2250 et
902 2192 1068 2250 damnatusl
1076 2190 1151 2264 fuit,
1184 2186 1314 2247 reddidit

65 2333 74 2359 ὲ
135 2268 509 2363 'suamgarmameutorum
527 2287 649 2355 partem.
675 2275 865 2348 Quem'vero
884 2296 1038 2354 nunquam
1059 2296 1099 2335 eo
1114 2271 1312 2354 improbitatis

17 2364 27 2412 ἶ
51 2361 77 2439 J
153 2358 490 2445 venturum-putabam,
506 2371 550 2417 ,ut
572 2358 761 2437 armamentis
783 2357 922 2418 fraudare
945 2358 1159 2440 rempublicam
1178 2359 1313 2428 auderet,

152 2441 179 2503 is
207 2462 244 2502 eo
269 2464 366 2523 usque
393 2442 641 2523 contentionibus
667 2455 698 2502 et
721 2443 930 2504 vexationibus
953 2443 1108 2524 processit.
1140 2444 1219 2502 Nam
1245 2445 1311 2500 cum
1337 2451 1342 2490 ἵ

79 2571 84 2591 t
152 2530 274 2589 a‘desset
298 2529 335 2587 ad
361 2528 561 2608 praetorium,
591 2528 662 2587 dum
688 2527 1126 2615 introduceretur,·nusquam
1152 2527 1311 2606 quicquam

100 2655 103 2663 „
151 2611 334 2694 contradixit
350 2612 382 2673 iu
408 2611 538 2685 iudicio,
563 2631 675 2691 neque·
689 2612 828 2691 cuiquam
850 2613 936 2672 litem
953 2613 1064 2687 movit,
1088 2632 1190 2692 neque
1210 2630 1310 2688 quem-

59 2737 63 2745 ·
108 2749 111 2755 .
151 2719 240 2776 quam
258 2696 349 2756 alium
368 2695 564 2756 habererasa
581 2696 718 2771 asseruit,
730 2697 835 2776 'neque
853 2702 889 2757 ea>
905 2717 937 2756 se
955 2699 1082 2757 reddere
1100 2709 1245 2777 oportere
1262 2692 1331 2754 nes

36 2856 37 2860 Ἰ
131 2856 132 2860 Ἰ
149 2781 245 2863 gavit:
263 2780 316 2841 sed
334 2793 438 2840 contra
456 2800 488 2855 se
506 2779 578 2853 ferri
595 2780 773 2841 sententiam
792 2801 895 2861 passus
914 2795 966 2842 est.
985 2774 1109 2841 'Verum
1127 2802 1144 2841 e
1163 2779 1309 2862 praetorio
1328 2827 1336 2850 ,

133 2867 319 2946 degressus,
336 2865 433 2925 nihilo
451 2865 545 2947 magis
562 2866 712 2938 reddidit,
729 2866 799 2938 sed,
818 2866 843 2924 si
861 2887 893 2927 se
911 2866 1121 2940 subduxisset,
1139 2868 1239 2926 donec
1256 2883 1307 2946 ego

17 2994 19 2999 .
113 3017 115 3021 ¹
148 2971 217 3010 cum
235 2949 360 3009 navibus
379 2949 521 3024 abissum,
548 2962 579 3009 et
595 2949 678 3012 sein
696 2950 864 3030 praesentia
882 2951 1018 3030 quietum
1035 2950 1103 3011 fore
1121 2943 1256 3048 putpvi'tt
1281 2960 1307 3008 et

19 3067 22 3074 1
64 3045 67 3059 '
92 3043 93 3046 ’
127 3055 263 3107 ,moram
278 3035 519 3108 intercessuram,
537 3046 568 3093 et
579 3055 638 3107 me,
652 3056 728 3114 quae
742 3034 806 3114 ipse
823 3036 951 3095 debehat
964 3037 1159 3110 armamen‘ta,
1178 3047 1305 3094 coactum

124 3122 132 3134 ”
147 3119 190 3178 iri
204 3119 263 3179 huc
287 3139 445 3193 reversum¹
459 3117 643 3199 reipublicae
659 3120 804 3191 reddere,
831 3120 884 3183 a'ut
901 3122 1084 3195 successori,
1113 3120 1167 3201 qui
1185 3140 1202 3180 e
1220 3119 1307 3177 classe

97 3279 101 3282 ²
146 3222 253 3276 navem
271 3201 335 3263 caim
352 3196 518 3264 sortiretur.
537 3202 620 3278 Quid
639 3204 719 3262 euim
732 3216 836 3263 contra
849 3205 934 3268 illum
948 3205 1048 3264 dicere
1062 3207 1243 3286 potuissem,
1261 3204 1309 3262 de-

17 3340 20 3344 ,
61 3294 126 3354 226
147 3286 237 3347 cretis
268 3299 299 3346 et
322 3287 440 3369 legibus
474 3282 843 3366 ostendentem,1dehere
866 3309 914 3348 me
940 3286 1309 3372 armamentaerhihere?

21 3406 26 3413 -
85 3379 89 3383 ’
147 3370 362 3451 Theophemus
380 3385 498 3446 autem,
522 3372 678 3441 interiecta
696 3393 797 3446 mora,
810 3373 840 3432 'si
855 3373 1073 3453 postulassem,
1092 3375 1225 3434 dicturus
1243 3370 1310 3444 fuit,
1335 3407 1338 3418 ·

145 3474 178 3516 se
196 3456 381 3529 reddidisse,
405 3455 498 3516 ethis
517 3456 611 3538 signis
628 3457 808 3517 redditionis
826 3457 984 3532 abusurus,
1000 3459 1188 3539 temporibus
1209 3469 1240 3516 et
1257 3477 1307 3515 ue-

98 3549 105 3569 ⁷
146 3541 298 3601 cessitate:
316 3549 416 3619 neque
434 3561 482 3599 me
500 3541 547 3600 vel
561 3541 702 3615 stultum,
718 3542 767 3601 vel
783 3541 841 3601 sihi
858 3564 990 3621 unquam
1009 3544 1138 3603 amicum
1156 3542 1261 3615 fuisse,
1276 3553 1308 3600 ut
1335 3548 1343 3568 ⁶

29 3655 33 3667 ·
55 3684 59 3699 ,
144 3625 238 3693 ullam
255 3625 443 3684 intercedere
461 3646 678 3709 moram,.cum
698 3639 728 3686 et
744 3626 897 3686 triremem
915 3629 1099 3707 reipublicae
1118 3628 1308 3699 instruerem,

124 3723 178 3779 ,et
196 3709 300 3771 classis
316 3730 412 3769 essem
430 3722 563 3783 curator,
590 3723 621 3770 et
644 3710 715 3769 talia
737 3711 856 3771 decreta
883 3711 958 3770 facta
986 3726 1100 3785 essent,
1128 3725 1159 3772 et
1181 3709 1230 3771 lex
1254 3712 1327 3770 lata-

44 3789 47 3794 *
146 3795 184 3855 de
208 3794 374 3876 exigendo,
400 3815 453 3854 sua
476 3816 563 3857 causa
585 3816 689 3875 passus
715 3816 838 3855 essem
855 3794 923 3855 Hoc
947 3798 1075 3872 consilio
1094 3797 1307 3877 Th‘eophemus

23 3906 25 3911 ⁸
101 3931 104 3937 ,
145 3891 210 3939 tum
227 3879 351 3959 quidem
368 3875 550 3941 armamenta
567 3900 630 3939 nou
647 3880 809 3954 reddebat,
827 3881 880 3939 sed
898 3901 930 3939 se
948 3877 1243 3962 subduxeratapost
1259 3904 1307 3941 au-

109 3970 122 4007 7·
144 3976 222 4037 tem,
252 3964 458 4024 fraudaturum
481 3963 613 4044 putabat
646 3964 696 4023 Ad
723 3965 797 4024 haec
824 3966 860 4024 ad
886 3964 1095 4026 iusiurandum
1120 3960 1308 4049 confugiens,

143 4046 231 4108 facile
254 4048 441 4129 peieraturus
467 4048 540 4107 fuitr
562 4048 594 4106 id
613 4049 694 4128 quod
714 4061 745 4108 et
761 4048 826 4109 aliis
844 4049 922 4108 fecit
956 4049 1031 4110 Mira
1050 4052 1132 4111 enim
1160 4053 1231 4112 eius
1245 4073 1306 4111 ava-

144 4130 213 4191 ritia
231 4143 276 4192 est
294 4144 325 4191 et
346 4131 490 4214 rapacitas
508 4132 539 4192 in
564 4132 786 4207 contractibus,
803 4145 845 4194 ut
863 4155 919 4216 ego
937 4134 1022 4195 vobis
1048 4159 1082 4196 re
1100 4137 1165 4218 ipsa
1185 4139 1306 4197 demon-

50 4241 53 4249 ·
85 4236 98 4251 κ
131 4215 260 4283 ¹strabo.-
272 4213 348 4278 Cum
367 4217 534 4292 enimfhaec
548 4229 730 4280 armamenta
743 4217 868 4279 deberet
880 4218 1064 4299 reipublicae
1080 4221 1305 4304 Theophemus:

148 4315 184 4358 ea
199 4301 291 4362 uerbo
306 4303 344 4363 ad
354 4301 529 4385 Aphareum
546 4302 707 4377 referebat,
725 4323 815 4384 quem
832 4323 865 4363 re
878 4303 911 4364 in
922 4305 971 4366 ius
988 4327 1052 4366 non
1069 4308 1210 4381 vocabat,
1227 4304 1304 4388 quod

368 4436 375 4463 l
