2746 4748
129 212 194 275 tu
234 170 260 203 ²
412 198 776 289 nnuosrnnnm
814 200 1008 263 onaan)

128 365 268 436 tiassem,
287 374 336 436 et,
363 361 416 442 qui
439 362 581 432 aderant,
605 379 711 418 omnes
728 378 858 443 aequum
876 355 1033 437 postulare
1050 375 1105 413 me
1122 354 1282 435 pronuntia-

129 440 216 512 rent:
233 443 271 507 ad
288 446 365 506 banc
382 445 548 528 confugere
565 443 777 526 probationem
795 442 911 515 noluit,
929 441 995 512 sed,
1011 439 1146 522 perinde
1164 460 1200 498 ac
1214 439 1238 498 si
1250 451 1283 499 ta-

130 534 210 594 libus
227 532 262 590 in
279 531 411 614 negotiis
429 531 504 589 aliae
521 528 716 610 probationes
742 540 845 588 essent
869 525 1107 606 quaestionibus
1126 537 1160 584 et
1175 523 1282 584 testibus

131 615 354 690 evidentiores,
380 606 481 696 neque
497 614 626 674 testibus
645 613 782 674 adductis
800 613 838 673 de
856 623 1013 671 numerata
1031 611 1130 681 dote,
1153 608 1282 688 neqnein

130 700 341 782 quaestionem
358 700 435 760 datis
454 698 588 773 ¹ancillis,
607 699 645 758 de
663 698 776 759 sororis
795 696 990 757 matrimonio
1009 690 1159 768 consciis,
1175 693 1283 772 me,qui

23 814 26 819 ·
123 786 205 846 baec
223 786 261 844 ab
280 804 317 843 co
335 784 543 864 postulabam,
568 784 698 865 superbe
726 783 851 842 omnino
871 794 902 840 et
926 779 1158 840 contumeliose
1175 801 1191 839 a
1207 777 1282 838 collo

100 924 106 935 ,
130 869 205 950 quio
224 889 282 928 suo
299 868 419 948 repulit
434 870 528 944 'Quid
546 869 606 929 isto
624 869 691 928 fieri
708 879 814 950 posset
830 867 955 928 bomine
973 865 1137 944 iniquius?
1156 864 1223 944 quis
1237 884 1282 921 na-

52 1008 55 1015 .
86 978 91 991 ¹
130 955 178 1037 gis
197 953 234 1037 de
252 953 400 1013 industria
418 974 450 1013 se
468 955 608 1037 ignarum
635 973 701 1015 csse
719 953 809 1033 aequi
834 940 970 1032 bonique
995 949 1183 1011 simularet?
1221 944 1282 1028 Cape

130 1037 381 1119 provocationem
399 1051 430 1099 ct
446 1039 547 1100 recita
1094 1039 1104 1057 ⁸
1293 1032 1298 1042 '

388 1188 391 1193 ’
525 1186 900 1237 PROVOCATIO.

164 1374 168 1380 .
215 1297 281 1354 Vos
298 1306 448 1356 autem‘et
461 1294 601 1375 privatim
616 1308 647 1375 et
659 1293 781 1376 publice
800 1293 1030 1377 quaestionibus
1050 1310 1204 1352 summam
1215 1289 1282 1348 fidem

130 1377 267 1450 habetis,
286 1393 334 1453 et,
353 1401 421 1439 cum
439 1379 519 1442 servi
537 1392 568 1439 ct
585 1376 712 1462 ingenui
729 1380 857 1453 adsunt,
874 1380 906 1438 in
926 1378 1107 1459 explicanda
1122 1388 1282 1436 ‘controver-

130 1464 175 1522 sia
193 1480 257 1522 non
274 1463 398 1523 utimini
422 1463 606 1525 testimoniis
632 1464 855 1546 ingenuorum,
880 1464 932 1535 sed
959 1465 1001 1522 ita
1018 1484 1127 1523 rerum
1154 1473 1284 1543 gestaru!

128 1547 289 1608 veritatem
307 1548 475 1628 exquiritis,
491 1561 528 1608 ut
544 1568 648 1609 servos
665 1549 841 1629 torqueatis.
858 1548 923 1608 Nec
940 1549 1064 1621 iniuria,
1083 1547 1212 1606 ludices.
1227 1545 1284 1603 llau
1308 1609 1312 1617 ¹

129 1631 296 1710 aliquoties
304 1626 435 1693 lestium
453 1634 571 1713 aliquos
588 1633 662 1693 falsa
677 1633 833 1694 testificari
858 1647 1049 1714 compertum
1069 1640 1133 1692 est:
1160 1612 1236 1690 nulli
1248 1647 1285 1686 vc-

128 1737 167 1776 ro
179 1715 268 1791 servi,
286 1717 416 1777 subiecti
429 1718 672 1798 quaestionibus,
682 1741 817 1798 unquam
831 1720 863 1778 in
877 1718 1038 1778 tormentis
1054 1715 1283 1776 mendaciicon-

80 1797 86 1814 '
129 1796 301 1882 pertibunt.
319 1803 377 1861 lste
395 1824 467 1863 vcro
477 1816 527 1863 tot
543 1804 609 1863 iura
627 1805 835 1885 adspernatus,
852 1805 991 1883 adeoque
1008 1800 1185 1882 perspicuis
1197 1812 1283 1858 etna-

130 1885 198 1968 gnis
225 1884 457 1966 probationibus
483 1889 720 1969 praetermissis,
744 1888 1046 1969 Aphobum·testcm
1073 1885 1250 1953 adducendo
1263 1893 1287 1940 et

129 1971 356 2043 Timocratem,
378 1970 460 2032 hunc
477 1975 515 2032 de
534 1975 618 2047 data,
643 1974 729 2033 illum
748 1975 786 2033 de
804 1987 924 2055 accepta
943 1975 1032 2046 dote,
1061 1972 1125 2032 sibi
1143 1970 1229 2030 fidem
1243 1968 1285 2025 ba-

131 2054 199 2113 beri
214 2075 231 2113 a
249 2054 337 2115 vobis
362 2056 547 2136 postulabit,
572 2079 638 2118 rem
656 2080 725 2118 cum
743 2058 808 2119 istis
832 2057 945 2139 absque
969 2056 1106 2117 testibus
1127 2065 1283 2114 transactan

129 2139 268 2221 fingens:
285 2153 386 2201 tantae
402 2162 457 2202 vos
475 2143 634 2204 vecordiae
653 2144 780 2203 damnat
798 2143 860 2202 Eos
876 2143 970 2227 igitur
983 2162 1088 2222 neque
1104 2161 1185 2213 vera,
1197 2154 1283 2216 neque
1322 2182 1328 2215 ,

22 2251 39 2283 ’.
130 2222 306 2284 verisimilia
332 2225 486 2299 dicturos,
511 2240 576 2287 tum
594 2249 612 2288 e
628 2227 724 2310 prima
742 2249 850 2289 eorum
876 2227 1072 2288 confessione
1091 2227 1134 2286 de
1152 2226 1219 2284 dote
1233 2241 1287 2281 non
1326 2232 1328 2307 J

83 2345 88 2353 ι
130 2306 267 2382 reddita,
294 2321 359 2369 tum
379 2332 415 2370 cx
433 2312 633 2373 affirmatione
653 2313 689 2372 de
709 2315 811 2373 eadem
838 2314 904 2373 sine
922 2312 1053 2373 testibus
1073 2310 1213 2381 reddita,
1230 2321 1287 2368 tun
1323 2328 1328 2335 ·

131 2413 168 2452 ex
186 2393 252 2474 ipso
271 2406 426 2474 tempore,
445 2399 546 2477 quod,
568 2397 602 2458 in
620 2398 857 2467 discrimeniam
875 2399 1003 2459 adducta
1019 2418 1056 2457 re
1074 2393 1286 2467 familiari,-so-

129 2477 281 2578 lationem
300 2479 367 2544 fieri
384 2502 448 2540 non
466 2482 555 2557 sivit,
580 2495 646 2545 tum
664 2505 681 2543 e
699 2483 824 2546 caeteris
842 2483 935 2545 rebus
954 2481 1098 2544 omnibus
1123 2480 1203 2542 satis
1219 2500 1235 2538 a
1250 2496 1287 2537 me
1324 2512 1328 2519 -

131 2575 288 2624 ostensum
307 2583 373 2625 esse
390 2566 537 2627 existimo.
1024 2594 1030 2598 ·

11 2868 106 2995 sn
160 2892 390 2985 'orario
431 2911 490 2987 m
531 2911 845 2988 ouer-onum
888 2912 1046 2986 uuor
1089 2915 1172 3004 vl,
1217 2915 1261 2985 11.

502 3202 940 3287 incursurum„
1047 3161 1056 3171 ’

55 3392 58 3397 ,
127 3296 352 3390 Praetermissa
369 3332 516 3411 quaedam
533 3331 691 3413 superiore
709 3332 847 3391 oratione
864 3331 920 3391 bac
937 3330 1051 3404 adiicit,
1069 3344 1107 3392 ut
1127 3333 1192 3413 ipse
1203 3327 1283 3412 signi-

127 3414 208 3487 ficat,
227 3422 317 3494 atque
336 3415 426 3476 etiam
446 3419 588 3496 quasdam
605 3417 741 3477 rationes
756 3417 937 3493 adversarias
954 3416 1052 3476 diluit
1070 3417 1122 3476 De
1139 3418 1288 3477 bisantem

130 3498 319 3560 orationibus
336 3515 408 3585 ante
427 3502 555 3563 diximus
579 3502 727 3563 affirmare
745 3501 874 3574 multos,
901 3522 950 3562 eas
969 3501 1005 3561 ab
1021 3505 1118 3580 'Isaeo‘
1136 3522 1201 3562 esse
1218 3520 1289 3559 con-

127 3582 253 3665 positas,
272 3587 356 3666 quod
374 3587 464 3648 huius
485 3587 613 3647 oratoris
633 3604 698 3648 esse
711 3599 839 3669 propter
851 3599 978 3647 aetatem
992 3587 1128 3646 credere
1135 3595 1289 3668 nequeant:

129 3668 223 3743 alios,
248 3681 284 3728 ut
302 3670 361 3731 boc
379 3694 442 3732 non
461 3675 517 3745 sit,
543 3672 580 3731 ab
599 3675 683 3732 Isaeo
707 3673 812 3731 saltem
831 3691 909 3733 esse.
922 3683 1091 3749 correctas,
1119 3673 1204 3752 quod
1221 3669 1305 3730 illius.

130 3753 319 3819 orationibus
337 3756 450 3818 similes
468 3758 634 3819 videantur.
676 3758 784 3838 Neque
802 3759 1001 3816 vero‘mirum
1020 3768 1086 3829 est,
1115 3776 1189 3817 eum
1206 3755 1291 3815 imita-

129 3849 194 3899 tum
213 3860 279 3902 esse
297 3840 492 3925 magistrum,
510 3855 558 3915 et,
582 3853 651 3902 cum
669 3843 806 3903 nondum
825 3843 1044 3924 perfectionem
1064 3840 1292 3922 essetladeptus,

131 3923 167 3983 ad
185 3924 267 3987 illius
285 3925 407 4009 interea.
419 3927 540 3993 dicendi
558 3942 655 4009 genus
674 3949 706 3988 se
725 3929 896 3988 contulisse.

128 4219 237 4333 Quod
256 4253 407 4337 inpriore
432 4238 570 4319 oratione
596 4273 806 4343 argumentum
831 4258 990 4340 praeterii,
1013 4261 1098 4320 unde
1112 4260 1186 4320 'non
1202 4258 1292 4320 minas

242 4358 277 4399 ex
294 4339 359 4402 ullo
378 4362 495 4418 eorum,
513 4364 590 4424 quae
608 4344 687 4416 diri,
707 4357 836 4417 nannet,
853 4366 916 4405 non
934 4343 1031 4405 datam
1052 4347 1122 4406 esse
1136 4345 1244 4407 ‘dotem
1260 4339 1292 4401 ab
