2722 4754
453 173 528 249 ιιι
564 137 852 237 c'unssrnns.
992 159 1013 264 j
1146 196 1150 204 ·
1188 124 1247 237 ⁸ar

74 325 146 386 simi
166 326 279 408 quique
298 326 546 410 locupletissimis
564 327 773 410 adiungantur.
791 326 832 390 Et
848 334 985 411 corpora
994 328 1159 410 quidem
1135 352 1178 390 ιιι
1196 349 1247 391 or-

78 412 209 473 dinanda
228 432 294 473 esse
320 433 447 474 censeo:
474 415 558 493 quod
577 436 632 474 cnr
653 426 816 494 censeam,
832 427 898 475 tum
916 416 1036 489 scietis,
1059 437 1128 476 enm
1150 427 1245 475 totam

56 482 286 560 instructionis
304 499 454 581 rationem
472 499 636 559 audieritis.
653 487 805 559 Triremes
822 513 924 560 autem
943 500 1120 602 quomodo?
1139 500 1246 561 Omni-

80 605 119 647 no
135 596 283 644 trecentas
302 605 432 644 numero
450 584 588 645 triremes
608 583 777 684 designari·
778 584 891 663 iubeo,
911 599 941 644 et
960 588 990 645 in
1009 586 1117 668 viginti
1134 599 1245 667 partes,

85 692 201 753 quarum
219 669 358 752 singulae
374 690 472 730 ‘naves
499 649 667 749 quindenas
695 669 888 743 contineant,
915 671 1157 747 distribuendas,
1181 671 1243 754 pri-

90 777 143 819 nae
160 756 276 814 centuri
295 777 312 814 e
331 755 483 840 quinque,
512 769 543 815 et
559 756 710 819 secundae
732 755 890 816 centuriae
915 756 1065 835 quinque,
1090 770 1120 816 ct
1137 757 1244 818 tertiae

96 841 230 905 centuriae
247 840 391 920 quinque
401 840 527 904 navibus
545 840 706 900 attributis.
733 840 852 902 Deinde
870 840 1044 929 singulis
1015 862 1150 903 virorum
1168 843 1244 904 elas·
1265 872 1269 877 ·

92 930 160 991 sibus
171 925 339 1015 quindenas
351 947 453 1000 naves,
471 925 609 986 classium
628 925 755 1008 singulis
772 926 907 1008 partibus
925 939 1026 988 ternas
1044 926 1182 987 triremes
1198 942 1243 989 at

91 998 255 1074 tribncn'das.
289 1010 456 1091 Postquam
480 1010 580 1070 haee'
571 1024 612 1071 rta
636 1011 773 1072 confecta
797 1011 931 1085 suerint,
956 1011 1065 1085 iubeo,
1093 1033 1161 1071 cum
1179 1015 1244 1095 agri

90 1099 175 1161 nostri
189 1095 355 1157 aestimatio
374 1097 414 1155 sit
432 1117 483 1155 sex
501 1097 583 1157 mille
602 1093 760 1171 talentvim,
776 1110 813 1157 ιιι
831 1108 862 1158 ιι
879 1097 1026 1178 pecuniae
1045 1109 1145 1158 certus
1165 1100 1243 1158 ordo
1255 1132 1266 1173 1

92 1186 242 1254 ineatur,e
227 1202 291 1240 eam
311 1181 422 1256 dividi,
448 1195 479 1240 et
496 1187 617 1243 centnm
635 1183 702 1243 fieri
720 1196 837 1263 partes,
857 1203 983 1263 quarum
1002 1181 1139 1265 singulae
1158 1204 1242 1243 sexa-

24 1304 35 1313 ··
91 1292 180 1370 gena
172 1268 275 1329 talenta
293 1267 477 1326 contineant.
500 1268 619 1327 Deinde
638 1268 800 1349 quinquies
819 1289 971 1350 sexagena
982 1267 1095 1327 talenta
1113 1264 1259 1350 singulis..

93 1355 202 1455 magnis·
207 1351 350 1412 classibus
369 1352 577 1425 attribuenda,
597 1373 634 1413 eo
653 1367 759 1433 pacto,
777 1366 812 1413 ut
830 1353 939 1416 classes
958 1353 1095 1435 singulae
1105 1353 1241 1434 singulis

96 1437 216 1521 quinariis
232 1457 381 1520 sexagena
398 1439 510 1497 talenta
528 1439 678 1499 reddant:
700 1451 751 1512 ut,
776 1461 804 1498 ss
793 1438 907 1500 vobis
926 1451 1048 1499 rentum
1066 1437 1241 1503 triremibus

91 1525 168 1586 luerit
183 1544 272 1622 opus,
299 1536 432 1582 sumtum
450 1539 599 1605 sexagena
617 1524 730 1584 talenta
755 1524 930 1598 absolvant,
955 1537 987 1584 et
1003 1504 1163 1606 trierarchi
1178 1523 1241 1614 sint

42 1650 51 1660 -
91 1609 219 1671 duodeni:
237 1608 294 1669 sin
312 1608 451 1675 ducentis
470 1609 562 1670 fuerit
581 1630 675 1689 opus,
699 1609 815 1670 tricena
833 1609 894 1671 sint
912 1609 1043 1684 talenta,
1063 1630 1139 1689 quae
1158 1606 1240 1668 sn'm

58 1730 63 1736 ·
89 1711 141 1758 tum
164 1676 332 1775 absolvant,
360 1706 390 1755 et
407 1695 473 1753 seni
496 1695 553 1755 viri
578 1695 752 1757 triremibus
767 1696 926 1776 praesint:
945 1694 992 1755 sin
1010 1694 1170 1767 trecentis,
1195 1693 1240 1755 vi-

86 1802 147 1841 cena
163 1779 222 1839 sint
238 1770 370 1853 talenta,
396 1800 472 1858 qnae
498 1792 631 1843 sumtum
657 1780 832 1853 absoluant,
860 1793 891 1840 et
909 1779 1049 1861 quaterni
1065 1772 1239 1839 triremibus

82 1865 209 1948 praesint.
226 1864 344 1925 Eodem
358 1885 481 1944 quoque
496 1867 601 1939 modo,
614 1866 828 1942 Athenienses,
845 1877 1029 1939 armamenta
1043 1865 1143 1938 etiam,
1163 1885 1240 1944 quac

80 1972 155 2012 nune
173 1951 209 2010 ad
226 1949 363 2010 triremes
383 1948 543 2024 debentur,
561 1951 728 2037 aestimari,
748 1964 779 2010 et
797 1972 832 2030 er
849 1949 968 2010 tabulis
979 1950 1080 2010 omnia
1098 1947 1240 2009 distribui

19 2108 22 2117 ,
77 2034 189 2096 iubeo
180 2057 211 2094 ιιι
227 2035 338 2118 ,viginti
349 2049 470 2116 partes:
507 2022 616 2097 deinde
634 2036 761 2119 singulis
779 2034 894 2118 magnis
913 2034 1057 2101 classibus
1075 2056 1166 2095 unam
1183 2033 1239 2093 tri-

75 2121 123 2181 bui
139 2133 254 2201 partem
272 2120 439 2201 unicuique
457 2133 573 2202 aptam,
590 2143 680 2203 quam
699 2120 809 2181 deinde
827 2120 964 2221 singulae
983 2120 1091 2180 classes
1110 2119 1238 2202 singulis

74 2207 130 2267 suis
146 2206 283 2306 partibus
303 2227 454 2286 exaequo
473 2207 673 2282 div'idant„·et
691 2207 827 2266 duodeni
844 2207 914 2267 illi
905 2229 938 2265 nr
956 2204 1090 2288 singulis
1101 2204 1237 2285 partibus

19 2304 22 2309 '
72 2314 104 2352 ea
121 2293 257 2373 erigant,
277 2304 325 2365 et,
345 2313 417 2371 quas
434 2292 549 2392 singuli
566 2293 704 2353 triremes
721 2292 823 2352 sortiti
840 2290 971 2365 fuerint,
1000 2312 1048 2350 cas
1075 2290 1236 2350 instructas

69 2376 235 2438 exhibeant.
271 2377 411 2437 Sumtum
438 2377 534 2469 igitur
557 2391 587 2438 et
610 2398 699 2439 naves
725 2389 762 2437 et
779 2370 961 2441 trierarchos
981 2388 1011 2436 et
1035 2386 1236 2474 armamento·-

65 2484 137 2522 rum
154 2461 340 2523 eractIonem
358 2463 402 2522 sic
420 2455 536 2544 optime
557 2485 647 2544 posse
674 2482 786 2524 censeo
804 2476 834 2523 et
861 2460 1029 2562 comparari
1046 2473 1076 2520 et
1093 2460 1235 2543 apparari

67 2549 157 2608 Unde
173 2560 273 2610 autem
292 2547 366 2610 haee
385 2560 416 2608 et
433 2558 516 2609 certo
544 2562 574 2609 et
591 2550 678 2610 facile
697 2548 843 2629 compleri
859 2548 995 2630 possint,
1020 2546 1163 2627 deinceps
1189 2544 1235 2611 di

43 2655 141 2709 eam.
173 2630 303 2715 Censeo,
324 2656 340 2692 a
358 2632 486 2694 ducibus
505 2635 656 2695 navalium
674 2635 779 2695 decern
796 2635 863 2701 loca
882 2655 946 2694 esse
966 2631 1126 2714 deligenda
1144 2643 1235 2710 atque

65 2719 219 2780 rationein
235 2708 414 2792 ineundam,
427 2731 467 2779 ιιι
485 2720 729 2801 quamproxime
747 2720 828 2779 inter
845 2740 878 2779 se
896 2717 996 2778 absint
1014 2716 1139 2788 navalia,
1158 2736 1235 2794 quo·

63 2827 140 2863 rum
157 2804 269 2887 singula
286 2803 412 2903 triginta
427 2804 596 2864 triremium
615 2804 676 2864 sint
694 2803 817 2885 capacia.
845 2798 938 2877 Quod
954 2800 1010 2860 ubi
1026 2799 1169 2872 fecerint,
1188 2798 1235 2876 bi·

62 2911 121 2948 nas
140 2889 246 2950 classes
264 2902 296 2948 et
312 2888 441 2948 tricenas
459 2890 597 2950 triremes
616 2889 726 2950 horum
751 2889 889 2948 locorum
907 2885 1035 2968 singulis
1053 2884 1235 2945 attribuant·
1257 2914 1269 2971 j

61 2974 179 3034 deinde
196 2975 316 3035 sortito
323 2974 421 3035 tribus
447 2975 651 3035 introducant
660 2972 691 3036 t:
703 2972 890 3035 trierarchos
909 2971 1073 3054 singulos'
1064 2994 1097 3030 ιιι
1115 2969 1235 3052 singula

60 3060 198 3133 navalia,
215 3074 250 3120 ιιι
267 3055 330 3120 sint
346 3060 436 3119 binae
455 3059 579 3134 classes,
596 3061 734 3121 triremes
750 3059 887 3123 tricenae
905 3070 937 3118 et
952 3076 1012 3117 una
1030 3056 1143 3119 tribus.¹
1141 3054 1248 3198 (piri

62 3165 136 3204 vero
155 3146 241 3206 locus
258 3144 354 3206 tribui
372 3145 580 3219 obvenerit,
572 3169 596 3206 rs
614 3146 758 3209 trifariam
777 3144 943 3218 dividatur,
961 3154 1000 3202 et
1016 3163 1106 3219 naves
1122 3138 1216 3201 simrr
1258 3150 1290 3206 11

61 3242 118 3289 ter.
152 3214 274 3300 Deinde
306 3230 433 3292 trientes
458 3230 617 3292 tribuum
618 3233 801 3304 sortiantur,
833 3243 869 3290 ut
895 3228 1048 3327 singulae
1049 3225 1233 3287 tribusunn

28 3336 37 3351 ι
60 3336 131 3396 pars
150 3315 211 3376 sint
228 3325 366 3377 totorum
381 3317 552 3418 navalium,
579 3331 609 3377 et
627 3316 813 3399 singularum
831 3315 961 3396 partium
978 3312 1099 3373 tertiam
1115 3324 1232 3394 partem

46 3399 159 3471 ‚triens
174 3401 323 3476 obtineat,
339 3400 435 3483 utque
453 3403 562 3475 sciatis,
581 3402 697 3502 sequid
715 3401 772 3462 erit
789 3423 878 3483 opus,
894 3397 1026 3482 primum
1041 3397 1151 3471 tribnS,
1170 3417 1230 3476 qno

62 3485 160 3545 loeo
151 3486 314 3563 stationem
332 3486 451 3562 habeat,
470 3488 580 3548 deinde
598 3488 709 3561 triens,
720 3499 826 3568 postea
842 3483 1001 3546 trierarchi
1020 3483 1087 3583 qui,
1107 3495 1138 3542 et
1156 3494 1232 3581 quot
1250 3475 1256 3494 ¹

61 3565 216 3631 triremes:
233 3595 269 3653 ac
286 3572 416 3632 tricenas
434 3573 571 3634 triremes
589 3595 649 3633 una
666 3572 790 3647 tribus,
799 3572 891 3632 denas
908 3569 1118 3649 unusquisque
1136 3567 1232 3628 triens

59 3655 207 3717 triremes
220 3658 383 3718 contineat.
417 3660 511 3733 Nam,
536 3681 562 3718 ιι
551 3657 652 3719 haec
677 3656 785 3719 ordine
804 3655 940 3753 expedita
958 3654 1090 3726 luerint,
1114 3651 1231 3712 etiamsi

60 3763 144 3801 nunc
162 3742 279 3822 aliquid
288 3743 553 3824 praetermisimus
571 3741 686 3830 (neque
704 3742 785 3803 enim
804 3734 896 3804 facile
908 3760 980 3802 sane
1000 3753 1063 3814 cst,
1082 3736 1230 3817 exquisite

57 3827 195 3907 reperire
212 3826 365 3912 singula),
389 3829 447 3888 id'
438 3851 502 3910 rpsa
521 3828 578 3889 sibi
595 3851 644 3888 res
662 3826 814 3902 inveniet,
842 3840 874 3887 et
889 3847 949 3887 una
967 3822 1146 3886 constitutio
1164 3834 1228 3880 tum

58 3912 199 3972 omnium
217 3915 339 3974 navium
357 3927 422 3975 tum
441 3914 571 3994 partium
587 3915 688 3975 sutura
703 3925 756 3974 est.
773 3915 834 3974 lam
852 3910 936 3994 quod
952 3906 1012 3971 ad
1007 3907 1166 3993 pecuniam
1184 3918 1229 3965 at-

58 3996 141 4058 tinet
158 4012 188 4058 et
213 3999 384 4060 evidentem
409 4000 539 4097 aliquam
565 4000 766 4100 parandorum
791 4011 946 4059 sumtuum
964 3994 1139 4069 rationem,
1164 3991 1253 4052 scio,

59 4082 222 4163 equidem,
247 4085 436 4146 incredibile
433 4067 575 4144 visum
567 4085 622 4159 tri,
648 4082 764 4165 quod
755 4105 813 4144 rarn
838 4082 953 4145 dicam.
978 4080 1096 4139 dicetur
1119 4091 1228 4140 tamen.

59 4164 192 4230 Confido
212 4168 314 4243 enirn,
333 4169 358 4229 si
377 4170 442 4251 quis
460 4182 542 4230 recte
561 4170 749 4243 consideret,
773 4169 858 4242 fore,
875 4180 910 4229 ιιι
927 4185 975 4224 me
993 4164 1093 4226 solum
1110 4184 1180 4226 vera
1197 4179 1229 4225 et
1248 4204 1256 4213 -

43 4253 128 4339 'ipso
147 4267 260 4316 eventu
279 4255 503 4336 comprobanda
520 4255 631 4316 dixisse
652 4268 798 4339 appareat.
817 4256 882 4337 Ego
898 4244 1041 4325 affirmo,
1064 4271 1146 4310 nune
1164 4271 1228 4309 non

60 4339 223 4402 dicendum
243 4360 310 4401 esse
329 4341 366 4401 de
384 4340 528 4423 pecunia,
555 4364 623 4402 cum
642 4352 825 4404 commeatus
851 4336 929 4400 adsit
949 4357 1076 4420 magnus
1095 4348 1126 4397 et
1143 4356 1228 4417 prae

195 4454 199 4459 ⁴
387 4454 402 4487 N
