2722 4754
161 149 223 257 sss
445 134 1265 282 ,nsuozsrunnrstonarius05⁵

56 407 63 416 ,
82 365 119 416 μ’.
151 368 264 420 ,secum
281 344 456 445 adduxerat,
472 350 505 408 e't
520 345 596 406 duas
609 345 742 448 ancillas,
760 359 792 407 et
803 368 930 427 puerum
949 348 1121 408 ministrum
1135 347 1218 408 alere
1234 366 1321 428 opor

18 440 37 502 ,”
92 442 97 452 ’
158 444 255 495 teret:
280 430 486 513 praesertim
476 453 544 490 cum
539 429 640 492 bene
665 432 802 492 victitare
820 433 992 513 didicisset,
1018 434 1061 493 ab
1073 434 1140 494 a'liis
1159 444 1320 493 sustentata

24 576 27 582 ,
84 520 88 525 ”
158 519 250 601 prius.
267 509 417 595 Neque
412 515 491 575 enim
511 537 527 575 e
544 516 700 597 republica
724 518 840 577 reditus
867 518 970 598 aliquo
996 519 1127 578 nomine
1143 517 1255 600 dignos
1273 516 1319 576 ba-

124 620 132 652 ss
158 603 258 664 bebat
267 601 458 682 Stephanus,
474 613 513 662 ut
527 624 592 681 qur
572 602 735 662 nondum
755 614 866 662 orator
862 615 965 677 esset,
982 605 1036 663 sed
1055 602 1257 663 calumniator
1273 604 1319 661 ad-

155 671 235 761 lenc,
255 708 290 747 ex
309 706 415 747 eorum
433 708 582 760 numero,
605 688 657 767 qui
676 689 712 747 ad
731 700 907 788 suggestum
934 688 1112 762 acclamant,
1138 701 1171 746 et
1188 689 1320 746 mercede
1351 679 1353 687 ¹

120 791 135 812 „
157 785 313 845 accusant,
340 784 371 831 et
388 770 540 843 indicant,
568 785 599 831 et
615 772 720 833 alienis
747 766 906 833 sententiis
933 773 1148 852 subscribunt,
1177 770 1298 833 donec
1290 795 1318 831 ιιι

80 859 104 932 J
144 858 343 929 clientelam
348 854 511 916 Callistrati
528 852 701 936 Aphiduaei
719 879 751 917 se
776 859 957 919 insinuavit
984 860 1065 933 Quo
1080 879 1155 918 vero
1182 869 1268 937 pacto
1290 871 1318 917 et

70 959 84 1021 sp
123 1010 126 1021 1
158 966 247 1035 quam
266 942 306 1002 ob
325 942 645 1022 causam,1dqnoqnc
663 943 750 1005 vobis
768 944 913 1018 narrabo
931 942 1318 1035 nbiprimumtleNeaera

121 1031 213 1090 t'bac
229 1026 437 1100 ostendero,
444 1048 509 1090 cam
529 1046 594 1086 esse
618 1028 823 1111 peregrinam,
847 1029 1025 1111 magnisque
1043 1050 1097 1090 vos
1122 1027 1285 1088 affecisse
1277 1050 1317 1086 ιιι

49 1149 55 1156 ’
142 1114 260 1194 iuriis,
279 1126 315 1172 et
327 1112 359 1172 in
378 1112 479 1172 deos'
469 1113 596 1193 turpiam
612 1113 776 1173 ειειίῐιειι·
803 1126 839 1189 ut
856 1114 1064 1196 cognoscatis,
1082 1114 1183 1194 ipsum
1203 1134 1316 1191 qnoque

39 1202 42 1210 ‘
130 1234 138 1248 =-
157 1200 282 1282 dignum
302 1218 448 1276 essenon
467 1196 578 1257 minori
596 1199 769 1291 supplicio,
768 1221 863 1277 quam
878 1199 1034 1269 Neaeram,
1053 1201 1106 1259 sed
1119 1199 1219 1257 multo
1236 1197 1314 1256 ettam
1314 1257 1333 1275 ,

18 1340 23 1347 ,
85 1340 87 1344 .
156 1285 280 1356 maiore,
299 1296 447 1362 tantoque
465 1283 569 1376 magis,
588 1271 686 1382 qnod,
705 1305 737 1343 se
755 1283 974 1349 Atheniensem
994 1305 1059 1344 esse
1076 1307 1148 1353 cum
1169 1283 1314 1354 dicatus
1349 1349 1353 1359 .

144 1390 218 1470 ,que
234 1369 311 1428 adeo
331 1381 362 1427 et
378 1369 461 1449 leges
482 1368 659 1440 contemsit,
684 1381 715 1427 et
732 1379 796 1443 vos,
815 1382 845 1429 et
864 1371 946 1430 deos
982 1371 1044 1445 Qui
1063 1364 1184 1449 pudore
1204 1380 1235 1426 et
1251 1389 1313 1427 coo-

63 1488 66 1492 ·
155 1454 281 1516 scientia
299 1475 424 1513 suorum
440 1451 590 1512 scelerum
600 1474 670 1513 non
686 1455 901 1526 estadductus,
919 1455 1152 1534 utqoiesceret,
1170 1453 1234 1525 sed,
1251 1453 1313 1511 dun

83 1565 86 1597 ι
128 1590 130 1597 .
155 1553 187 1600 et
204 1538 279 1598 alios
298 1551 337 1598 et
347 1558 396 1596 me
398 1535 589 1627 calumniari
608 1559 683 1597 non
690 1539 825 1612 dubitat,
845 1540 964 1614 effecit,
982 1552 1016 1599 ut
1035 1552 1066 1598 et
1084 1539 1153 1619 ipse
1171 1551 1202 1596 et
1218 1537 1271 1596 ista
1287 1537 1312 1596 in

131 1624 325 1722 ,periculum
343 1597 563 1695 adduceretur,
588 1636 623 1682 ut
642 1637 671 1683 et
684 1619 756 1696 illa,
781 1624 877 1703 qualis
896 1626 950 1698 sit,
977 1618 1169 1724 exploretur,
1190 1635 1221 1682 et
1235 1622 1311 1682 istius

22 1725 25 1730 ’
145 1708 336 1809 improbitas·
350 1718 538 1789 coarguatur.
572 1709 601 1766 A
618 1707 822 1776 Phrynione
799 1709 907 1790 rgitur
924 1722 1047 1771 vocatus
1065 1710 1098 1768 ιιι
1117 1708 1263 1770 iudicium
1278 1707 1312 1767 ob

43 1858 46 1867 ,
143 1794 336 1857 'Neaeram'
327 1815 374 1852 ιιι
366 1792 554 1853 libertatem
581 1786 726 1853 assertam*
750 1807 780 1853 et
803 1794 844 1853 ob
870 1809 919 1895 ea,
947 1808 1026 1874 quae
1051 1795 1108 1854 ista
1131 1777 1235 1854 domo
1259 1792 1314 1852 eius

60 1949 63 1960 Ι
155 1895 282 1963 egressa
300 1877 492 1952 abstulisset,
518 1890 655 1958 excepta:
680 1879 870 1942 convocatis
881 1879 923 1938 eis
950 1880 1112 1940 familiares
1136 1899 1340 1960 persuasere,-

153 1978 189 2026 ut
206 1965 266 2024 sibi
283 1962 442 2029 arbitrium
468 1964 628 2023 deferrent
654 1962 708 2022 Ac
725 1985 782 2044 pro
773 1944 978 2048 Phrynione
1004 1966 1085 2028 sedit
1103 1965 1220 2024 arbiter
1236 1963 1313 2046 Saty-

79 2042 89 2079 Γ
152 2073 205 2110 s
152 2049 439 2135 Alopecensrs,
463 2048 556 2108 irater
571 2049 820 2120 Lacedaemonii,
845 2071 900 2130 pro
919 2050 1074 2135 Stephano
1097 2039 1219 2110 Sabrias
1236 2050 1313 2107 Lam-

42 2142 105 2200 <·-‘
152 2136 285 2218 prensis:
311 2155 502 2193 communem
526 2145 627 2202 autem
654 2134 713 2194 sibi
739 2135 911 2195 adsciscunt
926 2131 1125 2218 Drogrtonem
1145 2135 1313 2195 Acharneu-

48 2245 51 2249 ·
76 2261 78 2264 -
154 2241 226 2280 sem.
257 2219 299 2278 Hi
317 2218 473 2319 congressi
491 2217 523 2276 in
541 2219 676 2298 templo,
694 2219 795 2279 audita
813 2241 846 2280 re
865 2242 901 2280 ex
918 2233 1051 2300 utroque
1071 2234 1101 2280 et
1120 2239 1168 2280 ει
1173 2221 1242 2301 ipsa
1254 2241 1314 2276 mu-

69 2290 130 2369 370
153 2305 247 2378 licre,
256 2304 444 2365 sententiam
464 2303 618 2375 tulerunt,
637 2322 763 2384 eamque
782 2304 829 2364 illi
844 2318 937 2365 ratam
956 2306 1156 2379 habuerunt,
1162 2305 1315 2365 mulierem

103 2448 108 2456 ι
139 2406 218 2452 esse
236 2347 362 2449 liberam
382 2400 412 2448 et
428 2388 477 2447 sui
495 2387 584 2448 iuris:
603 2410 680 2467 quae
697 2389 990 2474 veroaPhrynione
1010 2412 1128 2474 egressa
1146 2412 1245 2450 secum
1265 2411 1313 2449 ex·
1337 2464 1341 2475 .

97 2536 100 2543 ,
150 2476 288 2547 tulisset,
305 2487 425 2556 praeter
442 2485 575 2546 vestem,
600 2491 706 2533 aurum
732 2486 763 2533 ct
780 2475 912 2537 ancillas
913 2496 1017 2575 1ιιιιιιιιι
1035 2476 1158 2559 mulieri
1176 2487 1254 2534 emta
1272 2495 1314 2532 es-

74 2549 86 2640 f
142 2552 237 2641 sent,
264 2558 436 2644 Pbrypioni
458 2558 612 2623 reddenda
632 2580 697 2619 esse
709 2559 831 2619 οιιιιιιιιι
858 2560 975 2663 copiam
994 2581 1066 2621 vero
1085 2583 1133 2620 sur
1124 2560 1249 2619 lacere
1268 2558 1313 2618 de-

151 2648 225 2707 bere
248 2646 372 2724 utrique
395 2644 518 2705 alternis
545 2640 668 2704 diebus':
703 2645 749 2704 siri
775 2645 896 2704 aliter
887 2659 968 2704 mter
991 2667 1044 2705 eos
1070 2645 1263 2716 conveniret,
1285 2644 1313 2702 id

52 2759 76 2769 ’ν
153 2752 277 2814 quoque
294 2731 393 2793 ratum
413 2750 478 2797 esse
506 2742 661 2809 oportere:
677 2731 803 2792 victum
824 2740 923 2789 autetn
950 2728 1071 2790 mulieri
1089 2732 1126 2790 ab
1146 2752 1183 2790 eo
1211 2750 1312 2831 suppe-

98 2887 102 2904 .
151 2816 327 2889 ditandum,
351 2814 410 2893 qui
423 2834 488 2874 eam
515 2835 639 2899 quoque
665 2827 821 2896 tempore
818 2815 975 2875 haberet:
992 2839 1026 2902 ac
1045 2817 1083 2875 de
1102 2829 1225 2876 caetero
1243 2815 1314 2873 inter

83 2921 87 2929 '
150 2923 184 2962 se
197 2899 363 2962 amicitiam
379 2900 427 2958 uti
445 2896 597 2972 colerent,
616 2896 731 2960 abiecta
752 2901 893 2983 memoria
912 2897 1097 2962 iniuriarum.
1116 2900 1271 2960 Decreta
1263 2898 1312 2982 ιιι

150 2999 202 3048 tur
219 2985 256 3046 ab
274 2984 394 3045 arbitris
412 2983 588 3069 Phrynioui
611 2999 641 3044 et
659 2985 814 3084 Stephano
834 2986 871 3045 de
889 2986 1013 3045 Neaera
1031 2987 1087 3045 ista
1111 2985 1309 3061 reconciliatio

87 3081 96 3095 '
143 3071 225 3132 haec
244 3083 296 3129 est.
332 3069 419 3144 Quae
437 3090 507 3127 vere
526 3091 541 3128 a
559 3090 607 3128 me
627 3070 686 3130 dici
704 3070 750 3130 uti
777 3083 913 3143 constet,
939 3070 1048 3130 boram
1067 3071 1175 3131 vobis
1174 3070 1312 3131 testimo-

82 3189 89 3199 ·
149 3157 235 3217 nium
253 3153 437 3228 recitabitur.
471 3158 568 3213 Voca
573 3154 647 3213 mihi
652 3156 806 3240 Satyrum
824 3144 1056 3241 Alopecensem,
1078 3156 1312 3216 Sabriamlam

52 3319 56 3329 Ι
126 3259 301 3323 *prensem,
319 3220 521 3320 Diogitonem
537 3220 769 3300 Acharnenscm.

529 3375 938 3454 ιιειιιιοιιιιιιιι.

233 3496 359 3603 Satyrus
378 3496 592 3576 Alopecensis,
605 3495 727 3556 Sabrias
745 3495 963 3576 Lamprensis,
971 3497 1122 3580 Diogiton
1140 3497 1312 3558 Acharneu-

58 3587 77 3657 j
149 3582 189 3642 sis
208 3581 376 3655 tesl‘antur,
400 3602 466 3640 ase
493 3581 612 3640 arbitris
637 3582 847 3642 reconciliatos
874 3603 939 3642 esse
950 3583 1146 3663 Stephanum
1175 3595 1207 3641 et
1224 3582 1313 3663 Phry-

87 3697 107 3733 ι
148 3667 289 3740 trionem,
321 3669 358 3726 de
383 3667 499 3726 Neaera
525 3688 607 3727 nunc
631 3687 703 3726 rea
716 3666 887 3749 litigantes.
921 3668 1183 3746 reconciliationis
1219 3680 1313 3727 autem

150 3773 213 3813 eas
209 3753 310 3852 luisse
330 3751 533 3825 conditiones,
550 3773 624 3831 quas
641 3752 784 3812 exhibeat
799 3752 1016 3833 Apollodorus

497 3904 963 3963 anconcrnurto.
996 3885 1104 3975 ‚¹

158 4054 161 4059 .
224 3962 289 4069 llis
318 4005 547 4066 conditionibus
570 3980 808 4065 reconciliamnt
833 4002 1062 4091 Phrynionem
1066 4020 1109 4067 et
1104 4007 1313 4090 Stephanum:

121 4087 263 4151 Neaera
280 4102 410 4170 uterque
427 4083 556 4151 totidem
575 4091 657 4150 dies
666 4092 777 4151 mensis
795 4101 913 4165 utatur,
939 4105 1045 4173 atque
1048 4094 1129 4173 apud
1148 4116 1195 4155 se
1201 4095 1314 4165 habeat,

104 4220 107 4234 .
149 4175 209 4234 nisi
224 4177 300 4236 alter
310 4176 404 4236 ‚alteri
421 4175 503 4236 aliud
521 4177 733 4236 concesserit.

229 4261 284 4320 Ut
290 4272 392 4321 autem
411 4261 561 4321 intereos
580 4266 778 4338 converrerat,
802 4263 855 4342 qui
872 4261 996 4343 utrique
1015 4263 1046 4322 in
1065 4262 1193 4324 arbitrio
1212 4228 1312 4322 adfue-

48 4340 65 4352 ‘
78 4377 91 4421 χ
107 4316 212 4411 relat
229 4352 263 4413 el
277 4345 500 4431 controversia,
515 4345 599 4410 siout
613 4346 680 4409 lere
698 4347 781 4410 solet
787 4348 868 4409 hen
872 4360 1025 4435 perpetuo
1030 4329 1235 4475 (praesertim
1250 4368 1315 4408 con
