2722 4754
183 189 197 229 z
252 134 258 153 ’
303 140 573 243 inversos
608 151 996 240 tauromenum.
1030 188 1083 271 ,ᾗ
1175 160 1280 236 279'.

58 352 160 414 quem
178 328 356 413 priusquam
373 331 501 406 inirent,
524 332 558 394 in
575 353 698 395 omnem
717 352 824 393 eorum
840 330 933 393 vitam
950 339 1116 394 anteactam
1134 325 1237 406 inqui·

56 417 199 478 rebatur.
216 417 281 492 Qui
299 419 327 477 si
339 418 371 479 in
385 415 526 479 omnibus
543 419 656 501 integri
671 417 946 499 compatiebantur,
963 434 1034 475 eum
1047 432 1160 473 annum
1177 411 1236 470 im-

59 503 335 586 perabant„,Post,
352 503 439 563 finito
457 523 556 578 anuo,
573 505 685 564 iterum
703 505 741 564 de
759 503 802 569 eis
821 501 968 561 iudicium
985 497 1086 560 fiebat.
1114 494 1235 574 Quodsi

62 587 242 660 constabat,
268 607 320 647 eos
340 604 379 648 eo
397 608 521 669 quoque
538 601 676 670 tempore
694 587 793 669 probe
811 587 933 649 functos
951 584 1075 656 officio,
1098 580 1131 644 in
1148 596 1235 644 sena-

62 671 362 754 tum‘allegebantur
379 671 650 757 Areopagitarum,
668 694 798 754 quorum
816 671 873 731 bac
891 671 929 730 de
947 691 1035 729 causa
1053 681 1153 729 certus
1172 649 1234 727 nod

64 772 133 819 erat
150 778 309 843 numerus:
326 758 375 818 sin
393 758 472 819 male
486 750 715 842 sogessissent,
734 755 939 818 eliciebantur.
973 754 1111 813 Tertium
1121 751 1235 831 =discri-

64 865 138 906 men
153 857 209 916 est,
221 844 304 923 quod
318 843 567 926 Quingentorum
580 845 700 906 senatui
713 841 875 924 quotannis
890 837 1119 911 succedebam,
1136 838 1234 898 Areo·

64 927 176 1012 pagitis
194 948 387 991 successores
406 950 470 996 nen
487 930 642 990 dabantur.
669 930 735 991 Nisi
754 928 821 1010 quis
841 926 922 985 enim
940 923 1073 1006 graviter
1089 922 1236 1001 deliquis-

52 1027 123 1089 set,
140 1034 205 1074 non
224 1013 409 1075 eiiciebatur.
426 1013 507 1089 Quia
521 1035 594 1076 vero
612 1015 803 1096 propositum
821 1010 910 1072 nobis
929 1021 985 1082 est,
1003 1026 1067 1067 non
1085 1006 1123 1066 de
1135 1005 1236 1086 Areo·

64 1099 187 1184 pagitis,
205 1099 260 1158 sed
278 1100 316 1158 de
336 1098 521 1182 Quingentis
541 1101 705 1161 disserere:
723 1096 972 1182 cognoscendum
990 1104 1046 1165 est,
1066 1085 1127 1171 quo
1146 1102 1235 1171 pacto

63 1183 252 1266 imperarint.
287 1183 545 1258 Sciendum,'non
563 1199 742 1267 supputatos
761 1206 827 1245 esse
845 1201 963 1242 menses
982 1178 1018 1238 ab
1037 1174 1234 1236 Atheniensi-

65 1269 125 1349 bus
142 1270 180 1330 ad
197 1267 290 1343 Solis,
307 1282 344 1329 ut
361 1290 377 1328 a
395 1268 496 1342 nobis,
513 1271 567 1331 sed
585 1271 622 1329 ad
639 1272 742 1332 Lunae
761 1290 889 1329 cursum.
907 1265 984 1326 Nam
1001 1263 1027 1323 si
1044 1261 1148 1322 Solem
1165 1266 1236 1342 sp'e·

67 1368 148 1429 ctes,
170 1353 264 1414 babet
282 1376 379 1414 annus
397 1354 462 1416 dies
481 1351 659 1416 CCCLXV:
683 1355 767 1415 uude
784 1355 837 1427 fit,
859 1365 895 1414 ut
913 1348 1025 1410 mensis
1042 1346 1152 1430 babeat
1169 1346 1236 1406 dies
1267 1358 1286 1377 ·¹

68 1441 199 1502 tricenos
216 1452 250 1498 et
267 1440 419 1501 trientem.
443 1439 553 1501 Decies
571 1440 653 1501 enim
672 1441 760 1500 XXX
778 1439 893 1499 faciunt
911 1430 1002 1495 CCC!
1020 1432 1067 1493 bis
1084 1431 1173 1492 XXX
1189 1430 1235 1493 sa-

64 1524 152 1586 ciunt
167 1525 228 1584 LX
246 1526 374 1585 Restant
391 1529 427 1585 V.
444 1525 551 1587 Triens
571 1525 752 1586 duodenarii
770 1536 816 1585 est
834 1520 1002 1603 quaternio.
1022 1519 1171 1598 Reliquus
1190 1526 1236 1577 est
1293 1590 1298 1597 Ι

61 1631 147 1671 unus
166 1609 239 1670 dies.
256 1610 355 1671 Unius
374 1610 435 1671 dlei
453 1631 521 1691 pars
539 1610 719 1673 duodecima
734 1623 806 1671 sunt
824 1610 894 1670 duo.
911 1607 973 1666 Sed
990 1604 1028 1664 ad
1044 1605 1147 1664 Lunae
1167 1623 1234 1662 cur·

61 1718 136 1757 snm
152 1716 248 1756 annus
267 1695 361 1757 babet
375 1691 533 1757 CCCLIII!
551 1698 618 1757 dies'
625 1720 633 1754 ε
649 1679 732 1758 uride
747 1697 792 1769 fit,
809 1707 846 1755 ut
859 1691 971 1754 mensis
990 1700 1111 1751 constet
1128 1686 1250 1747 diebus,

60 1779 180 1841 vicenis
197 1781 325 1842 novenis
345 1795 376 1843 et
393 1781 526 1844 semisse.
543 1782 651 1844 Decies
671 1783 752 1843 enim
769 1780 878 1863 viginti
895 1789 968 1838 sunt
983 1771 1050 1835 CC:
1068 1773 1114 1834 bis
1128 1770 1249 1856 viginti

65 1866 140 1933 XL':
169 1866 267 1927 decies
286 1888 396 1927 novem
413 1862 485 1927 XC:
504 1867 550 1928 bis
567 1887 678 1929 novem
696 1868 802 1927 XVIII.
833 1862 972 1925 Semissis
991 1858 1172 1921 duodenarii
1191 1867 1238 1916 est

62 1951 165 2012 senio.
198 1951 353 2031 Itaquein
371 1951 547 2013 universum
566 1966 638 2014 sunt
655 1953 719 2014 dies
739 1947 913 2011 CCCLIIII:
938 1947 976 2006 ad
995 1967 1117 2005 cursum
1134 1947 1236 2002 autent

62 2035 141 2097 solis
160 2035 272 2097 desunt
289 2037 353 2097 dies
364 2038 419 2112 XI,
438 2059 515 2118 qnos
529 2032 734 2098 Athenienses
752 2035 844 2109 tertio
864 2053 987 2115 quoque
1005 2051 1085 2090 anno
1105 2027 1235 2090 coniun-
1265 2049 1272 2066 ¹

60 2133 172 2206 gentes
189 2142 327 2182 mensem
344 2121 461 2184 faciunt
477 2123 684 2197 intercalarem
702 2123 853 2182 tricenum
870 2119 963 2180 trium
982 2117 1107 2176 dierum
1126 2111 1234 2174 Conti-
1258 2107 1307 2166 37:

62 2219 119 2267 net
134 2204 345 2289 igiturannus
364 2209 401 2268 ad
418 2200 522 2269 Lunae
540 2203 661 2270 cursum
680 2204 838 2267 CCCLIIII
856 2205 928 2277 dies.
954 2202 1001 2262 Ac
1020 2202 1085 2261 dies
1105 2211 1237 2280 quatuor

60 2290 161 2352 Attici
178 2291 330 2352 vocabant
354 2293 537 2367 comitiales,
562 2294 673 2374 quibus
700 2294 910 2375 interregnum
929 2287 1042 2348 eratin
1059 2286 1179 2357 Attica,
1206 2294 1237 2343 et

61 2375 259 2459 magistratus
278 2378 520 2461 designabantur.
539 2379 710 2462 Quingenti
728 2379 822 2462 igitur
835 2374 880 2437 illi
894 2370 999 2434 CCCL
1013 2373 1076 2434 dics
1091 2370 1129 2449 in⁴
1141 2367 1236 2451 magi-

62 2474 160 2545 stratu
179 2473 273 2523 eraut
310 2463 370 2523 Sed
389 2464 460 2544 quia
477 2464 566 2525 multi
584 2479 680 2540 erant,
702 2479 733 2526 et
750 2463 874 2547 negotia
890 2481 954 2520 non
973 2457 1113 2541 expedite
1131 2473 1236 2516 sucee-

58 2546 200 2607 'debanta
214 2547 410 2610 decuriarunt
427 2568 494 2610 sese
511 2570 567 2632 pro
582 2550 717 2611 tribuum
734 2568 874 2622 numero,
890 2558 927 2606 ut
941 2537 1237 2626 singulae‘decuriae

64 2631 300 2716 quinquagenos
319 2634 523 2696 continerent.
539 2636 604 2695 Hos
623 2637 704 2696 enim
717 2620 917 2716 unaquaeque
936 2629 1033 2692 tribus
1053 2622 1237 2713 designabat

64 2719 156 2778 Unde
171 2717 277 2791 fiebat,
295 2731 330 2779 ut
348 2719 557 2804 quinquageni
570 2720 615 2781 iIIi
630 2722 763 2781 tricenos
782 2719 892 2800 quinos
910 2717 975 2776 dies
992 2713 1120 2792 reliquis
1139 2712 1236 2789 impe-

64 2816 176 2864 rarent
210 2803 253 2861 Hi
272 2804 353 2863 enim
372 2806 489 2865 XXXV
507 2805 572 2867 dies
590 2819 663 2865 sunt
686 2806 800 2865 decima
826 2803 898 2864 anni
916 2823 1000 2884 pars:
1036 2797 1135 2859 decies
1155 2791 1236 2855 enim

64 2885 247 2949 xxxsutn
264 2885 360 2950 CCC:
376 2890 477 2950 decies
495 2893 525 2950 V
541 2903 614 2951 sunt
631 2893 662 2951 L.
683 2887 761 2951 Cum
780 2902 880 2951 autem
898 2888 958 2970 ipsi
977 2886 1068 2947 etiam
1086 2880 1237 2963 quinqua·

33 3003 40 3013 ¹
61 2973 136 3057 geni
154 2974 260 3055 plures
279 2987 396 3049 essent,
420 2997 511 3056 quam
528 2989 565 3038 ut
582 2978 742 3037 commode
768 2974 859 3035 simul
876 2972 1052 3056 magistratu
1070 2961 1236 3049 sun'geren-
1264 3038 1267 3045 Ι

61 3072 129 3119 tur:
146 3059 194 3127 illi
210 3060 315 3121 decem
332 3060 442 3122 sortito
456 3083 553 3122 unum
571 3061 705 3142 septidui
718 3061 809 3133 diem,
827 3059 966 3120 similiter
981 3070 1012 3117 et
1021 3053 1134 3134 reliqui
1148 3069 1236 3111 suum

65 3143 197 3226 quisque
216 3145 297 3204 diem
316 3144 515 3226 imperabant,
533 3147 632 3206 donec
650 3158 767 3227 septem
784 3145 830 3205 illi
848 3145 911 3205 dies
931 3143 1164 3224 complerentur.
1193 3137 1237 3194 Ita

66 3229 176 3304 fiebat,
192 3243 231 3290 ut
245 3243 308 3289 tres
327 3250 343 3290 e
362 3252 489 3292 numero
508 3231 738 3314 magistratuum
755 3251 819 3291 non
838 3231 1029 3313 imperarent.
1064 3220 1237 3302 Unusquis-

64 3335 126 3395 que
143 3327 249 3376 antem
260 3316 458 3399 magistratus
474 3338 539 3378 uno
557 3316 606 3378 die
624 3312 788 3377 vocabatur
804 3318 982 3399 praefectus.
1001 3310 1065 3374 Cur
1080 3329 1154 3372 vero
1171 3326 1237 3367 uno

64 3410 182 3460 tautum
208 3400 258 3463 die
283 3400 470 3482 imperabat?
505 3402 588 3485 Quia
603 3402 694 3462 clavis
718 3402 793 3462 arcis
820 3402 849 3478 ei
866 3401 1063 3470 credebatur,
1089 3408 1120 3457 et
1138 3389 1238 3454 omnia

65 3483 193 3566 pecunia
212 3485 349 3546 civitatis.
377 3487 432 3561 Ne
442 3487 537 3570 igitur
553 3508 682 3572 regnum
699 3488 873 3562 affectaret,
889 3487 982 3546 unius
1001 3483 1062 3544 diei
1079 3481 1238 3563 magistra-

63 3579 130 3630 tum
148 3591 216 3631 esse
234 3571 406 3632 voluerunt.
431 3571 595 3633 Sciendum
613 3586 715 3633 autem
734 3586 789 3645 est,
807 3570 1040 3654 quinquagenos
1059 3568 1128 3628 illos
1147 3583 1237 3628 voca·

61 3667 111 3716 tos
122 3654 220 3716 luisse
235 3655 393 3717 curiones:
412 3657 508 3718 denos
522 3657 674 3739 praesides
689 3658 752 3718 sive
767 3677 923 3739 proceres:
939 3677 1036 3717 unum
1049 3654 1136 3714 illum
1149 3669 1237 3734 prae·
1286 3687 1289 3693 ι

61 3740 185 3801 Ie'ctum.
230 3741 447 3802 Accedeudum
472 3743 533 3804 iam
551 3745 650 3804 estad
676 3744 850 3828 propositae
868 3743 958 3803 nobis
985 3739 1130 3802 orationis
1149 3756 1238 3835 argu-

61 3839 211 3902 mentum.
255 3827 350 3886 Moris
370 3832 444 3900 erat,
460 3840 496 3888 ut
513 3839 636 3889 senatus
655 3829 915 3911 Quingentorum,
934 3840 1054 3912 accepta
1075 3847 1091 3885 e
1110 3821 1236 3904 publico

62 3913 206 3993 pecunia,
217 3932 319 3974 novas
337 3912 476 3972 triremes
491 3912 699 3975 fabricaretur.
733 3914 907 3996 Legeitem
925 3913 1088 3976 iubebatur
1106 3919 1240 3977 senatus,
1282 3924 1285 3929 “

62 3997 88 4058 si
104 3997 217 4079 populi
243 3996 494 4078 approbationem
511 3997 718 4081 iniungendo
745 4018 872 4063 munere
896 3998 1049 4061 senatorio
1068 3993 1240 4062 meruisset,
1285 4052 1288 4057 .

64 4102 180 4145 corona
199 4081 315 4142 donari.
334 4082 361 4141 Is
374 4083 469 4165 igitur
485 4097 618 4157 senatus,
638 4086 677 4144 de
694 4105 755 4167 qno
773 4085 938 4166 loquimur,
957 4102 1138 4163 quamquam
1153 4098 1238 4140 acce-

62 4180 114 4250 pta
133 4173 179 4245 ex'·
190 4166 454 4247 aemriopeeunia
471 4168 609 4229 triremes
627 4190 692 4230 non
709 4172 832 4243 fecerat,
849 4186 961 4242 tamen,
979 4190 1048 4247 eum
1061 4167 1094 4228 in
1113 4164 1238 4229 caeteris

53 4253 211 4317 «omuibus
230 4253 309 4314 bene
328 4273 360 4312 se
378 4252 507 4335 gessisse
527 4255 696 4327 rideretur,
713 4257 889 4318 Androtion
909 4267 1022 4328 orator,
1040 4254 1105 4314 eius
1124 4249 1239 4312 ordinis

63 4352 226 4425 patronos,
243 4340 399 4401 decretum
417 4336 500 4412 fecit,
517 4352 553 4402 ut
567 4353 690 4404 senatus
705 4362 819 4407 corona
833 4342 1005 4403 donaretur.
1024 4339 1063 4402 ld
1073 4340 1242 4400 decretum.
