2722 4754
152 191 215 248 510
266 136 306 237 *a
432 181 795 248 nssaostfltttts
837 185 1032 252 ORATIO
1070 210 1078 219 ’

138 341 286 412 terebat,
311 353 342 399 et
360 337 474 399 iudicio
491 337 667 399 Leocratem
678 333 827 421 'persequi
845 356 1005 405 statuerat:
1032 346 1103 418 sed,
1119 347 1333 417 suadentibus.

150 426 287 509 cognatis
305 437 336 485 et
352 424 556 505 precantibus,
572 437 608 484 ut
625 425 657 485 in
673 426 786 487 familia
803 429 979 490 Leocrateru
997 430 1173 513 adoptivum
1192 433 1317 494 Archia-

150 514 206 573 dae
224 511 321 570 lilium
339 529 406 593 esse
424 521 594 591 pateretur,
621 513 772 572 concessit
782 513 968 598 'Midylirlem
995 522 1058 575 no'n
1077 518 1192 578 iudicio
1211 520 1316 596 victus,

53 609 57 625 ¹
149 597 202 657 sed
229 595 356 655 omuino
374 595 502 655 abistis
528 597 769 669 circumventus,
796 598 905 658 deiude
929 622 1000 661 sane
1027 601 1117 660 etiam
1144 605 1315 667 domesticis

148 673 349 742 obsecutus!
357 679 402 740 Ac
421 680 600 764 Midylides,
619 680 665 740 lais
683 683 773 753 actis,
791 697 921 744 mortem
939 685 1019 745 obit:
1036 687 1198 748 Leocrates
1218 703 1313 752 autem

150 766 318 827 Archiadae
343 765 423 826 hona
448 778 552 839 tenet,
578 779 610 825 et
632 766 830 827 hereditatem
859 770 988 851 percipit
1014 773 1126 833 multos
1145 795 1258 848 annos,
1284 780 1325 840 ut*

150 850 215 912 eius
241 851 400 932 adoptivus
425 851 522 911 filius:
558 872 615 911 nos
639 866 730 925 veto,
757 855 840 933 quod
866 875 900 914 ea
926 857 1088 941 Midylides
1117 875 1315 936 concesserat,

148 937 327 1018 quievimus.
345 937 414 996 Nou
433 937 530 997 multo
548 949 648 996 autem
661 951 731 1017 post
748 939 840 1020 (quae
854 941 997 1022 deinceps
1016 944 1166 1016 dicentur,
1187 946 1314 1028 diligen.

149 1036 198 1084 ter
214 1023 378 1095 attendite,
396 1020 530 1103 ludices)
545 1016 706 1083 Leocrates
724 1025 884 1104 adoptatus
903 1026 1087 1102 Archiadac,
1103 1031 1214 1090 relicto
1233 1032 1265 1091 iu
1285 1053 1314 1094 ea

148 1109 260 1170 familia
278 1111 437 1168 Leostrato
455 1107 519 1166 lilio
538 1106 693 1190 legitimo,
711 1107 776 1188 ipse
796 1110 875 1170 redit
891 1111 923 1171 in
941 1113 1134 1186 Eleusinios,
1152 1117 1236 1176 unde
1254 1131 1314 1179 erat

79 1257 85 1264 ,
148 1195 305 1268 oriundus.
322 1194 369 1252 Ac
387 1215 425 1252 ne
443 1206 509 1252 tum
528 1193 651 1272 quidem
669 1214 726 1252 nos
745 1195 907 1275 quicquam
927 1211 1028 1259 earum
1046 1221 1165 1272 rerum,
1185 1224 1263 1281 quae
1281 1204 1314 1263 ad

117 1354 120 1360 Ι
147 1281 345 1341 hereditatem
359 1279 499 1351 attinent,
516 1278 680 1338 movimus:
698 1280 763 1352 sed,
780 1302 857 1360 quae
870 1295 934 1342 acta
953 1297 1047 1358 erant,
1065 1298 1128 1347 rata
1147 1286 1312 1350 habuimus.

51 1400 55 1409 ι
147 1367 264 1427 Rursus
277 1379 377 1425 autem
388 1367 563 1424 Leostratus
575 1363 651 1445 ipse,
669 1366 723 1443 qui
737 1366 896 1447 adoptivus
912 1370 1083 1430 essetiilius
1097 1383 1128 1430 et
1141 1372 1267 1432 relictus
1283 1373 1312 1434 in

116 1517 123 1527 ,
146 1451 316 1513 Archiadae
333 1450 460 1523 familia,
485 1450 649 1509 revertitur
666 1451 703 1509 ad
721 1451 911 1526 Eleusinios,
929 1466 964 1513 ut
982 1466 1013 1514 et
1030 1467 1116 1535 pater
1134 1479 1225 1530 suus,
1243 1459 1312 1517 reli.

146 1550 196 1598 cto
214 1537 247 1596 iu
265 1556 300 1595 ea
318 1535 429 1594 familia
446 1554 592 1616 germano
609 1535 685 1608 filio,
703 1555 758 1615 per
767 1549 832 1617 tres
843 1559 988 1618 personas
1002 1539 1155 1621 primitiva
1173 1543 1311 1623 adoptio-

39 1641 45 1654 ·
121 1644 124 1649 ·
145 1642 185 1681 ne
204 1635 309 1681 contra
327 1621 409 1702 leges
429 1619 610 1679 confirmata.
639 1618 703 1694 Qui
721 1622 803 1681 enim
822 1645 889 1682 cunr
908 1623 1026 1706 legibus
1046 1627 1224 1699 consentiat,
1243 1651 1308 1687 cum

145 1707 211 1789 ipsc
230 1706 310 1765 lilius
336 1704 512 1784 adoptivus,
537 1702 609 1764 filiis
627 1705 776 1784 adoptivis
802 1706 934 1781 relictis,
962 1709 993 1768 in
1011 1733 1096 1769 suam
1114 1710 1255 1771 familiam
1273 1714 1310 1774 sit

141 1791 304 1852 reversus?
330 1788 423 1869 idque
447 1788 586 1848 adhunc
608 1810 706 1869 usque
731 1791 811 1852 diem
840 1793 940 1853 faeere
958 1815 1021 1853 non
1046 1795 1173 1857 destitit·
1206 1797 1309 1876 quue

87 1876 90 1881 ’
144 1891 233 1958 pacto
252 1898 285 1936 se
302 1897 359 1935 uos
378 1873 546 1935 hereditate
563 1873 755 1936 fraudaturus
773 1890 896 1958 putant,
920 1892 1078 1958 quaestum
1098 1880 1258 1954 faciendo,
1282 1895 1310 1943 et

143 1962 310 2023 liberorum
334 1961 430 2020 instar
452 1959 566 2021 victum
594 1981 630 2021 ex
646 1960 928 2023 Arehiadaebouis
947 1967 1098 2044 petendo,
1123 1979 1216 2045 atque
1242 1967 1310 2027 inde

144 2069 265 2129 semper
281 2048 313 2106 iu
331 2054 486 2128 paternam
503 2044 646 2106 familiam
663 2048 838 2120 redeundo,
861 2064 896 2109 ac
914 2069 978 2109 eam
998 2051 1121 2129 quidem
1139 2064 1249 2111 sartam
1268 2065 1311 2112 te-

145 2148 223 2195 ctam
242 2131 465 2205 conservando,
489 2130 572 2208 illam
589 2144 691 2191 autem
709 2136 926 2212 consumendo.
960 2135 1021 2195 Sed
1039 2147 1157 2209 tamen,
1178 2138 1310 2217 quamvis

15 2251 18 2260 ·
74 2262 78 2270 -
105 2247 108 2257 ·
144 2221 201 2281 ista
214 2220 385 2290 italierent,
403 2236 470 2290 nos,
488 2217 572 2296 quod
590 2215 661 2291 disi,
678 2217 873 2283 toleravimus
893 2220 1000 2281 omnia.
1019 2222 1091 2295 Quo
1110 2222 1231 2301 usque?
1248 2223 1310 2282 Do-

144 2307 397 2374 necheocrates,
423 2301 454 2359 in
473 2300 641 2362 Archiadae
664 2302 777 2365 familia
793 2305 917 2365 relictus
936 2306 1035 2380 filius,
1064 2305 1157 2366 orbus
1175 2307 1310 2368 decessit.

96 2453 99 2459 ,
144 2392 216 2466 Quo
236 2391 301 2450 sine
320 2386 426 2448 liberis¹
443 2387 605 2460 defuncto,
622 2388 771 2468 petimus,
797 2403 838 2450 ut·
850 2390 939 2461 nobis
957 2412 1071 2474 genere
1089 2391 1232 2472 proximis
1250 2392 1309 2451 Ar-

143 2475 267 2537 chiadae
284 2474 389 2535 relicta
407 2472 472 2531 eius
492 2473 572 2533 bona
589 2473 777 2548 tribuantur,
797 2487 828 2535 et
847 2476 1092 2551 nondefuucto,
1111 2477 1165 2557 qui
1182 2477 1243 2535 luit
1260 2478 1310 2537 ad·

144 2561 283 2642 optirus,
306 2559 387 2619 lilius
406 2558 437 2617 in
455 2558 592 2618 fraudem
610 2571 744 2638 nostram
763 2562 931 2641 adoptetur.
968 2562 1061 2637 Quod
1078 2561 1105 2621 si
1124 2562 1189 2642 ipse
1208 2561 1308 2623 vivens

142 2647 279 2707 lecisset:
305 2665 487 2725 quamquam
506 2643 536 2702 id
553 2643 665 2703 sactum
683 2653 788 2704 contra
806 2646 889 2728 leges
909 2659 1004 2721 esset,
1029 2668 1093 2706 non
1110 2668 1309 2730 repugnasse·
1353 2676 1357 2683 ·

34 2760 37 2765 ·
60 2740 119 2797 196
144 2754 218 2793 mus.
236 2731 297 2790 Sed
315 2729 385 2810 quia
402 2749 503 2808 neque
521 2729 705 2789 naturatuis
721 2729 750 2789 ei
766 2730 848 2790 lilius
864 2729 957 2805 ullus,
974 2753 1074 2812 neque
1088 2732 1191 2792 ullum
1210 2732 1308 2793 vivens

142 2818 194 2878 ille
212 2815 376 2897 adoptarit,
393 2814 440 2883 lex
458 2826 559 2899 autem
578 2813 761 2875 hereditates
776 2836 889 2898 genere
904 2816 1048 2897 proximis
1063 2816 1191 2877 tribuit:
1209 2836 1307 2877 nonne

40 2915 43 2923 '
142 2917 271 2983 utraque
289 2900 407 2960 ratione
425 2920 555 2978 aequum
574 2911 638 2973 est,
655 2921 711 2959 uos
731 2899 820 2960 bonis
838 2901 1070 2963 non-fraudari?
1105 2903 1185 2962 Nam
1197 2915 1236 2980 ,et
1252 2903 1307 2962 Ar·

142 2988 283 3058 chiadae,
300 2985 387 3047 cuius
405 2983 491 3044 luere
509 2982 589 3043 bona
607 2984 645 3044 ab
662 2984 769 3059 initio,
792 3006 905 3069 genere
922 2987 1052 3067 propiori
1069 3009 1193 3061 sumus,
1212 2999 1243 3047 et
1258 2989 1306 3048 ad-

141 3075 247 3155 optivo
264 3067 410 3131 Leocrati.
435 3070 518 3129 lllius
531 3069 618 3154 enim
636 3082 723 3150 pater
739 3072 776 3131 ad
793 3071 968 3132 Eleusinios
985 3093 1123 3132 reversus
1142 3072 1307 3138 necessitu-

15 3179 19 3188 ’
95 3189 98 3192 Δ
140 3159 242 3221 dinem
260 3158 342 3217 illam
361 3155 482 3239 exlege
500 3154 564 3236 ipse
583 3153 642 3215 sibi
654 3155 828 3236 praecidit:
856 3177 912 3216 nos
931 3178 1021 3230 vero,
1046 3157 1230 3237 inquorum
1249 3164 1307 3217 erat

138 3244 262 3318 familia,
279 3241 474 3302 arctissimam
493 3239 707 3323 cognationem
724 3241 915 3315 retinuimus,
933 3264 1001 3302 cum
1021 3258 1157 3303 essemus
1177 3243 1242 3303 eius
1258 3264 1307 3302 so-

81 3366 85 3371 ·
140 3329 228 3389 brini.
264 3327 415 3400 Proinde,
440 3326 466 3386 si
483 3325 545 3398 vis,
570 3339 605 3386 ut
622 3326 790 3387 Archiadae
807 3328 930 3410 cognati
948 3327 1148 3388 hereditatem
1166 3328 1307 3408 petimus,

139 3415 165 3477 si
182 3415 245 3487 vis,
271 3426 306 3472 ut
323 3412 483 3473 Leocratis.
519 3410 583 3485 Qui
602 3434 670 3471 cum
696 3411 763 3471 siue
781 3412 884 3473 liberis
903 3413 1086 3491 decesserit,
1104 3421 1193 3473 nemo
1213 3426 1261 3472 est
1279 3412 1306 3470 ei

139 3521 229 3581 quam
247 3519 302 3557 nos
322 3489 434 3578 genere
460 3497 595 3578 propior.
630 3498 670 3558 Et
687 3512 834 3576 quantum
851 3498 883 3556 in
902 3497 1074 3585 tequidem
1093 3498 1168 3572 suit,
1193 3497 1306 3558 exstin-

138 3598 186 3646 cta
205 3597 268 3656 est,
285 3585 460 3656 Leostrate,
487 3582 615 3641 familia:
641 3596 767 3663 propter
785 3584 864 3642 bona
884 3584 965 3643 euim
985 3584 1235 3645 coniunctionem
1255 3576 1315 3642 eo)

37 3730 42 3749 ,
137 3693 206 3731 rum
223 3670 368 3742 virorum,
388 3669 440 3748 qui
455 3681 485 3728 te
500 3668 689 3748 adoptarent,
706 3667 848 3727 tuebaris.
866 3669 977 3743 Quoad
991 3668 1088 3742 enim,
1094 3689 1135 3739 eo
1150 3668 1305 3740 defuncto,

24 3798 27 3818 .
71 3828 75 3835 .
139 3755 337 3816 hereditatem
354 3773 444 3812 nemo
459 3753 591 3833 petebat,
603 3752 720 3812 nullum
733 3753 902 3814 Archiadae
913 3752 1008 3813 lilium
1022 3754 1206 3835 adoptabas:
1223 3764 1305 3834 post-

138 3863 229 3924 quam
247 3853 347 3900 autem
365 3860 439 3911 nos,
465 3839 530 3897 eius
549 3838 687 3920 cognati,
711 3840 743 3897 in
762 3839 895 3899 medium
914 3839 1069 3913 venimus,
1087 3852 1153 3898 tum
1172 3841 1306 3920 adoptas,

137 3941 173 3987 ut
183 3927 271 3986 ‘hona
288 3924 437 3984 retineas:
456 3944 524 3983 cum
543 3922 618 3982 nihil
638 3944 703 3982 esse
722 3925 802 3985 dieas
814 3924 992 3997 Archiadae,
1006 3946 1027 3984 a
1040 3939 1105 4004 ‘quo
1119 3923 1163 3983 sis
1182 3925 1305 4004 adopta-

16 4074 23 4088 ,
135 4025 196 4085 tus,
215 4010 395 4072 contestaris
412 4021 518 4069 contra
536 4027 592 4066 nos
610 4021 641 4067 et
658 4029 756 4091 genus
774 4010 922 4082 nostrum,
941 4011 1024 4090 quod
1038 4009 1069 4069 in
1088 4009 1234 4070 confesso
1252 4023 1306 4080 est,

103 4143 107 4148 ,
138 4096 269 4176 expellis'.
287 4095 407 4170 Quodsi
425 4093 501 4153 nihil
519 4106 565 4152 est
583 4091 614 4151 in
631 4094 776 4156 aedibus:
792 4095 867 4175 quid
885 4095 942 4157 tibi
961 4095 1134 4167 decedit,‘si
1153 4115 1211 4156 nos
1230 4092 1303 4152 nihil

51 4224 58 4241 .
137 4181 212 4240 illud
231 4203 267 4240 ex
285 4181 453 4241 hereditate
469 4177 673 4261 percipimus?
691 4179 751 4239 Sed
770 4181 850 4240 enim
870 4182 935 4241 eius
953 4179 1142 4262 impudentia
1158 4193 1191 4240 et
1209 4179 1316 4239 avari:

56 4336 59 4342 ι
137 4265 179 4325 tia
197 4265 264 4325 talis
283 4279 339 4339 est,
357 4266 484 4337 ludices,
502 4277 538 4324 ut
556 4263 717 4336 existimet,
735 4261 878 4346 oportere
896 4287 929 4326 se
940 4267 978 4328 iu
995 4264 1163 4324 Eleusiniis
1181 4277 1304 4346 paterna

137 4349 218 4412 bona
241 4371 413 4434 regressum
438 4349 596 4426 obtinere,
621 4361 652 4410 et
668 4349 903 4429 commestam,
929 4372 1006 4432 qnae
1024 4371 1081 4432 per
1104 4349 1302 4431 adoptionem
1320 4362 1323 4366 '
