2722 4754
111 189 190 283 ‚sos
270 250 276 263 .
357 135 1006 290 ,nanosces-nursoimrvo

122 381 197 422 rum
211 355 404 440 reipublicae.
421 354 487 436 Ego
506 352 682 414 vero·vobis
701 351 778 413 illud
795 360 900 411 contra
919 349 979 440 hoc
996 349 1225 430 opponendum
1236 367 1304 409 esse

129 457 244 506 statuo:
264 444 418 502 decretum
436 438 472 497 ab
488 438 550 498 isto
570 457 635 498 esse
654 437 911 518 scriptum,gnon,
929 448 965 496 ut
983 455 1024 510 eo
1039 435 1127 495 irrito
1146 435 1229 495 nihil
1248 455 1303 495 vos

126 527 315 592 incommodi
331 523 483 586 sentiretis
502 522 653 607 (licuisset
670 523 751 582 enim
769 520 806 580 ab
823 521 912 581 initio
930 521 1007 580 nihil
1023 514 1169 594 scribere,
1187 521 1215 581 si
1232 540 1304 602 spe-

65 613 102 675 ’Ῐ
129 625 255 688 ctasset,
272 610 346 691 quid
365 621 446 670 essct
464 605 685 690 erepublica),
709 607 779 681 sed,
796 618 832 665 ut
849 605 936 666 vohis
956 605 1091 686 deceptis
1110 605 1236 685 quidam
1257 625 1305 680 ea,

51 694 54 699 ’
80 695 106 724 ”’
128 718 205 781 quae
224 719 293 774 curn
311 692 619 758 vestris‘utilita‘tihus
638 704 790 777 pugnant,
809 702 1077 770 consequerentur.
1114 692 1176 767 Qui
1194 704 1306 753 autern
1329 772 1333 777 Ι
1356 706 1359 713 ·

73 795 75 799 ’
128 777 312 857 accusarint,
332 794 362 841 et
378 800 443 839 rem
462 777 654 850 distulerint,
673 789 704 836 et
722 775 896 850 effecerint,
915 794 954 835 nc
972 787 1071 836 ratum
1091 780 1172 836 esset
1190 779 1305 845 decre-

127 881 209 941 tum,
234 868 268 940 hi
285 887 341 927 nos
360 880 472 926 snmus.
487 891 488 895 ¹
503 863 677 923 Absurdum
697 861 792 944 igitur
808 860 918 933 fuerit,
937 883 1064 940 quarum
1081 883 1183 927 rerum
1203 862 1307 946 gratia

120 954 216 1015 nobis
236 953 374 1025 debetur,
393 970 441 1009 eas
460 947 526 1008 istis
543 946 635 1014 ¹saluti
654 966 727 1006 esse.
753 944 991 1027 Deinde‘neque
1010 948 1051 1006 ita
1069 947 1198 1028 simplex
1217 948 1312 1018 istud,

129 1048 191 1114 est,
208 1037 369 1118 ut‘aliquis
388 1033 547 1094 existimet.
582 1032 659 1092 Nam
678 1031 812 1101 sinemo
840 1044 920 1092 essct
937 1032 1012 1092 alius
1040 1032 1127 1094 istius
1148 1028 1307 1117 exemplo,
1334 1062 1336 1067 ·

127 1124 265 1208 neglecta
290 1120 432 1192 utilitate
448 1110 560 1192 vestra,
596 1117 778 1197 scripturus:
813 1117 913 1176 minus
938 1117 1065 1178 fortasse
1092 1118 1182 1202 grave
1210 1121 1307 1195 foret.

119 1209 233 1282 Nunc,
260 1204 331 1286 quia
346 1205 422 1281 tales
441 1220 512 1264 non¹
522 1201 611 1284 pauci
628 1215 716 1277 sunt,
744 1203 836 1263 vestri
855 1202 949 1266 officii
966 1223 1030 1263 non
1048 1217 1112 1277 cst,
1141 1200 1303 1268 decretum

126 1293 209 1356 istud
226 1291 363 1353 tolerare.
400 1289 478 1366 Quis
497 1287 580 1348 enim
596 1298 660 1347 n'on
678 1288 786 1347 securo
804 1289 907 1348 animo
926 1288 1028 1348 denuo
1047 1289 1174 1364 scribet,
1194 1291 1222 1352 si
1237 1291 1302 1353 hoc

90 1374 109 1446 ’,
126 1362 220 1440 luerit
235 1372 427 1436 absolutum?
454 1373 532 1450 Quis
549 1394 613 1433 non
632 1363 830 1454 approbabit?
846 1373 1015 1449 'Quisvero
1034 1374 1209 1437 accusabit?
1227 1375 1305 1456 Non

41 1523 50 1539 χ
128 1463 222 1548 igitur
238 1460 365 1543 spectari
384 1457 493 1534 de'bet,
518 1457 633 1518 an¹hoc
652 1458 692 1518 sit
708 1458 896 1538 temporibus
914 1458 1048 1518 irritum:
1081 1461 1135 1519 sed
1151 1461 1234 1522 illud
1252 1463 1305 1522 in-

53 1584 60 1593 .
124 1545 275 1610 tuendum
293 1542 355 1618 est,
389 1560 460 1619 vos,
494 1535 638 1604 sivestro
656 1542 802 1625 suffragio
821 1544 976 1610 decretum
994 1565 1075 1604 nunc
1093 1544 1303 1625 absolveritis,

36 1640 51 1706 λ’
126 1624 192 1707 his,
211 1631 264 1717 qui
282 1631 383 1689 denno
401 1648 513 1690 nocere
530 1628 618 1689 vobis
636 1627 757 1703 volent,
782 1627 994 1710 impunitatem
1011 1631 1143 1690 daturos.
1187 1625 1302 1715 Neque

39 1749 43 1756 1
106 1706 202 1786 -i'llnd
221 1716 310 1776 etiam
328 1735 377 1775 me
394 1714 485 1785 latet,
517 1712 738 1788 Athenienses,
764 1710 988 1775 'Aristocratem
1006 1700 1229 1796 simplicem'et
1245 1739 1299 1780 ve-

32 1792 39 1801 ’
126 1823 190 1865 ram
209 1799 417 1863 defensionem
435 1794 550 1860 nullam
566 1797 694 1862 hahere:
716 1799 770 1858 sed
787 1799 857 1860 talia
877 1800 1028 1880 quaedam·
1042 1799 1155 1885 effugia
1174 1804 1299 1885 quaesi.

101 1882 246 1965 ¹turum,
273 1886 393 1948 decreta
415 1883 506 1946 huius
529 1883 650 1970 generis
668 1883 763 1953 multa
786 1884 845 1945 iam
864 1898 895 1946 et
912 1884 1015 1946 multis
1041 1905 1106 1948 esse
1130 1887 1218 1950 facta.
1263 1890 1301 1967 ,Id

33 1962 36 1967 ’
104 1965 215 2059 ’,νἐτὸρ
232 1971 453 2058 Athenienses,
471 1972 560 2054 nullo
576 1985 758 2058 argumento,
774 1984 837 2050 cst,
855 1971 948 2035 istum
966 1975 1300 2065 consentaneadecre-
1348 1988 1352 1993 '

61 2068 63 2072 ’
125 2062 204 2122 visse
228 2061 354 2143 legibus.
388 2058 508 2122 Multae
524 2081 572 2122 res
597 2061 678 2121 enim
701 2073 788 2136 sunt,
814 2061 925 2140 quihus
943 2061 995 2133 fit,
1019 2073 1058 2120 ut
1081 2060 1136 2140 v'os
1159 2061 1324 2144 decipia-⁸

101 2201 108 2211 e
125 2146 218 2219 mini,
230 2138 350 2220 veluti,
372 2146 399 2206 si
418 2147 501 2225 quod
519 2167 536 2206 e
555 2145 700 2206 damnatis
720 2145 848 2207 decretis
864 2146 946 2226 apud
963 2166 1017 2206 vos
1036 2166 1100 2206 non
1117 2145 1225 2207 suisset
1243 2169 1298 2207 ac-

50 2239 54 2243 ’
125 2232 272 2304 casatum,
289 2243 388 2311 ratum
401 2231 648 2310 utique‘fujsset,
667 2250 848 2312 quamquam
866 2243 972 2291 contra
989 2230 1073 2313 leges
1090 2232 1218 2311 facturn:
1236 2253 1299 2295 nec

108 2316 242 2389 minus,
261 2314 286 2374 si
304 2316 387 2395 quod
405 2327 576 2376 accusatum
594 2329 658 2393 est,
677 2329 825 2376 ettamen
842 2315 891 2375 vel
908 2312 1118 2396 praevaricatis
1136 2329 1298 2385 accusatu-

122 2401 227 2473 ribus,
249 2399 298 2461 vel
323 2400 498 2480 eloquentia
523 2401 560 2460 ad
584 2422 668 2461 suam
692 2422 811 2460 causam
836 2401 1042 2482 explicandam
1068 2401 1299 2465 destitutis-est

43 2486 54 2511 s
114 2476 307 2557 'absolutum
326 2485 414 2545 etiam
432 2484 492 2544 hoc
509 2485 629 2567 legibus
641 2506 713 2564 ¹esse
732 2485 929 2561 contrarium,
946 2479 1023 2545 nihil
1040 2485 1193 2567 prohibet.
1211 2487 1296 2563 Num

46 2576 60 2589 “’
113 2566 240 2654 igitur,
268 2570 377 2651 qui-de
396 2589 433 2630 eo
452 2570 635 2650 seutentiam
653 2571 772 2650 dixere,
804 2571 1014 2631 iusiurandum
1031 2592 1095 2631 non
1114 2571 1296 2635 servarunt?

37 2660 99 2721 415
121 2657 196 2717 Im'o.
232 2653 421 2730 Quomodo?
437 2655 471 2714 Id
490 2674 548 2737 ego
566 2654 693 2715 docebo.
729 2655 768 2715 Se
786 2656 887 2716 animo
904 2655 1135 2738 religiosissimo
1153 2678 1295 2738 pronun-

96 2743 106 2750 '⁴
119 2739 251 2801 tiaturos
269 2739 423 2811 iurarunts
445 2739 538 2800 animi
556 2752 657 2799 autem
675 2741 780 2821 opinio
792 2760 836 2800 *ex
854 2741 917 2814 his,
935 2761 1013 2820 quae
1029 2742 1200 2817 audierint,
1211 2761 1294 2805 'exo-

21 2864 25 2877 ·
118 2825 206 2886 ¹ritur.
220 2813 296 2900 ,Eam
312 2824 344 2882 in
361 2823 525 2896 iudicando
542 2845 611 2885 cum
627 2837 809 2904 sequuntur,
827 2825 877 2906 pie
891 2826 1014 2886 faciunt
1032 2824 1187 2907 Quisquis
1198 2828 1293 2903 enirn,

11 2947 14 2954 ·
102 2912 222 2988 'neque
241 2908 331 2981 odio,
354 2929 455 2989 neque
473 2908 704 2984 benevolentia,
721 2929 822 2991 neque
836 2911 897 2970 alia
915 2911 1027 2971 iniusta
1046 2934 1134 2973 causa
1151 2933 1292 2975 commo·
1310 2941 1315 2954 κ

97 2994 99 2999 ’
119 3007 188 3067 tus,
213 3005 319 3054 contra
343 2994 392 3054 sui
415 2993 508 3053 animi
531 2994 713 3055 sententiam
736 3017 800 3056 non
821 2996 1019 3076 pronuntiat,
1042 2997 1187 3081 religiose
1210 2998 1294 3061 lacit:

26 3133 32 3140 ,
118 3078 228 3158 Neque
247 3077 338 3153 euim,
356 3078 410 3158 qui
427 3079 606 3154 ab'oratore
624 3079 769 3161 deceptus
787 3080 901 3160 aliqpid
919 3081 1081 3164 ignoratit,
1099 3083 1292 3166 ignorantiae

73 3175 75 3186 “
118 3183 232 3264 poenas
252 3163 321 3223 dare
340 3163 446 3239 debet,
470 3164 541 3237 sed,
563 3162 617 3244 qui
634 3165 740 3226 volens
759 3179 790 3226 et
806 3165 905 3227 sciens
920 3177 1081 3248 ¹perperam
1099 3170 1292 3256 pronuntiat,
1328 3166 1333 3172 ’

44 3297 56 3316 x
117 3250 144 3308 rs
169 3247 368 3308 exsecrationi
392 3260 439 3308 est
464 3248 622 3309 obnoxius.
658 3249 854 3331 Quapropter
876 3251 908 3310 in
933 3253 1061 3335 singolis
1087 3254 1290 3327 concionibus

114 3328 239 3414 praedo
251 3332 323 3394 diris
343 3334 473 3401 devovet
488 3352 553 3393 non
571 3336 732 3414 deceptos,
758 3337 812 3396 sed
831 3328 917 3410 illos,
936 3338 989 3417 qui
1007 3338 1170 3418 phaleratis
1186 3339 1289 3401 verbis

47 3468 57 3484 ,
116 3417 165 3480 vel
182 3429 335 3503 senatum,
357 3419 406 3479 vel
423 3419 587 3500 populum,
609 3419 659 3480 vel
677 3420 833 3482 Heliaeam
852 3422 1015 3504 decipiunt
1058 3425 1131 3504 Non
1148 3423 1243 3506 igitur
1262 3424 1293 3485 ei
1335 3433 1340 3438 '

117 3501 309 3578 concedatis,
334 3517 370 3564 ut
388 3504 484 3579 dicat,
509 3503 570 3564 hoc
588 3510 654 3565 csse
671 3506 801 3583 factum,
820 3508 874 3568 scd
892 3509 972 3580 iuste
991 3529 1057 3568 esse
1075 3509 1202 3570 tactum:
1229 3529 1290 3570 nec

30 3590 59 3641 25'
70 3586 86 3623 ³-
116 3585 154 3648 ab
173 3586 238 3646 aliis
250 3586 292 3647 'ea
310 3587 462 3649 iudicibus
481 3609 548 3650 esse
566 3590 757 3666 confirmata,
776 3593 829 3652 sed
840 3613 901 3670 vos
920 3593 1043 3654 edoceri
1060 3593 1183 3667 iubete,
1201 3615 1236 3654 se
1251 3614 1292 3674 ea
1343 3591 1353 3607 ⁸

107 3672 155 3732 ,de
173 3693 207 3751 re
226 3694 316 3752 quam
333 3693 396 3751 nos¹
409 3675 552 3754 aequiora
571 3674 680 3735 dicere.
698 3677 791 3752 Quod
809 3677 835 3738 si
852 3677 951 3737 facere
970 3699 1033 3738 non
1051 3690 1217 3759 poterunt:
1235 3679 1291 3739 ab·
1313 3730 1317 3743 .

115 3758 241 3817 surdum
261 3777 326 3818 esse
344 3769 463 3833 statuo,
499 3759 627 3820 aliorum
647 3760 859 3843 deceptionem
877 3775 993 3824 vestrae
1011 3763 1184 3846 cognitioni
1201 3777 1292 3826 ante-

104 3834 202 3930 fierrif
238 3843 414 3918 Praeterea,
432 3844 508 3904 mihi
525 3845 651 3926 quidem
669 3866 815 3927 perquam
834 3868 900 3909 esse
918 3848 1080 3930 impudens
1097 3849 1148 3908 illa
1166 3848 1294 3910 videtur

112 3927 229 4007 oratio,
247 3929 332 4009 prius
350 3928 440 3990 etiam
458 3929 523 3991 aliis
541 3924 617 3991 talia
630 3932 751 3993 decreta
768 3953 835 3995 esse
853 3933 937 3994 tacta.
964 3935 1028 3995 Nec
1046 3934 1147 4007 enim,
1165 3933 1193 3993 si
1212 3935 1291 4016 quid

49 4056 52 4063 ·
114 4030 249 4090 unquam
276 4017 535 4076 non'secundum
559 4015 643 4100 leges
669 4017 870 4095 factumest,
902 4019 995 4098 idque
1021 4030 1055 4080 tu
1081 4039 1114 4080 es
1139 4019 1291 4095 imitatus,

29 4154 32 4173 ‚
99 4094 276 4177 ‘propterea
294 4112 325 4159 te
343 4099 461 4161 absolvi
478 4102 580 4171 decet:
617 4101 670 4162 sed
689 4090 811 4177 cohtra,
840 4115 925 4164 tanto
944 4105 1082 4165 damnari
1097 4105 1194 4188 magis
1212 4127 1289 4188 pro,-

30 4181 31 4187 ’
99 4180 224 4261 „pterea
269 4183 354 4245 Sicut
370 4186 470 4262 enim,
495 4186 521 4246 si
538 4187 748 4266 quisxillorum
767 4189 924 4263 damnatus
941 4189 1066 4265 fuisset,
1090 4203 1126 4252 tu
1143 4191 1205 4252 ista
1219 4212 1288 4251 non

100 4262 376 4345 sscripsissesaita,
392 4271 419 4330 si
437 4285 472 4333 tu
490 4293 573 4333 nunc
588 4272 793 4348 damnaberis,
811 4273 888 4335 alius
907 4295 971 4337 non
989 4275 1108 4336 scribet
1143 4276 1213 4337 Hoc
1231 4277 1291 4336 ‹le-'¹

101 4362 228 4422 terctorn
252 4352 347 4438 igitur
371 4375 404 4418 se
429 4375 494 4419 non
519 4353 680 4419 manifeste
704 4371 810 4420 contra
836 4380 941 4421 omnes
966 4359 1075 4428 secisse
1098 4360 1287 4446 leges,'nec
