2722 4754
318 151 918 277 ·couruaimtcmruu
1049 138 1340 282 ,ff”mr'

56 355 145 420 tent,
170 346 197 406 si
216 367 325 428 quem,
343 367 409 447 qur
387 344 507 405 semel
526 344 609 446 apud
624 363 678 404 vos
696 343 788 405 rerba
800 320 935 445 luerit,
947 339 1162 422 impudentem
1168 362 1235 400 vo

26 506 32 514 .
59 432 178 504 carint,
196 432 281 512 lore,
299 444 336 490 ut
353 430 410 511 ipsi
428 430 460 489 in
479 430 564 489 omni
581 429 641 490 vita
659 429 780 489 boni
752 429 809 488 vrri
828 429 1044 488 existimentur.
1070 426 1235 512 Enimvero

61 529 96 576 et
113 530 239 598 propter
256 518 384 576 istorum
403 515 568 575 conciones
586 515 680 574 multa
699 514 850 573 deteriora
868 525 955 587 sunt,
974 527 1005 574 et
1021 532 1163 594 percos,
1169 504 1250 593 qni'

59 602 210 671 iustitiam
230 621 407 682 oppugnare
424 621 489 661 non
507 601 657 672 dubitant,
676 611 783 659 cuncta
800 597 965 679 perierunt
986 598 1081 658 lstis⁸
1072 598 1173 698 igitur
1184 620 1238 679 pa·
1296 650 1303 657 ,

60 688 162 748 tronis
181 688 322 760 adscitis,
357 708 426 747 cum
452 685 550 748 sciant
565 696 679 755 tantam
697 683 729 742 in
742 696 870 764 promtu
890 704 955 748 esse
973 683 1220 745 maledicendi
1193 705 1237 743 ers

60 773 237 845 materiam,
264 773 290 832 si
308 792 385 851 quos
404 771 576 831 convicium
592 769 719 829 lacere
709 781 809 829 iuvet:
835 781 945 828 tamen'
956 769 987 827 in
1007 770 1267 838 contentionem
1318 816 1323 825 .

63 859 250 918 descendere
276 869 307 916 et
330 856 421 916 alicui
445 844 626 931 maledicere
650 874 715 914 ιιοιι
739 852 924 925 dubitant⁸⁸
903 876 935 926 ιι,
960 875 1038 934 qnos
1047 853 1243 954 impunitate,
1295 915 1310 939 s

62 941 227 1003 contentos
243 963 320 1001 esse
327 942 502 1022 oportebat
516 940 614 1019 Atqui
629 953 665 999 ιιι
680 939 730 999 isti
745 933 951 999 audacer'sint
966 950 997 998 et
1012 939 1127 1038 iniurii,
1145 961 1237 1000 nemo

62 1028 159 1110 magis
179 1028 210 1086 in
230 1049 317 1087 cansa
336 1040 383 1087 est
395 1048 490 1107 quam
508 1018 693 1126 vosmetipsi.
711 1024 760 1084 Ab
780 1023 953 1086 oratoribus
972 1023 1064 1096 enim,
1083 1046 1161 1104 quos
1178 1025 1237 1084 sci·

64 1113 106 1173 tis
125 1135 190 1174 esse
210 1113 349 1179 mercede
368 1114 547 1184 conductos,
567 1109 771 1182 sciscitamini,
790 1109 894 1190 quales
913 1108 1027 1191 quique
1047 1109 1239 1170 existimandi

64 1198 142 1258 sint:
160 1219 224 1256 non
238 1198 296 1278 ipsi
287 1196 455 1273 'iudicium
468 1197 574 1257 facitis.
592 1197 691 1270 Quid
691 1206 737 1255 est
749 1209 850 1255 autem
862 1195 1055 1267 absurdius,
1050 1217 1151 1296 quam,
1170 1217 1250 1255 cum

33 1336 38 1341 .
64 1304 119 1343 eos
136 1282 219 1364 ipsos
238 1266 615 1382 improbissimos⁸c1vinm
635 1281 829 1353 existimetis,
855 1280 944 1353 illos,
956 1302 1018 1359 qur
1008 1280 1099 1338 ⁸'ab
1089 1281 1155 1340 istis
1173 1282 1239 1340 lau
1247 1274 1251 1339 s

65 1370 186 1442 dautur,
204 1367 402 1429 bonos⁸v1ros
417 1367 548 1439 babere?
566 1366 700 1426 Proinde
719 1364 764 1423 illi
777 1365 880 1424 omnia
890 1386 950 1423 suo
953 1360 1115 1439 'arbitratu
1134 1377 1239 1447 agunt,
1281 1430 1289 1438 ⁸

65 1467 97 1515 et
111 1439 327 1552 rempublicam
344 1459 463 1513 tantum
481 1472 545 1512 non
563 1451 620 1513 sub
637 1470 819 1531 praeconem
837 1438 1013 1523 subiiciunt,
1032 1462 1064 1510 et
1081 1462 1240 1523 coronare,

66 1559 158 1616 quem
176 1538 260 1619 ipsis
257 1537 364 1599 visum
382 1538 490 1610 tuerit,
516 1549 546 1596 et
563 1550 627 1596 n‘on
646 1556 793 1595 coronare
812 1535 939 1607 iubent,
955 1548 987 1594 et
1003 1557 1103 1595 suam
1106 1535 1239 1596 auctori

64 1634 159 1681 tatem
172 1624 245 1703 plus
261 1623 361 1682 valere
379 1623 517 1693 volunt,
530 1626 619 1701 quam
639 1621 760 1680 decreta
773 1616 883 1681 uestra.
917 1620 985 1702 Ego
1003 1641 1076 1679 vcro
1094 1638 1148 1680 vos
1172 1640 1240 1680 mo·
1310 1616 1317 1654 ³

57 1728 143 1785 ineo,
161 1708 290 1799 ludices,
310 1727 348 1766 ne
366 1707 501 1767 studium
520 1719 552 1766 et
568 1705 778 1765 liberalitatem
797 1726 914 1779 eorum,
933 1706 986 1785 qni
1004 1717 1121 1764 sumtus
1140 1707 1239 1767 lacere

64 1786 206 1865 volunt,
219 1804 373 1853 oratorum
396 1792 536 1852 avaritiae
555 1790 754 1851 condonetis:
772 1789 889 1870 alioqui
906 1789 1055 1850 docebitis
1074 1811 1197 1864 omnes,
1223 1815 1240 1852 a
1300 1852 1302 1858 ι

65 1876 154 1935 vobis
174 1879 312 1937 mandata
328 1898 466 1954 munera
485 1899 575 1956 quam
600 1875 745 1942 vilissime
763 1875 991 1949 administrare,
1021 1876 1052 1936 ct
1069 1897 1159 1955 quam
1177 1899 1239 1938 ma·
1291 1908 1296 1913 ·
1334 1870 1337 1877 ’

37 1976 39 1981 ·
65 1958 139 2018 ximi
158 1960 347 2037 condu'ccre,
366 1963 417 2045 qni
435 1983 491 2043 pro
510 1961 581 2042 ipsis
605 1962 685 2042 apud
704 1982 757 2021 vos
774 1960 970 2042 impudenter
986 1960 1180 2023 mentiantur.
1232 1993 1246 2035 ,ο

677 2147 926 2166 Ἣ..-

108 2292 717 2395 οιιιιιοῑιοιιιιι
764 2266 1323 2425 ιιι-ιιιιιιιιιιᾼ-ἰιι

375 2690 377 2694 ⁴
441 2610 868 2712 nnouuuurnu

67 2768 183 2879 Lycon
204 2797 344 2876 quidam,
361 2786 541 2857 Heracleota
558 2816 703 2878 genere,
706 2794 844 2858 Pasionis
861 2794 1006 2856 utebatur
1023 2816 1134 2858 mensa.
1161 2803 1188 2859 Is
1207 2801 1238 2860 in

68 2882 202 2944 Africam
220 2883 414 2964 navigaturus
431 2902 572 2953 nummos
589 2880 730 2961 reliquit,
757 2900 887 2959 eosque,
910 2890 946 2941 'ut
963 2881 1099 2943 Pasio⁸
1071 2886 1176 2944 vivens
1193 2885 1239 2945 di-

70 2970 173 3040 cebat,
191 2981 226 3028 ut
242 2966 451 3049 Apollodorus
463 2988 553 3029 nunc
571 2966 654 3040 dicit,
673 2964 871 3049 Cephisiadae
888 2965 1005 3026 reddi
995 2966 1091 3028 tussit.
1127 2966 1239 3070 Callip-

69 3077 125 3136 pus
152 3066 253 3113 autem
278 3073 331 3113 eos
356 3051 413 3111 sibi
432 3053 572 3112 donatos
581 3072 646 3112 esse
665 3051 788 3129 asserit,
814 3064 850 3110 nt
873 3065 904 3131 et
926 3052 1023 3112 amico
1048 3065 1078 3112 et
1102 3055 1240 3123 omnium
1317 3060 1321 3066 ’

69 3138 319 3199 Heracleotarum
344 3136 542 3218 procuratori.
577 3138 701 3197 Mortuo
726 3136 866 3220 Lycone,
891 3136 1020 3236 pecunia
1041 3132 1240 3225 Cephisiadac

68 3224 193 3285 reddita
212 3235 265 3283 est.
300 3219 475 3303 Callippus,
493 3222 555 3282 dati
573 3222 688 3282 damni
692 3222 812 3282 actione
829 3221 978 3295 instituta,
1002 3222 1165 3303 persuadet
1183 3219 1240 3285 Pa-

70 3310 167 3382 sioni,
179 3322 295 3369 utrem
312 3306 493 3392 Lysitbidae.
505 3306 632 3369 arbitrio
650 3307 813 3388 permittat
830 3308 857 3366 ls
875 3306 1004 3381 Pasione
1022 3309 1144 3373 ιίιιιιιι
1162 3310 1240 3371 nihil

35 3421 38 3424 ·
69 3393 257 3477 pronuntiat
285 3393 332 3452 Eo
350 3405 473 3471 mortno
491 3391 642 3470 rursuqll
665 3391 866 3454 oll⁸odoruna
857 3406 889 3452 m
908 3392 954 3452 ius
973 3406 1061 3454 vocat
1072 3394 1183 3455 eadem
1202 3397 1239 3456 de
1320 3405 1321 3408 ’

70 3503 104 3541 ιι
120 3477 291 3561 Callippus:
309 3498 476 3558 rursusque
486 3477 581 3559 petit,
598 3489 634 3538 ut
673 3477 840 3577 ysitbidem
856 3476 1003 3538 arbitrum
1019 3493 1124 3540 sumat
1141 3479 1240 3561 Apol-

69 3566 198 3626 lodorus
219 3563 365 3623 arbitrum
382 3563 529 3623 admittit·
552 3563 607 3623 sed
625 3563 661 3622 ad
680 3562 887 3646 magistratum
904 3564 943 3624 de
960 3563 1119 3647 Lysitbide
1136 3565 1240 3639 refert,
1324 3564 1343 3623 ’,

68 3665 106 3711 ut
123 3651 148 3708 is
167 3650 296 3717 iuratus
305 3649 500 3728 pronuntiet,
536 3669 597 3728 quo
624 3647 737 3712 minus
742 3647 900 3709 arbitrium
919 3635 1063 3730 Callippo
1077 3651 1240 3717 condonet

68 3733 243 3818 Lysitbides
261 3746 361 3794 autem
379 3733 529 3795 iniuratus
545 3725 741 3813 pronuntiat,
759 3734 899 3795 damnato
921 3753 985 3796 reo
1018 3724 1188 3816 QuareAp
1191 3736 1237 3807 ol-

27 3850 31 3857 ·
68 3822 196 3891 lodorus
215 3819 253 3880 ab
271 3817 385 3925 arbitro
406 3818 445 3887 ad
461 3817 609 3879 iudicium
627 3818 804 3899 appellat
841 3878 846 3899 ἱ
981 3822 996 3838 ’

42 4141 208 4235 ‘Non
175 4180 222 4226 est
243 4187 292 4226 res
317 4165 378 4226 ulla
402 4162 577 4262 molestior,
612 4137 745 4238 ludices,
781 4184 870 4244 quam
895 4185 963 4225 cum
988 4164 1035 4224 vir
1057 4165 1237 4227 auctoritate
1259 4174 1323 4234 284

69 4252 225 4352 praeditus
253 4264 283 4313 et
309 4252 456 4336 eloquens
481 4243 606 4309 mentiri
626 4249 735 4323 audet,
764 4269 807 4311 ac
821 4249 951 4310 testibus
965 4249 1117 4324 abundat.
1159 4253 1254 4311 Tum

71 4340 164 4401 euim
171 4336 231 4400 reis
250 4358 374 4419 necesse
393 4349 458 4416 est,
466 4335 637 4401 uendere
653 4347 772 4397 tantum
791 4335 926 4412 dicere,
919 4335 1000 4397 sed⁸
979 4356 1059 4416 ipso
1077 4337 1167 4399 ctiam
1185 4339 1238 4399 ad-

889 4430 1030 4497 ’37
