2722 4754
821 67 837 95 l
903 75 905 77 ’
955 60 963 66 ”

57 133 86 213 s
148 144 217 236 590'
357 194 360 199 ·
420 120 1023 264 panosvitn'nrsonanuo
1144 125 1153 238 J
1216 161 1246 194 '⁹

91 330 94 338 ’
147 335 205 401 tes,
221 315 307 385 varia
320 320 378 382 sibi
392 331 501 378 mutuo
514 319 697 401 cognomina
708 319 847 394 fecerint,
866 319 981 400 quique
994 319 1071 393 alios
1084 307 1323 412 Priapos,‘.alios=

117 427 118 433 ’
148 411 308 473 helluones
325 417 452 477 vocent,
480 424 609 483 quornm
634 405 777 465 nonnulli
801 405 1006 480 meretriculas
1024 405 1181 466 ademerit:
1207 427 1244 465 ex
1260 406 1312 466 eo·-

63 568 64 572 Ἰ
122 521 125 527 ’
147 517 215 556 rum
233 513 361 570 numero
379 511 467 549 suum
487 490 608 569 qnoque
627 490 723 549 filium
743 511 824 564 esse,
843 503 874 550 et
888 507 979 570 saepe
998 489 1038 552 ub
1056 493 1195 563 scorturn
1214 503 1246 551 et
1261 493 1309 552 de-

148 581 227 640 disse
247 577 444 655 etaccepisse
463 574 577 656 plagas:
601 588 632 635 et
650 574 723 635 baec
737 596 806 635 esse
822 575 1062 636 adolescentum:
1087 597 1144 650 nos
1163 575 1314 654 vero-ira-

148 678 209 725 tres
228 683 333 722 omnes
345 673 416 722 ‚tum
430 659 573 733 ebriosos
593 673 623 718 et
637 674 807 739 pretervos,
823 672 889 720 tum
904 680 1043 721 morosos
1057 673 1088 742 et
1102 660 1231 728 acerbos
1249 680 1318 739 esse

136 750 309 809 dicturum.
343 747 409 828 Ego
427 765 509 818 vero,
528 745 656 817 ludices,
674 767 741 805 cum
761 759 882 825 accepta
899 745 975 818 rnala
992 745 1126 828 graviter
1143 746 1251 819 feram,
1269 740 1314 805 niss

93 871 110 897 v
149 834 212 894 hilo
239 831 382 911 aequiore
408 828 509 888 animo
533 829 668 909 paterer,
692 848 792 908 neque
810 830 850 911 (si
871 829 976 912 *dicere
1000 830 1102 913 liceat)
1129 829 1251 889 minore
1267 851 1314 890 me

104 933 112 950 '
149 919 292 979 allectum
311 937 376 996 esse
395 913 576 974 contumelia
595 926 742 994 putarem,
760 915 787 974 si
799 911 908 974 Conon
922 915 1118 975 ista‘veredn
1136 936 1194 996 nos
1214 916 1314 975 dicere

68 1029 70 1037 '
123 1017 125 1021 ’
149 1005 319 1074 videretur,
339 1008 443 1079 ,eaque
461 1012 559 1081 vestra
582 998 752 1080 ignorantia
766 1012 868 1070 esset,
892 1013 927 1060 nt
943 1001 1315 1081 unumquemquetalem,

151 1089 246 1169 qualis
264 1101 316 1147 aut
333 1086 397 1165 ipse
415 1084 639 1164 praedicatione
658 1106 729 1158 sua,
748 1098 807 1145 aut
826 1083 954 1151 aliorum
981 1085 1193 1145 criminatione
1208 1085 1315 1165 vperbi-

149 1173 287 1244 beretur,
312 1168 538 1241 existimaretis,
563 1189 664 1247 neque
681 1168 743 1227 ulla
760 1169 905 1229 modestis
924 1168 1098 1244 bominibus
1119 1169 1315 1249 quotidianae

148 1260 226 1330 vitae
246 1270 276 1316 et
301 1255 472 1315 studiorum
497 1266 577 1312 esset
600 1251 721 1313 utilitas.
756 1253 865 1332 Neque
882 1254 963 1313 enirn
988 1268 1091 1314 nostra
1109 1255 1158 1314 vel
1187 1245 1315 1314 ebrietas

148 1345 196 1406 vel
213 1340 393 1424 protervitas
412 1337 447 1398 ab
466 1338 530 1397 ullo
548 1338 720 1397 mortalium
739 1351 785 1397 est
803 1338 1097 1419 conspecta,·neque
1117 1360 1174 1398 nos
1194 1360 1316 1398 morose

86 1428 90 1443 ’
147 1431 247 1490 facere
264 1440 415 1509 putamus,
432 1425 458 1483 si
471 1424 562 1482 lactas
581 1422 669 1482 nobis
685 1422 813 1482 iniurias
825 1423 890 1482 iure
904 1423 1214 1485 ulciscistudeamus.
1231 1424 1316 1483 Pria-

13 1522 18 1527 ’
98 1577 101 1583 ,
135 1510 257 1597 vporum
275 1523 376 1574 autem
395 1521 426 1567 et
449 1508 628 1567 helluonum
652 1509 835 1589 cognomina
851 1507 938 1568 istius
958 1507 1027 1568 filiis
1045 1531 1109 1570 non
1128 1509 1316 1587 invidemus.

148 1602 251 1680 Atque
270 1616 328 1678 ego
348 1595 421 1654 deos
446 1612 572 1673 precor,
597 1604 632 1650 ut
649 1594 681 1651 in
701 1587 836 1680 Cononis
861 1594 941 1653 filios
961 1594 992 1652 et
1009 1594 1083 1654 baec
1102 1606 1135 1654 et
1151 1594 1248 1654 huius
1260 1615 1315 1676 ge-

149 1679 350 1746 neristomnia
367 1689 539 1740 vertantur:
552 1676 608 1746 ⁴isti
627 1677 706 1751 enim
725 1690 812 1753 sunt,
831 1679 884 1757 qui
901 1699 933 1737 se
951 1679 1060 1759 Priapo
1079 1679 1214 1753 initient,
1232 1693 1263 1739 et
1281 1700 1315 1738 ea
1339 1730 1341 1736 .

54 1799 72 1841 ¹.
118 1760 121 1767 ⁴
149 1781 255 1852 agant,
280 1758 411 1845 quaene
430 1763 490 1823 dici
515 1762 638 1842 quidem
667 1763 733 1822 sine
759 1783 869 1844 magno
895 1765 1013 1843 pudore
1036 1776 1317 1843 queuntetantum

149 1856 252 1925 abest,
275 1864 312 1911 ut
328 1849 364 1909 ab
383 1848 508 1910 homine
526 1847 666 1906 modesto
684 1847 751 1906 fieri
769 1847 906 1907 debeant.
935 1847 1001 1908 'Sed
1021 1849 1095 1928 quid
1113 1849 1171 1910 ista
1189 1851 1227 1908 ad
1246 1849 1317 1908 me?

97 1942 111 2015 J
149 1941 216 2020 Ego
236 1941 314 1996 vero
326 1932 477 2006 mirabor,
501 1931 527 1991 si
545 1931 606 1990 ulla
625 1952 713 1991 causa
739 1944 791 1991 aut
809 1932 960 1993 excusatio
980 1933 1047 1993 talis
1065 1934 1256 2007 invenietur,
1280 1946 1316 1992 nt

14 2061 25 2069 —
53 2077 63 2085 .
100 2042 104 2050 “
148 2022 258 2102 aliquis
277 2033 308 2080 et
325 2020 419 2090 sactae
438 2016 640 2078 contumeliae
659 2028 689 2075 et
712 2016 891 2098 pulsationis
911 2019 1066 2078 convictus
1085 2041 1149 2079 non
1169 2019 1221 2079 det
1237 2038 1315 2100 poe-

149 2128 209 2167 nas.
243 2107 339 2186 Leges
367 2101 447 2161 enim
471 2102 563 2182 longe
589 2113 709 2174 contra,
733 2122 773 2160 ne
796 2101 844 2163 vel
870 2101 1054 2163 necessariae
1078 2120 1187 2172 causae
1211 2105 1315 2184 plures

69 2249 73 2262 ,
144 2185 329 2259 inciderent,
346 2184 552 2266 providerunt.
576 2185 680 2245 Veluti
698 2183 838 2269 (necesse
862 2188 943 2246 enim
961 2188 1059 2247 babeo
1078 2203 1109 2249 et
1126 2188 1202 2267 baec
1220 2209 1316 2268 quae-

147 2295 215 2336 rere
234 2285 265 2340 et
280 2269 442 2352 sciscitari)
458 2282 530 2329 snut
556 2269 687 2331 convicii
710 2270 852 2331 actiones.
886 2271 943 2331 Eas
961 2272 1055 2354 igitur
1072 2273 1136 2333 dari
1151 2287 1316 2354 propterea

13 2389 15 2396 ·
87 2396 91 2410 ι
149 2354 270 2430 dicunt,
293 2368 403 2430 utne,
427 2353 571 2415 conviciis
589 2354 754 2430 incensus,
776 2356 850 2415 alius
869 2356 961 2416 alium
982 2356 1152 2417 verberare*
1163 2357 1314 2418 instituat.

72 2452 78 2459 ‘
148 2447 265 2506 Rursus
282 2438 461 2523 pulsationis
476 2439 614 2519 actiones
639 2452 717 2500 sunt
752 2441 809 2500 Eas
829 2441 918 2500 etiam
945 2441 1036 2501 audio
1058 2451 1219 2524 propterea
1237 2442 1315 2518 dari,

149 2548 188 2590 ne
207 2524 375 2608 qnisquam,
393 2524 420 2585 si
431 2523 476 2595 ¹sit
494 2524 692 2598 imbecillior,
709 2523 808 2606 lapide
825 2539 877 2586 aut
894 2522 1107 2607 simili'aliquo
1124 2528 1188 2587 telo
1207 2549 1240 2587 se
1261 2528 1315 2586 de-

115 2616 119 2621 ’
149 2614 269 2675 tendat:
294 2610 347 2673 sed
365 2610 528 2670 vindictam
553 2609 656 2690 legum
676 2614 835 2691 exspectet.
869 2610 948 2671 Sunt
967 2613 1148 2673 etvulneris
1167 2613 1314 2684 actiones,

46 2721 48 2764 ἰ
66 2710 127 2769 303
147 2706 190 2760 ne
206 2698 317 2777 quibus
334 2695 498 2755 vulneratis
517 2695 622 2754 caedes
640 2693 721 2754 fiant.
756 2687 953 2769 Convicium,
979 2698 1062 2775 quod
1079 2698 1239 2758 minimum
1261 2711 1315 2768 est,

112 2814 114 2819 ·
148 2796 217 2845 ante
236 2794 423 2864 postremum
442 2793 472 2840 et
489 2778 710 2840 atrocissimum
730 2799 764 2840 ea
783 2781 820 2839 de
838 2782 1099 2861 causaprovisnm
1117 2796 1174 2855 est,
1194 2783 1315 2864 opinor,

43 2891 51 2941 ·‚
109 2907 112 2911 ν
149 2890 187 2933 ne
205 2868 310 2927 caedes
328 2867 428 2941 fieret,
443 2886 519 2924 neve
537 2863 682 2944 paulatim
700 2887 716 2924 a
735 2865 878 2934 conviciis
896 2865 934 2924 ad
951 2866 1120 2940 verbera,a
1136 2868 1315 2927 verberibus

86 3005 90 3015 .
148 2955 186 3019 ad
203 2953 339 3024 vulnera,
358 2973 375 3011 a
392 2949 568 3011 vulneribus
586 2948 624 3008 ad
643 2951 749 3010 caedes
767 2951 990 3033 procederetur.
1024 2952 1065 3012 Et
1081 2952 1193 3013 borum
1212 2952 1315 3012 cuius-

149 3059 209 3120 que
234 3037 353 3120 legibus
378 3033 502 3095 definita
523 3047 596 3095 sunt
620 3035 785 3114 supplicia,
810 3056 848 3095 ne
868 3036 1057 3097 eacuiusvis
1081 3037 1237 3097 iracundia
1261 3049 1315 3097 aut

149 3123 296 3199 arbitratu
313 3120 526 3181 iudicarentur.
552 3119 592 3178 Et
609 3116 684 3179 baec
703 3120 825 3200 quidem
844 3121 1009 3182 constituta
1027 3135 1098 3182 sunt
1116 3122 1244 3204 legibus.
1262 3119 1314 3179 -At

55 3247 57 3251 -
79 3193 84 3208 .
149 3209 176 3270 si
194 3204 304 3266 Conon
323 3205 447 3270 dixerim
470 3203 573 3284 Priapi
590 3224 695 3263 sumus
719 3213 781 3263 nos*
796 3204 925 3283 quidem·
937 3207 1137 3290 congregati,
1149 3220 1181 3268 et
1198 3220 1314 3267 amato-

103 3289 104 3294 *
147 3314 213 3365 res,
234 3304 287 3364 et,
311 3310 388 3371 quos
406 3287 496 3349 nobis
512 3289 611 3362 visum
630 3300 692 3361 est,
714 3288 906 3350 verberamus
926 3301 957 3350 et
973 3290 1160 3372 iugulamus:
1185 3314 1238 3353 vos
1258 3312 1311 3352 eos

54 3440 57 3448 ,
116 3392 119 3397 ⁴
148 3400 218 3439 curn
234 3369 297 3436 risu
315 3373 496 3435 absolvetis's‘
530 3373 600 3448 Non
618 3394 702 3446 sane,
719 3373 835 3453 opinor.
870 3374 978 3455 Neque
997 3376 1078 3435 enim
1095 3389 1227 3437 vestrum
1247 3376 1312 3436 cui-

114 3501 122 3507 ·
148 3483 239 3544 quam
255 3460 355 3520 ridere
373 3457 527 3531 libuisset,
552 3457 581 3533 siv
595 3477 736 3537 praesens
754 3458 915 3532 adfuisset,
934 3482 1001 3521 cum
1019 3461 1156 3522 traherer
1172 3475 1203 3522 ct
1220 3482 1313 3521 exue-

55 3539 57 3544 ’
148 3569 198 3608 rer
216 3544 248 3606 ct
265 3543 459 3609 coutumeliis
477 3540 613 3601 afficerer
631 3555 678 3616 et,
700 3564 789 3603 sanus
808 3565 964 3625 egressus,
989 3547 1112 3623 domum
1130 3559 1313 3628 reportarer,

149 3646 181 3693 et
196 3643 294 3710 mater
310 3650 376 3699 mea
394 3640 464 3708 post
481 3626 630 3699 exsiliret,
649 3640 680 3689 et
696 3639 796 3689 tantus
816 3641 896 3690 esset
912 3631 992 3709 apud
1009 3651 1065 3690 nos
1084 3630 1199 3691 clamor
1217 3645 1248 3690 et
1264 3631 1313 3690 lu-

149 3706 215 3779 ctus
241 3712 419 3789 mulierum,
444 3711 570 3793 perinde
588 3708 622 3771 a'c
639 3712 666 3771 si
684 3712 751 3791 quis
778 3713 922 3792 obiisset,
947 3715 1023 3774 adeo
1040 3727 1076 3774 ut
1092 3726 1124 3774 et
1140 3715 1312 3777 vicinorum

109 3871 111 3875 Α
149 3800 270 3884 quidam
288 3800 325 3859 ad
343 3819 400 3859 nos
417 3798 583 3869 mitterent,
600 3797 654 3877 qui
670 3795 932 3878 percontarentur,
948 3797 1129 3878 quidnobis
1147 3801 1314 3861 accidisset

115 3890 119 3902 ”
147 3886 240 3947 Nullo
259 3898 341 3946 certe
357 3884 462 3956 ruodo,
480 3882 729 3960 ludicespdecet,
747 3883 887 3964 cuiquam
904 3883 967 3949 ulla
983 3878 1070 3964 'causa
1088 3885 1262 3960 facultatem
1283 3898 1316 3947 et

105 3990 106 3994 ’
148 3970 301 4039 licentiam
319 3969 417 4054 daria
439 3968 527 4030 vobis
552 3966 677 4048 impune
694 3989 750 4048 pro
775 3968 902 4029 libidine
919 3990 973 4029 sua
997 3971 1164 4051 grassandi:
1190 3971 1240 4032 sin
1257 3971 1316 4031 ulli

149 4051 358 4129 venia'dauda
384 4066 446 4128 est,
470 4053 521 4126 iis,
548 4053 601 4132 qni
624 4065 751 4133 propter
773 4067 901 4116 aetatem
919 4067 971 4115 aut
995 4051 1231 4130 adolescentiam
1254 4056 1315 4117 tale
1352 4054 1355 4058 ’

150 4141 223 4221 quid
241 4152 353 4222 agunt,
378 4160 412 4203 ea
437 4138 579 4220 coniugia
602 4139 782 4203 reservanda
807 4152 893 4214 sunt,
919 4152 1008 4220 atque
1026 4139 1073 4202 bis
1100 4140 1175 4220 ipsis
1194 4163 1259 4202 non
1276 4142 1320 4219 ad·
1348 4189 1351 4194 .

35 4282 56 4301 ,.
149 4226 378 4307 impunitatem,
403 4225 457 4284 sed
474 4225 512 4286 ad
530 4222 691 4306 legitimae
715 4244 832 4305 poenae
846 4223 1083 4307 xmitigationem
1119 4225 1184 4302 Qui
1201 4239 1318 4299 autem,

68 4311 82 4326 ‘
144 4309 352 4392 ⁴quingenario
368 4308 667 4385 maier,.botrainibus
683 4308 857 4375 iunioribus
871 4312 965 4384 adest,
981 4308 1079 4389 iisque
1092 4310 1177 4388 filiis,
1192 4333 1246 4374 eos
1260 4334 1315 4372 aua

517 4458 528 4464 ’
609 4483 623 4518 a
