2722 4754
153 147 215 251 ιιι
436 154 797 267 uenosi-‘imnis
825 183 1026 265 -οιιιι-ιο
1096 254 1099 259 ,
1129 146 1150 157 ”

152 343 249 424 gratia
265 355 346 402 sorte
365 354 519 414 creantur,
544 341 620 403 inire
639 343 856 424 magistratum
858 353 1005 421 oportere
1022 361 1095 402 non
1102 342 1204 423 prius,
1226 361 1320 421 quatu

131 426 199 499 ‚bis
217 426 337 507 probati
356 438 475 499 essent,
494 447 575 485 curn
580 427 611 484 in
629 439 754 499 senatu,
771 439 835 485 tum
849 427 951 506 apud
952 447 1005 486 ros
1024 426 1056 486 in
1074 427 1212 487 iudicio:-
1233 427 1323 510 leges

87 561 92 564 .
153 529 231 573 vero:
245 511 358 592 ipsas,
354 510 407 569 ad
423 518 550 601 quarum
561 512 798 611 ‘praescriptum
819 522 864 569 et
868 510 910 569 cis
928 511 1135 604 magistratum
1161 532 1274 595 gerere
1289 523 1326 573 et
1347 576 1350 580 ,

152 594 245 657 aliis'
235 617 269 654 ιιι
286 583 444 676 republicis
458 595 572 655 versari
580 596 746 669 convenit,
770 598 888 655 temere
903 616 937 661 ac
953 583 1082 657 fortuiti)¹
1100 597 1209 670 lates,
1216 597 1321 678 prius-
1343 627 1349 636 ·

99 700 103 707 ·
153 701 248 762 quam
260 680 505 754 examinentur,
500 693 577 740 ratas
597 700 665 738 esse
681 692 830 760 oportere
853 679 940 739 Nem
956 674 1019 741 illis
1035 681 1225 762 temporibus
1245 682 1322 742 baec

152 766 231 826 ratio
249 778 330 839 erat,
362 776 399 824 ut
411 764 494 827 latis
500 777 570 824 ante
584 764 713 846 legibus
725 776 900 824 uterentur.
935 785 1027 825 novas
1046 787 1119 825 vero
1138 767 1238 827 nullas
1256 767 1321 827 fer-

30 874 34 887 ’
106 852 110 856 ’
150 863 227 911 rent
257 851 435 929 Postquain
459 852 532 909 vero
551 850 680 928 quidam
707 848 987 930 emugistratibus,
1017 850 1070 928 qui
1093 861 1216 934 magnas
1243 871 1343 932 opes¹

38 943 70 979 .·
151 935 324 996 habebant
320 934 384 1018 (ut
394 954 452 1016 ego
472 933 594 1012 quidem
611 931 719 1015 sudio)
744 934 955 1015 perfecerunt,
986 946 1023 994 ut
1046 935 1129 1016 leges
1153 936 1213 995 sibi
1237 937 1320 997 ferre

152 1021 275 1094 liceret,
294 1021 537 1099 quandocunque
555 1033 590 1079 et
604 1034 790 1100 quocunque
807 1021 899 1079 modo
917 1019 1037 1080 libitum
1056 1033 1155 1080 esset:
1169 1033 1231 1081 tot
1228 1020 1320 1090 inter

152 1120 185 1168 'se
209 1105 376 1167 contrariae
392 1103 706 1185 leges-exstiterunt,
730 1117 766 1163 ut
790 1124 845 1163 vos
865 1104 1001 1186 deligatis
1020 1104 1155 1184 aliquos,
1174 1105 1235 1185 qui
1258 1106 1319 1167 iarn

151 1192 205 1253 diu
221 1189 300 1250 nibil
314 1188 395 1248 aliud
408 1201 514 1270 agunt,
530 1189 608 1250 nisi
601 1202 643 1250 ut
654 1187 825 1254 contrarias
842 1187 989 1271 religante
1004 1202 1035 1248 et
1051 1210 1097 1249 rer
1088 1189 1203 1250 buius
1219 1189 1318 1253 nibilo

150 1290 252 1337 tamen
270 1274 364 1356 magis
383 1273 479 1333 exitus
496 1274 604 1354 uliquis
619 1275 780 1356 reperitur,
798 1279 898 1353 neque
916 1273 1076 1353 quicquam
1093 1295 1221 1359 prorsus
1234 1297 1253 1336 s
1265 1295 1318 1336 se-

127 1405 128 1409 =
152 1357 388 1442 natu-sconsultis
406 1359 490 1441 leges
508 1359 674 1432 differunt,
701 1360 778 1420 adeo
795 1371 831 1418 nt
848 1358 949 1442 leges,
966 1359 1004 1418 ad
1024 1380 1162 1438 quarum
1168 1361 1317 1440 praescri-

47 1440 49 1445 ’
152 1435 238 1528 ptum
263 1444 524 1505 senatusconsultu
540 1445 640 1509 scribi
649 1443 814 1517 debentf
805 1444 877 1524 ipsis
895 1444 1165 1504 senatusconsultis
1190 1445 1253 1506 sint
1269 1466 1317 1506 re

54 1592 69 1607 ¹,
114 1550 120 1557 ·
152 1531 310 1592 certiores.
353 1529 427 1587 Ut
417 1529 512 1611 igitur
529 1550 593 1589 non
610 1532 727 1589 tantum
740 1528 847 1589 —verba
853 1529 993 1603 afferam,
1021 1526 1080 1589 sed
1092 1528 1221 1612 legem·¹
1206 1551 1316 1610 ipsam,

152 1618 190 1676 de
209 1636 268 1694 qua
285 1615 418 1693 loquor,
430 1615 639 1688 ostendam,
625 1634 697 1695 cape
714 1615 832 1696 legem,
851 1636 918 1694 qua
914 1614 1092 1745 quondam
1100 1612 1316 1764 legumlo'torqs

115 1764 118 1771 ,
152 1699 440 1763 constituebantur.
458 1698 573 1796 llecita.
624 1725 657 1735 ··
705 1743 708 1749 .
763 1728 766 1733 ·
1289 1746 1293 1753 .

604 1820 964 1881 .'1;ux.''·''

156 1906 167 1927 ”
228 1896 423 2005 Intelligitis‚
447 1886 667 1996 Athenienses,
694 1945 755 2004 quo
779 1935 867 2006 pacto
892 1935 923 1984 et
946 1944 1035 2023 quarn
1037 1898 1211 2005 preculare
1234 1923 1317 2008 leges

150 1996 230 2086 ferre
247 2007 354 2081 Solon
360 2007 494 2085 iubeat?
513 2008 649 2085 Primum
666 2009 747 2090 apud
763 2027 835 2082 vos,
854 2008 913 2089 qui
923 2008 1014 2078 iurati
1030 2009 1128 2087 estis,
1135 2010 1231 2091 apud
1236 2030 1318 2110 qqos

151 2090 249 2177 etiarn
259 2093 317 2155 alia
327 2076 562 2169 confirmantur.
581 2093 700 2165 deinde
710 2091 866 2153 contrariis
871 2092 1003 2191 legibus
1016 2083 1197 2195 abrogatis,
1196 2107 1235 2159 ut
1251 2096 1318 2155 sin-

141 2179 228 2263 'gulis
256 2179 293 2259 de
313 2178 408 2237 rebus
435 2164 527 2260 leges
540 2168 691 2261 singulae
703 2178 783 2250 sint,
811 2168 956 2261 neque.
940 2178 1113 2239 homines
1103 2178 1261 2279 tmperitos
1286 2178 1320 2239 id

149 2262 254 2324 turbet
272 2275 304 2321 et
320 2262 449 2336 efficiat,
466 2276 502 2322 ιιι
519 2263 670 2324 deteriore
690 2262 866 2323 conditione
882 2263 962 2341 sint,
982 2286 1071 2343 qnam
1089 2264 1147 2345 qui
1160 2284 1319 2337 universas

131 2347 285 2430 ‘cognitas
304 2359 334 2406 et
351 2359 507 2427 perceptas
524 2347 650 2409 babent:
674 2347 729 2408 sed
746 2361 782 2408 ut
799 2347 865 2408 iura
881 2346 1028 2448 simplicia
1047 2361 1078 2408 et
1093 2338 1256 2430 perspicua
1272 2340 1319 2407 le-

141 2453 221 2516 gere
247 2445 278 2491 ct
300 2432 472 2514 intelligere
499 2431 600 2492 licent
613 2432 761 2492 omnibus.
795 2432 889 2508 Quin
916 2432 1006 2517 etiam
1032 2445 1102 2492 ante
1128 2433 1204 2494 baec
1228 2432 1322 2492 iussit

87 2522 90 2527 ‘
149 2531 230 2583 ante
244 2530 354 2591 statuas
380 2516 545 2593 bereum,
544 2539 560 2578 a
586 2517 696 2598 quibus
716 2510 969 2599 cognominatae
972 2517 1070 2593 tribus
1094 2530 1177 2592 sunt,
1198 2537 1321 2619 propo-

149 2623 222 2677 nere
242 2614 273 2675 et
288 2600 404 2673 scribae
421 2602 560 2691 tradere,
585 2602 648 2683 qui
656 2623 721 2662 eam
733 2601 770 2662 in
789 2588 988 2663 concionibus
997 2602 1138 2685 legeret·
1158 2616 1206 2662 ut
1221 2606 1319 2683 unns:

150 2688 280 2787 quisque
298 2699 457 2765 vestrum,
470 2708 586 2787 saepe
578 2687 678 2748 audita
697 2699 728 2747 ct
744 2708 800 2767 per
817 2682 914 2747 otium
921 2686 1137 2761 considerata,
1165 2708 1216 2761 ea,
1226 2707 1321 2787 quae

148 2772 229 2834 iusta
245 2782 348 2837 essent
366 2784 397 2831 et
413 2757 513 2847 utilia,
535 2771 604 2832 suis
622 2754 785 2861 suffragiis
795 2760 1014 2859 comprobaret.
1058 2762 1234 2847 Quamuis
1220 2773 1323 2854 igitur

148 2869 197 2917 tot
220 2857 285 2916 iura
312 2855 357 2917 in
359 2869 501 2937 promtu
517 2856 594 2917 sint:
592 2850 775 2939 Leptines
787 2868 889 2935 tamen
913 2855 989 2917 nibil
1013 2857 1123 2917 borum
1149 2856 1223 2923 fecit
1244 2853 1322 2939 (nec

103 3005 116 3023 μ
150 2940 232 3003 enim
249 2928 336 3000 vobis
353 2962 487 3021 unquam
504 2963 681 3022 persuasum
700 2950 788 3015 esset,
811 2941 938 3022 opinor,
961 2955 998 3003 ut
1014 2941 1114 3024 Iegem
1132 2941 1209 3013 bruc
1226 2939 1319 3000 iube-

67 3060 71 3067 ·
149 3023 252 3109 retis),
276 3045 333 3104 nos
346 3047 423 3091 vero
443 3026 559 3106 omnia:
561 3026 714 3110 legem
702 3040 778 3087 rtem
795 3025 1013 3106 substituimus
1024 3025 1150 3087 multo
1140 3026 1230 3089 istius
1248 3025 1317 3108 lege

148 3109 399 3212 praestantiorem
418 3123 449 3171 et
456 3112 674 3213 aequiorem.
675 3111 717 3173 id
707 3111 821 3193 quod
826 3111 928 3192 audita
946 3132 979 3170 re
987 3111 1198 3194 cognoscetis
1234 3105 1316 3190 Cape

150 3209 181 3256 et
197 3197 291 3257 recita
308 3197 449 3282 primum,
468 3219 545 3276 quae
562 3198 595 3258 in
612 3197 699 3257 istius
716 3198 802 3280 lege
802 3193 1025 3279 accusavimus.
1043 3196 1173 3275 deinde,
1182 3208 1265 3276 quae
1280 3193 1315 3255 il.

38 3334 42 3339 .
148 3281 249 3342 lorum
267 3281 337 3341 loco
353 3281 430 3362 poni
447 3281 573 3343 debere
570 3303 744 3381 asserturus
779 3271 936 3371 Recita.

449 3412 453 3419 ·
673 3416 794 3461 nux.-

74 3485 84 3518 ⁴
133 3546 135 3549 -
179 3482 317 3566 vHaec
335 3514 431 3577 sunt,
446 3486 522 3584 quie
545 3502 578 3562 in
603 3504 658 3569 ista
679 3504 757 3586 lt'³ge
767 3498 966 3565 damnemus
960 3514 1103 3603 ιιιιιιιιιιιι
1120 3520 1185 3563 non
1203 3496 1315 3563 conve-

148 3586 270 3649 nientia.
313 3587 420 3653 Recita
439 3589 528 3663 etism
547 3585 597 3662 ιι,
616 3610 693 3670 quae
712 3596 897 3669 sequuntur,
921 3592 998 3669 quae
1017 3588 1082 3648 istis
1100 3586 1221 3669 potiora
1240 3584 1315 3646 di'cl-

148 3694 223 3734 mus.
246 3672 496 3764 Animadveitite,
514 3670 643 3751 Iudices,
662 3675 734 3759 dum
747 3674 821 3763 brec
836 3672 990 3777 leguntur,
1009 3672 1210 3756 diligenter]
1202 3671 1316 3781 Recita

670 3816 691 3858 L
707 3815 729 3859 Ε
747 3813 819 3860 Xe

173 3903 356 3963 Desine·
387 3901 566 3991 Hocrgitur
583 3903 679 3962 estin
695 3903 826 3983 receptis
844 3902 979 3985 legibus,
993 3856 1267 3973 Athenienses,
1241 3852 1318 3980 ¹pul-

39 3997 62 4018 ‘
93 4040 95 4045 .
148 3938 254 4047 ebrum
273 4000 304 4047 et
320 3987 529 4069 perspicuum,
552 4002 587 4048 ut
604 3989 702 4062 doni,
728 4009 806 4068 quae
823 3988 966 4082 populus
974 3986 1141 4058 concessit,
1165 3997 1244 4045 rata
1249 3983 1319 4044 'sint

113 4117 118 4125 .
146 4070 263 4139 Iustum
280 4073 340 4133 boc
358 4080 404 4132 es't
421 4073 558 4146 omnino,
576 4094 625 4133 me
643 4070 711 4134 dius
728 4074 826 4132 fidius.
851 4066 1039 4132 Decuisset
1029 4070 1135 4156 igitur,
1152 4066 1318 4151 Leptinern

147 4177 211 4216 non
229 4158 312 4237 prius
331 4179 414 4218 suam
432 4157 523 4220 serre
529 4159 645 4241 legem,
679 4180 770 4238 quam
789 4152 924 4216 veterem
942 4158 1020 4217 bunc
1037 4167 1212 4218 accusatam
1221 4152 1318 4214 sbro-
1340 4158 1355 4165 ’

147 4255 261 4324 gasset·
289 4240 417 4304 Nunc
405 4265 477 4305 vero
505 4264 657 4306 curucam
681 4262 738 4302 ceu
756 4242 966 4303 testimonium
983 4254 1106 4302 contra
1116 4235 1320 4320 semetipsum

145 4327 305 4408 reliquerit
322 4326 451 4435 legumu
465 4350 497 4391 se
508 4330 703 4434 violatarum,
716 4326 925 4390 nibilominus
942 4329 1030 4390 istam
1046 4327 1162 4448 legem·
1167 4324 1251 4401 tulit,
1270 4325 1320 4384 id
