2722 4754
116 228 119 243 ,
164 195 226 259 112
446 191 811 259 DE'MOSTHENIS
846 193 1042 260 ORATIO
1086 250 1092 254 .
1133 213 1136 216 '

150 330 154 339 ,
207 324 209 330 .
293 306 298 331 t

33 410 37 420 ,
122 402 125 407 ,
162 356 201 416 ad
214 352 303 439 Pylas
322 348 431 426 missis,
449 362 485 410 ut
499 349 593 432 prius,
611 351 1000 426 Porthmumclauderetis:
1018 355 1083 430 sed,
1099 352 1238 417 utsirnnl
1256 355 1334 420 istos

73 498 74 502 ,
160 441 194 501 id
211 439 390 500 nunciantes
410 457 463 496 vos
482 437 637 512 audiretis,
655 438 744 502 simul
757 439 824 520 ipse
839 432 917 500 intra
932 441 1022 525 Pylas
1042 455 1134 517 esset,
1148 463 1268 523 vosque
1286 443 1356 509 ὐἱ-κ

69 592 75 607 Χ
158 526 207 585 hil
225 544 314 607 agere
332 522 470 604 possetis
504 522 602 583 Tanto
621 536 722 584 antem
740 524 773 583 in
790 525 901 584 timore
919 539 1010 606 atquc
1027 526 1060 587 iu
1078 540 1162 589 aestu
1180 529 1240 590 suit
1259 527 1334 588 Phi-

162 611 273 692 lippus,
291 629 340 683 ne,
359 603 450 667 etiam
467 606 514 677 his
529 629 545 667 a
563 609 779 689 se=occupatis,
797 622 866 668 ante
883 609 1042 679 interitum
1053 613 1265 675 Phoceusiuin·
1277 612 1351 676 trtts'¹

110 731 113 735 -
163 698 217 769 eis,
236 693 336 754 audita
353 713 398 766 re,
415 692 524 753 auxilia
543 693 756 774 decerneretis,
776 707 806 753 et
824 695 888 775 ipse
905 696 951 755 rei
968 699 1118 780 gerendae
1129 692 1353 770 ‘occasionem'

69 790 75 803 ²
162 781 329 842 amitteret:
354 790 390 838 ut
406 800 508 853 rursus
527 778 679 860 impurum
697 780 790 849 istum
808 779 1008 858 conduceret,
1034 785 1175 844 uoniam
1194 805 1332 847 commn-

122 913 125 927 .
163 868 243 927 niter
260 887 329 924 cum
347 864 473 924 caeteris
491 864 616 947 legatis,
641 865 695 924 sed
713 864 852 944 privatim
870 867 986 941 solum,
1005 881 1041 927 ut
1057 869 1143 930 vobis
1162 892 1197 931 ea
1214 862 1333 932 diceret

65 958 69 977 ¹
161 973 195 1012 ac
208 951 382 1024 nunciaret,
395 949 455 1030 ‘per
472 969 548 1029 quae
568 950 669 1009 omnia
686 949 850 1029 perierunt
885 951 961 1012 Peto
979 965 1096 1029 autem,
1113 955 1331 1031 Athenienses,

161 1051 194 1098 et
211 1057 285 1110 oro,
312 1049 348 1096 ut
365 1037 424 1095 boc
441 1056 497 1116 per
519 1047 615 1094 totam
639 1056 758 1125 causam
782 1035 995 1097 memineritis:
1021 1039 1047 1098 si
1063 1038 1329 1102 Aeschinesnihil

160 1137 242 1184 extra
268 1143 387 1182 causam
417 1119 590 1179 criminatus
618 1133 714 1193 esset,
734 1142 786 1180 me
804 1142 928 1202 quoque
952 1124 1070 1185 nullum
1095 1126 1188 1186 aliud
1202 1126 1329 1188 verbum

159 1210 254 1269 luisse
277 1208 442 1267 facturum:
479 1227 548 1264 cum
566 1217 667 1265 autem
686 1205 738 1265 illc
756 1207 858 1269 omnia
883 1208 1007 1268 crimina
1026 1222 1057 1269 et
1070 1211 1240 1286 rmaledicta
1259 1231 1328 1273 coa-

160 1294 304 1366 cervarit,
322 1311 447 1357 necesse
465 1289 540 1349 mibi
557 1310 682 1370 quoque
696 1300 781 1367 esse,
791 1293 828 1352 ad
842 1293 1220 1378 singulasacriminatioues
1233 1316 1327 1377 pauca

160 1378 354 1462 respondere.
391 1375 478 1452 Quae
497 1375 592 1457 igitur
608 1375 689 1459 illius
707 1376 799 1438 verba
816 1389 882 1438 turn
897 1380 1040 1455 luerunt,
1058 1402 1114 1463 per
1131 1404 1209 1463 quae
1228 1381 1327 1463 perie-

87 1476 89 1483 ’
158 1478 233 1527 runt
247 1461 380 1525 omnia?
417 1461 488 1520 Nou
508 1481 574 1522 esse
591 1462 839 1540 tumultuandum¹
863 1478 1041 1546 propterea,
1067 1468 1150 1547 quod
1169 1468 1328 1549 Philippus

155 1544 336 1612 essetintra
353 1547 442 1631 Pylas
466 1567 661 1630 progressus:
691 1561 909 1610 consecuturos
929 1549 1010 1610 euim
1028 1573 1082 1612 vos
1101 1546 1221 1628 omnia,
1247 1571 1326 1633 quae

157 1637 294 1708 velletis,
312 1632 339 1693 si
353 1631 569 1712 quiesceretis,
586 1645 678 1712 atque
692 1633 773 1694 iutra
792 1634 919 1695 biduum
937 1649 989 1696 aut
1004 1637 1140 1710 triduum
1158 1638 1328 1711 audituros,

142 1742 290 1803 equorum
308 1717 413 1778 hostis.
422 1716 564 1792 venisset,
581 1717 617 1778 iis
636 1719 783 1778 amicum:
802 1733 923 1794 contra,
942 1721 1051 1801 quibus
1071 1724 1195 1797 amicus,
1213 1723 1251 1783 iis
1270 1722 1327 1783 ho-

158 1821 237 1868 stem
255 1826 320 1866 esse
345 1804 465 1863 lactum.
499 1803 608 1883 Neque
627 1803 707 1862 enim
725 1804 824 1864 verbis
849 1805 993 1866 amicitias
1019 1808 1118 1868 aiebat
1144 1806 1328 1881 confirmari,

157 1894 244 1954 valde
262 1904 351 1950 utens
369 1889 499 1949 honesto
518 1887 657 1948 nomine:
681 1891 734 1949 sed
753 1889 861 1949 iisdem
878 1891 1069 1952 utilitatibus.
1102 1894 1254 1975 Expedite
1272 1916 1327 1954 au·

157 1992 220 2040 tem
238 1975 380 2056 Philippo
408 1987 439 2034 et
455 1972 664 2034 Phocensibus
685 1987 716 2034 et
732 1975 818 2036 vobis
836 1975 950 2056 pariter
967 1978 1125 2053 omnibus,
1150 1993 1279 2060 stupore
1298 1975 1342 2039 et'

142 2062 297 2124 ‘molestia
314 2059 530 2120 Thebanorum
548 2059 676 2120 liberati.
711 2062 794 2120 Haec
811 2082 847 2121 ex
865 2082 903 2122 eo
921 2062 1047 2144 quidam¹
1070 2064 1203 2124 libenter
1222 2063 1328 2125 audie·

125 2176 127 2181 ⁸
158 2150 232 2210 bant
256 2159 383 2228 propter
406 2145 630 2206 intercedentes
657 2166 695 2205 eo
713 2158 851 2226 tempore
876 2169 945 2223 cum
964 2147 1117 2209 Thebanis
1143 2148 1328 2210 inimicitias.

116 2292 122 2300 ,
158 2232 242 2310 Quid
261 2253 334 2293 vero
352 2222 453 2291 statim
471 2230 546 2292 haec
563 2244 701 2291 secutum
720 2231 785 2291 est?
808 2234 851 2293 Ut
867 2233 958 2314 paulo
977 2246 1048 2315 post
1064 2234 1168 2294 miseri
1185 2226 1328 2295 Phoceu-

148 2315 205 2381 'ses
223 2317 394 2390 interirent,
413 2314 444 2376 et
462 2336 567 2376 eorum
584 2315 676 2376 urbes
695 2329 918 2379 everterentur:
934 2331 971 2379 ut
988 2340 1059 2392 vos,
1079 2320 1150 2380 dum
1170 2319 1329 2401 quiescitis

158 2419 190 2474 et
206 2404 257 2465 isti
275 2402 405 2485 paretis,
428 2402 520 2482 paulo
538 2414 609 2483 post
631 2401 853 2483 supellectilem
877 2425 913 2464 ex
931 2404 1009 2488 agris
1036 2405 1266 2477 conveheretis:
1291 2417 1329 2467 ut

157 2490 215 2551 iste
242 2511 349 2549 aurum
372 2486 540 2567 acciperet:
565 2501 657 2567 atque
682 2486 758 2567 illud
778 2488 884 2565 etiam,
909 2503 945 2549 ut
971 2486 1006 2550 et'
1026 2491 1198 2573 respublica
1223 2503 1332 2552 nostra

156 2575 373 2636 Thebanorum
399 2585 431 2632 et
452 2572 667 2649 Thessalorum
698 2573 867 2655 susciperet
890 2574 1078 2651 inimicitias,
1110 2590 1141 2636 et
1164 2576 1328 2658 Philippus

74 2663 135 2722 152
156 2660 245 2734 lactis
262 2659 321 2719 illis
340 2657 466 2741 gratiam
484 2657 582 2717 iniret.
607 2658 694 2732 Quae
712 2671 748 2718 ut
763 2680 834 2720 vera
853 2673 1071 2722 esse-constet:
1089 2661 1184 2721 recita
1195 2661 1276 2721 ,mihi
1295 2674 1328 2722 et

156 2741 349 2806 Callisthenis
376 2744 532 2803 decretum
558 2755 589 2803 et
613 2741 715 2803 literas
740 2744 887 2828 Philippi,
917 2766 1048 2826 quorum
1073 2747 1213 2827 utrisque
1237 2745 1325 2810 vobis

61 2830 64 2836 '
155 2832 231 2895 baec
250 2829 351 2894 omnia
369 2827 608 2892 declarabuntur.
625 2828 740 2893 Recita.
881 2882 884 2886 .
920 2893 935 2913 ,
1151 2839 1155 2844 ’
1299 2834 1331 2885 α’

584 2957 893 3029 n'ncnnrun.

240 3086 426 3168 Mnesipbilo
444 3098 600 3168 praetore,
626 3085 774 3147 concione
792 3107 809 3146 a
829 3087 956 3148 ducibus
975 3101 1006 3150 et
1023 3089 1062 3150 de
1078 3089 1231 3152 sententia
1250 3109 1321 3150 con-

155 3175 255 3236 sulum
274 3195 307 3234 ac
321 3185 443 3234 senatus
461 3173 636 3251 convocata,
653 3171 751 3252 pridie
765 3169 827 3232 Cal.
841 3171 984 3234 Octobris
1004 3172 1215 3251 Callisthenes,
1228 3175 1322 3235 Eteo-

153 3261 216 3321 nici
234 3259 325 3332 lilius,
343 3257 517 3337 Phalereus,
537 3256 626 3317 dixit:
644 3257 691 3317 Ne
710 3256 777 3338 quis
795 3256 1030 3320 Atheniensium
1047 3261 1109 3321 ulla
1128 3263 1166 3322 de
1185 3261 1273 3322 causa
1291 3260 1327 3319 in

64 3414 67 3421 .
100 3405 116 3413 ,,
152 3367 228 3429 agro
246 3356 421 3427 pernoctet:
448 3344 503 3403 sed
520 3342 552 3402 iu
569 3341 646 3403 urbe
664 3356 806 3404 maneant
824 3357 854 3403 et
870 3344 1013 3420 Piraeeo,
1033 3347 1085 3426 qui
1103 3369 1166 3412 nou
1184 3348 1216 3415 in
1232 3366 1323 3427 prae-

151 3431 239 3492 sidiis
266 3427 405 3510 dispositi
422 3440 501 3489 suut
535 3427 650 3499 Eorum
674 3440 775 3488 autem
802 3448 893 3509 quem
920 3431 1049 3515 quisque
1067 3432 1168 3492 locum
1193 3430 1323 3491 sortitus

153 3529 218 3588 est,
246 3536 314 3577 eum
340 3526 478 3587 tueatur,
503 3533 603 3593 neque
630 3513 741 3574 diurno
768 3535 870 3594 neque
894 3530 1209 3599 nocturuo‘tempore
1236 3515 1324 3576 absit

152 3600 301 3680 Quisquis
325 3611 427 3659 autem
445 3597 516 3658 huic
542 3599 666 3658 decreto
685 3621 749 3667 non
772 3600 921 3681 paruerit,
949 3602 1132 3683 proditionis
1155 3623 1227 3662 reus
1245 3612 1325 3674 esto,

150 3686 220 3747 uisi·
229 3685 408 3745 necessitate
427 3685 526 3764 aliqua
544 3682 712 3744 inevitabili
726 3682 759 3745 se
774 3685 867 3747 fuisse
886 3687 1126 3748 circumventum
1140 3685 1324 3748 ostenderit

150 3773 225 3832 Eam
244 3784 346 3831 autem
364 3770 577 3830 necessitatem
596 3783 760 3852 cognoscat
778 3771 855 3844 dux,
881 3771 935 3851 qui
952 3773 1184 3834 armamentario
1203 3770 1325 3854 praele-

63 3885 66 3894 ⁴
151 3870 218 3918 ctus
238 3868 294 3930 est,
313 3868 344 3916 et
362 3868 506 3935 quaestor
524 3868 555 3914 et
572 3855 669 3915 scriba
687 3868 818 3916 senatus.
842 3856 1027 3919 Deferuntur
1044 3859 1135 3918 etiam
1154 3879 1233 3938 quae
1252 3871 1327 3918 sunt

149 3943 183 4003 in
200 3942 283 4024 agris
300 3941 400 4009 omnia
419 3940 594 4002 celerrime:¹
619 3961 697 4020 quae
714 3954 787 4002 sunt
803 3941 881 4001 intra
906 3943 999 4003 stadia
1019 3940 1129 4017 CXX,
1155 3944 1189 4004 in
1212 3936 1325 4003 urbdm

149 4040 181 4087 et
199 4027 373 4089 Piraeeum:
392 4047 469 4107 quae
486 4026 566 4087 ultra
583 4018 678 4085 stadia
697 4022 799 4101 CXX,
816 4026 1002 4102 Eleusinem,
1019 4029 1150 4112 Phylen,
1166 4029 1327 4111 Aphidna,

148 4111 376 4172 Rhamnuntem
395 4125 425 4173 et
442 4111 579 4172 Sunium.
613 4110 698 4171 Dixit
715 4107 914 4172 Callisthenes
932 4114 1104 4191 Phalereus.

233 4196 390 4277 Numquid
408 4197 464 4258 bac
481 4217 535 4278 spe
552 4216 656 4281 pacem
674 4196 828 4270 feceratis,
845 4211 898 4258 aut
915 4198 988 4258 baec
1011 4200 1098 4260 vobis
1117 4199 1331 4280 pollicebatur

147 4284 206 4344 iste
223 4281 448 4344 mercenarius?
476 4281 544 4364 Age
561 4281 654 4342 recita
672 4294 703 4355 et
720 4281 839 4357 literas,
851 4303 939 4364 ‘quas
957 4280 1063 4366 postea
1080 4285 1245 4368 Philippus
1263 4285 1329 4347 huc

36 4402 44 4414 =
131 4368 236 4431 'misit
