2722 4754
365 43 561 78 ‘s,'xl

136 196 224 270 ,aa¹
433 185 1080 285 nynnosrnnnrsonarro.
1140 173 1182 269 ζ

39 380 50 402 a
93 329 104 341 ’
146 343 258 408 ¹ea'dem
276 367 292 406 a
310 343 459 404 iudicibus
478 365 543 403 csse
559 343 721 423 spoliatos:
740 366 808 404 nam
824 343 898 416 lutee
913 361 976 401 non
991 342 1033 401 ita
1049 340 1124 400 olim
1139 331 1216 425 facta
1231 358 1320 419 suut„

19 448 23 459 '
71 430 76 436 ’
117 434 187 492 *tat
204 445 222 491 a
237 427 323 498 nobas
342 432 528 510 ignorentur.
541 483 543 486 ,
556 428 611 486 His
629 429 670 487 ita
688 428 782 488 firmis
802 440 832 487 et
849 425 1006 508 praeclaris
1025 424 1145 508 legibus
1165 447 1232 484 eum
1249 448 1304 488 res-

38 525 40 534 ’
69 532 71 535 ’
118 543 127 556 ⁸
151 515 271 598 publica
288 515 403 573 firmata
420 514 477 586 sit,
505 535 560 593 per
578 534 650 592 quas
661 513 738 572 dieii
751 504 969 572 Atheniensem
979 523 1144 590 oporteat,
1171 510 1228 569 alia
1242 527 1305 590 post

52 602 64 610 “
151 602 203 659 has
217 620 327 658 omnes
346 599 544 659 lexaummae
562 598 748 658 auctoritatis
768 611 812 657 est
830 599 1079 658 sancitartantae'
1094 597 1305 679 curae'populo

149 685 210 743 fuit
228 696 259 743 et
276 682 417 764 ipse’sibj
436 695 466 741 et
485 683 526 741 dii
545 683 744 756 immortales,
773 696 808 741 ut
825 704 906 747 sacra
924 701 978 760 pro
997 680 1154 760 republica
1172 680 1303 763 religiose

152 761 267 828 fierent.
290 769 366 827 Nam
386 784 583 847 quoscunque
602 767 733 846 populus
747 767 952 825 Atheniensis·
964 764 1042 823 cives
1060 764 1179 834 fecerit,
1198 785 1247 823 eos
1264 766 1304 826 lex

153 861 256 934 aperte
273 865 360 912 vetat·
372 851 410 922 in'
423 851 584 932 collegium
602 852 853 911 Nuvemvirorum
873 850 1017 930 cooptari,
1036 862 1089 916 aut
1105 848 1199 909 ullius
1217 871 1302 915 sacer-

68 941 128 999 381
153 938 230 998 dotii
247 937 432 1017 adipiscendi
449 937 496 995 ius
514 936 631 995 habere.
666 937 785 995 Horum
802 935 995 1017 verolliberis
1014 935 1072 992 iam
1091 932 1223 1013 populus
1240 934 1304 995 haec

152 1022 253 1083 omnia
272 1022 441 1080 concessit:-
463 1038 530 1080 cum
549 1021 603 1078 hae
620 1033 721 1079 tamen
739 1021 920 1101 appendice,
944 1020 969 1078 si
988 1019 1083 1078 sinte
1103 1017 1234 1078 muliere·
1248 1020 1303 1079 circ

151 1106 283 1186 suscepti
302 1119 332 1164 et
350 1097 484 1187 legitime
504 1098 663 1185 desponba,
699 1106 738 1165 Et
758 1107 831 1173 haec
848 1117 896 1164 me
915 1125 984 1164 vere
1002 1104 1121 1181 dicere,
1154 1122 1260 1184 magno
1278 1119 1303 1165 ct

76 1255 82 1263 ,
106 1245 109 1254 r
150 1181 261 1251 illustri
279 1211 336 1271 ego
352 1190 530 1256 testimonio
549 1189 635 1256 vobis
653 1182 818 1265 ostendam.
840 1190 974 1248 Narrabo
993 1201 1094 1261 autem
1112 1186 1212 1259 vobis,
1229 1201 1303 1248 ante-

152 1297 240 1355 quam
259 1276 296 1333 ad
313 1295 378 1332 rem
395 1272 488 1354 ipsam
507 1274 634 1347 veniam,
654 1286 715 1352 qno
733 1288 820 1354 pacto
841 1296 873 1334 ea
893 1276 940 1334 lex
957 1275 1025 1344 lata,
1044 1286 1075 1332 et
1092 1285 1220 1351 propter
1229 1295 1302 1351 xquos

150 1358 339 1441 promulgata
356 1358 405 1430 sit,
423 1381 511 1437 quarn
529 1370 717 1439 praestantes
731 1360 811 1418 viros
832 1372 861 1418 et
880 1365 1050 1418 constantes
1068 1357 1178 1436 populi
1194 1358 1303 1417 amicos.

149 1445 194 1502 Ex
212 1443 258 1503 his
277 1436 358 1500 enim
376 1442 476 1502 scietis
496 1442 651 1515 omnibus,
677 1456 708 1502 et
724 1444 831 1524 populi
849 1443 1045 1533 bepeficium,
1071 1441 1152 1499 bene
1171 1443 1304 1503 merenti·
1331 1515 1333 1525 Ι

52 1530 64 1541 ‘
96 1562 100 1574 x
149 1527 207 1587 bus
224 1526 408 1607 repositum,
427 1527 651 1606 proculcatum,
676 1528 968 1607 etquantis-yestris
987 1525 1173 1586 utilitatibus
1192 1525 1305 1586 obstent
1333 1562 1343 1602 ,

96 1612 99 1628 ’
144 1609 497 1694 tumrstephanus,1tum
511 1611 638 1683 caeteri,
651 1611 708 1691 ‘qui
727 1612 833 1671 eodem
852 1615 944 1672 modo
962 1611 1009 1671 vel
1027 1610 1221 1669 matrimonia
1238 1631 1302 1669 con-

144 1693 398 1767 -trarerunt,.vcl
423 1695 536 1754 liberos
565 1706 774 1774 susceperunt,
795 1697 1003 1756 ‚Plataeenses
1033 1695 1093 1753 soli
1124 1695 1315 1754 Graecomm'

100 1803 103 1815 ·
150 1778 407 1849 omniuntvobis,
441 1779 661 1853 Athenienses,
697 1781 728 1839 in
747 1781 958 1858 Marathonem
979 1779 1305 1859 suppetiasltenerunt,

127 1851 217 1943 cuna¹
241 1863 340 1935 Datis,
364 1864 529 1922 Persarum
546 1865 627 1946 regis
650 1864 830 1945 imperator,
856 1866 971 1926 Eretria
996 1865 1162 1937 recedens,
1187 1863 1306 1924 Euboea

54 1967 57 1970 ·
146 1949 269 2009 subacta
293 1948 337 2006 in
352 1959 494 2016 nostrum
513 1969 617 2028 agrum
643 1972 711 2008 cum
732 1949 907 2031 ingentibus
926 1949 1134 2010 descendisset
1162 1948 1255 2027 copiis
1280 1961 1318 2007 ct.

147 2025 382 2115 populabundus
400 2039 564 2113 vagaretur.
598 2033 673 2091 Nam
700 2034 789 2092 etiam
815 2034 906 2094 hodie
931 2034 1120 2095 fortitudinis
1147 2054 1254 2092 eorum
1278 2033 1306 2091 in

65 2134 68 2141 '
148 2118 238 2177 Varia
255 2116 375 2197 porticu
393 2117 577 2177 monimenta
594 2116 710 2197 pictura
726 2114 948 2198 repraesentat:v
970 2140 1060 2198 quam
1075 2118 1161 2177 enim
1182 2118 1305 2197 quisque

111 2206 113 2210 ’
148 2201 445 2280 celerrime'potuit,
471 2201 572 2271 statim
594 2224 752 2265 accurrens
768 2204 874 2284 'pictus
894 2217 963 2276 est,
989 2221 1077 2263 canes
1102 2203 1149 2261 illi
1165 2203 1307 2263 Boeotias

146 2285 299 2369 habentes.
332 2285 434 2364 Atque
452 2284 562 2344 iterum
581 2284 679 2345 Xcrre
696 2287 852 2348 Graeciam
872 2283 1051 2361 inuadente,
1069 2286 1221 2349 Thebanis
1240 2309 1306 2347 euru

146 2369 243 2436 Medo¹
257 2368 437 2441 coniunctis,
454 2382 587 2429 nostram
600 2371 742 2430 deserere
755 2373 915 2432 amicitiam
933 2372 998 2431 ausi
1015 2393 1081 2431 non
1096 2373 1233 2449 suerunt:
1250 2372 1303 2431 sed

54 2456 56 2461 ’
146 2453 259 2527 solide
277 2453 401 2513 caeteris
419 2453 573 2525 Boeotiis,
598 2455 706 2534 partim
728 2477 795 2517 cum
811 2457 1057 2517 Lacedaemoniis
1076 2469 1107 2516 et
1121 2457 1256 2530 Leonida
1272 2457 1305 2514 in

62 2610 63 2613 Ἴ
131 2537 358 2620 'ffhermopylis
376 2550 479 2596 contra
496 2537 660 2598 Barbarum
676 2540 893 2600 instructions
912 2542 1079 2622 perierunt,
1096 2538 1215 2621 partim,
1234 2563 1305 2599 con-

140 2623 259 2685 scensis
277 2622 388 2681 nostris
405 2621 589 2695 triremibus,
607 2626 690 2703 quod
707 2627 842 2705 proprias
861 2647 950 2686 naves
969 2649 1032 2690 non
1050 2625 1209 2697 baberent,
1227 2627 1305 2702 socia
1323 2621 1325 2624 ’

109 2740 117 2753 κ
136 2706 304 2768 nobiscum
318 2727 397 2764 arma
412 2707 584 2779 iunxerunt,
600 2710 684 2770 etad
698 2710 907 2782 Artemisium,
921 2712 951 2770 et
966 2712 1004 2770 ad
1016 2710 1210 2782 Salaminem,
1227 2723 1255 2768 et
1271 2711 1308 2768 ad

56 2869 61 2873 q
75 2852 86 2866 ⁸
120 2845 121 2848 ,
136 2789 277 2850 Plataeas
290 2801 441 2877 postrema
453 2811 554 2872 pugna
568 2793 725 2852 commissa
740 2817 807 2887 pum
821 2795 990 2868 Mandonio,
1005 2795 1085 2876 regis
1099 2797 1189 2867 duce,
1207 2794 1304 2854 vohis-

81 2884 85 2893 “
144 2896 212 2934 cum
229 2886 263 2933 >et
280 2895 349 2932 cnm
362 2875 656 2948 'taeterls‘libertatis
673 2879 871 2939 assertoribus
889 2878 1054 2952 coniuncti,
1073 2893 1235 2939 commune
1251 2879 1304 2938 bo-
1341 2956 1343 2961 .

59 3007 62 3013 ,
143 2980 227 3031 num,
244 2957 424 3032 libertatem,
442 2959 566 3018 caeteris
585 2960 708 3021 Graccis
726 2964 931 3023 restituerunt
955 2961 1117 3026 Caeterum
1136 2964 1300 3036 Pausanias,

142 3059 196 3103 rex
212 3043 529 3115 Lacedaemoniorum,
546 3044 631 3104 vobis
650 3045 927 3129 insultare'coepit,
946 3070 1008 3119 non
1027 3060 1193 3108 contentus
1209 3052 1298 3128 impe:

52 3195 56 3200 ,
142 3127 189 3186 rio
208 3127 281 3209 solis
294 3127 539 3187 Lacedaemoniis
555 3152 570 3190 a
586 3129 708 3190 Graecis
725 3132 840 3196 delato:
859 3145 890 3197 et
904 3147 1006 3192 nostra
1020 3133 1106 3204 urbs,
1125 3155 1301 3212 quamquam

81 3215 97 3267 ἑ.
144 3209 268 3270 Graecis
285 3230 390 3269 revera
407 3211 467 3270 dux
485 3224 515 3270 et
532 3227 639 3273 auctor
655 3213 801 3276 libertatis
818 3219 931 3289 suerat,
964 3231 1064 3277 tamen
1083 3218 1198 3277 honori
1213 3219 1302 3277 Lace-
1323 3232 1328 3245 ¹

85 3313 88 3328 ‘
136 3295 371 3375 daemoniorum
389 3315 451 3354 non
466 3298 621 3358 adversata
639 3311 694 3372 ost,
711 3313 746 3360 ut
763 3322 801 3360 ne
820 3301 850 3359 in
869 3295 1021 3361 sociorum
1040 3302 1186 3361 invidiam
1204 3303 1301 3363 incur-

99 3390 102 3398 “
125 3405 132 3426 ι
141 3391 231 3437 reret
248 3378 286 3437 lis
299 3378 394 3459 igitur
408 3379 498 3440 rebus
512 3381 633 3441 inflatus
646 3384 816 3457 Pausanias,
831 3407 883 3445 rex
896 3387 1216 3459 Lacedaemoniorum,
1230 3387 1301 3447 Del-

68 3476 70 3481 ·
140 3461 231 3543 pbico
249 3463 363 3542 tripodi
379 3463 547 3544 inscripsit,
567 3467 797 3545 quemGraeci,
812 3469 869 3548 ¹qui
887 3473 925 3532 ad
941 3471 1302 3554 Plataeasdepugnarant

112 3566 116 3579 ⁸
141 3559 173 3606 et
198 3547 301 3607 navale
321 3547 539 3610 -ad‘Salamina
565 3553 719 3630 proelium
743 3554 911 3614 coniunctis
938 3556 1052 3622 viribus
1079 3542 1318 3629 commiserant*

140 3629 277 3710 Apollini
295 3631 326 3690 in
344 3632 520 3707 Barbaricae
537 3635 681 3696 victoriae
698 3639 919 3699 monimentum
938 3641 1132 3701 dedicarunt:

292 3716 478 3793 Graooorum
489 3721 613 3793 ductor,
633 3722 741 3797 Medos
759 3723 810 3802 nbi
824 3726 961 3804 perdidit
977 3727 1087 3801 hostes,

130 3824 192 3894 χ’
244 3847 248 3861 ,
315 3835 323 3872 1,
346 3801 542 3875 Pausanias,
560 3804 819 3873 Phoebodcdr'oat
836 3809 891 3866 Iton
908 3811 1050 3889 spolium„
1097 3823 1108 3842 ‘

57 3884 118 3949 382
139 3883 270 3944 Perinde
288 3904 324 3943 ac·
345 3882 482 3964 sitip'sius
506 3887 586 3947 esset
602 3888 633 3948 id
658 3890 773 3950 facinus
791 3905 824 3951 et
849 3894 1023 3967 donarium,
1048 3915 1114 3956 non
1137 3917 1299 3956 commune

39 3977 55 4008 ἰ
136 3968 296 4037 sociorum.
331 3969 416 4028 Iratis
443 3983 541 4031 autem
561 3993 595 4032 ea
613 3975 651 4033 de
673 3997 705 4035 re
725 3977 870 4048 Graecis,
888 3978 1079 4043 Plataeenses
1095 3981 1299 4041 Lacedaemo-

135 4052 202 4126 nios
215 4054 306 4132 „apud
324 4051 565 4138 Amphictyones
594 4073 734 4121 accusant
751 4061 883 4123 'nomine
908 4063 1067 4124 sociorum.
1087 4076 1117 4125 et
1141 4066 1225 4125 mille
1255 4080 1298 4125 ta-

117 4132 249 4221 ‹len‘ttim
268 4138 410 4202 mulctant
428 4138 465 4197 ab
491 4139 533 4200 eis
551 4156 675 4222 petunt,
703 4146 854 4225 erasisque
868 4148 1032 4227 'versiculis
1057 4149 1225 4210 inscribere
1245 4173 1297 4210 co-

126 4230 212 4300 gunt
227 4222 334 4294 urbes,
360 4224 545 4302 quaerebas
568 4229 660 4310 gestis
689 4229 895 4296 interfuerant
919 4234 1007 4307 Qua
1025 4255 1057 4293 re
1083 4235 1133 4295 vel
1158 4235 1297 4317 inprimis

68 4395 76 4415 ἱ
115 4303 524 4401 ,odiaLaeedaemonibrum
541 4327 745 4397 susceperunt·
756 4316 918 4403 regiaeque
935 4317 1079 4399 familiae,
1091 4319 1138 4379 Ac
1155 4321 1189 4383 in
1207 4342 1296 4402 prae-
