2722 4754
19 168 54 217 ’“
154 207 194 267 aa
366 160 368 165 ⁴
441 205 804 272 nnuosrnnurs
840 131 1039 283 undaro

78 368 81 385 '
152 363 211 423 lata
229 383 285 444 per
301 363 417 446 legatos
435 359 473 420 ab
491 361 733 427 Atheniensibus
757 358 822 428 eius
840 367 914 430 belli
931 369 1084 430 societate.
1128 372 1288 433 Miserunt.
1300 387 1334 437 et

152 446 388 533 Megalopolitae
407 445 561 537 Athenas,
581 451 634 529 qui
652 452 797 513 auxilidm
815 467 963 534 peterent
990 456 1215 519 Demosthenes
1234 459 1344 541 igitur·

127 533 393 615 *Atheniensibus
412 546 519 595 auctor
543 547 607 610 est,
634 558 673 596 nc
691 539 749 600 vel*
759 539 893 601 exscindi
917 542 1150 623 Megalopolim,
1178 546 1227 606 rel
1255 566 1359 627 opes.

152 619 462 695 Lacedaemoniorum
481 639 615 680 erescere
633 623 805 702 patiantur:
816 623 899 687 ‘cum
917 646 934 686 e
951 628 1109 707 republica
1126 624 1183 707 sit,
1202 631 1248 692 eis
1266 646 1331 694 ter-

73 704 83 715 ’
152 708 222 778 rori.
235 726 299 779 non
318 726 383 769 esse
401 705 667 790 Lacedaemonem.

562 906 920 933 *κα-φα...

153 1035 294 1145 Utrique
307 1059 387 1119 'mibi
405 1077 531 1139 peccare
547 1056 707 1129 videntur,
737 1056 960 1131 Athenienses,
993 1073 1054 1120 tam
1073 1058 1127 1144 qui
1143 1060 1328 1138 Arcadibus,

146 1156 244 1233 quam
261 1147 299 1220 ii,
325 1145 378 1225 qui
394 1142 641 1215 Lacedaemoniis
667 1143 903 1222 patrocinantur.
937 1146 1095 1226 Tanquam
1119 1149 1201 1209 enim
1225 1149 1263 1209 ab
1282 1149 1326 1211 al-

152 1234 276 1300 terutris
295 1230 397 1323 missi,
421 1245 485 1288 non
503 1227 602 1288 nostri
623 1227 703 1295 cives
722 1229 803 1302 sint,
839 1231 919 1310 apud
938 1251 1015 1310 quos
1034 1233 1080 1293 illi
1096 1234 1223 1314 utrique
1242 1234 1326 1317 le'ga-

86 1312 93 1319 ·
152 1323 269 1385 tionem
289 1317 418 1376 obeunt:
441 1314 484 1375 sie
497 1326 610 1381 ,mutuo
629 1335 662 1373 se
679 1326 822 1375 accusant
840 1328 871 1375 et
889 1315 1101 1378 criminantur:
1125 1320 1157 1380 id
1177 1320 1263 1400 quod
1281 1321 1327 1381 le.

152 1408 228 1492 gatis
246 1401 482 1482 relinquendum
501 1399 565 1459 luit
600 1400 716 1459 Eorum
736 1399 831 1475 enim,
854 1402 907 1479 qui
926 1402 1088 1464 eonsilium
1103 1404 1155 1465 hic
1173 1404 1326 1485 pollicen-

65 1507 67 1511 ’
111 1548 119 1563 ,
151 1509 217 1567 tur,
245 1488 381 1549 officium
400 1498 461 1559 est,
486 1484 594 1546 animis
619 1497 757 1545 neutram
782 1485 813 1543 in
837 1498 954 1566 partem
979 1488 1195 1550 inclinantibus
1222 1490 1325 1557 dicere

153 1575 318 1640 sententias
351 1572 471 1643 etsiue
496 1570 746 1632 contentionibus
772 1571 946 1650 exquirere,
968 1573 1059 1653 ¹quid
1083 1575 1170 1649 vobis
1192 1576 1326 1637 maxime

153 1654 312 1725 conducat
355 1659 444 1718 Nunc
463 1657 506 1717 sic
525 1657 667 1737 equidem
696 1655 850 1729 existimo,
877 1659 936 1717 nisi
953 1659 1022 1718 noti
1040 1674 1141 1721 essent
1157 1659 1326 1743 Atticeque

90 1748 94 1753 .
152 1751 370 1829 loquerentur,
388 1743 455 1803 fore
473 1744 604 1816 multos,
630 1741 683 1821 qui
702 1761 754 1800 eos
772 1742 880 1821 partim
897 1743 1031 1804 Arcades
1049 1767 1115 1807 esse
1139 1746 1249 1827 partim
1264 1749 1325 1808 La-

154 1855 246 1897 cones
265 1840 415 1911 putarent.
458 1827 524 1886 Etsi
542 1839 644 1887 autem
661 1826 768 1900 video,
793 1849 882 1907 quam
901 1829 1024 1890 difficile
1042 1831 1096 1904 sit,
1120 1832 1237 1912 optima
1253 1854 1327 1893 sua-

154 1923 226 1982 dere
244 1916 328 2000 (nam
347 1935 416 1993 cum
434 1933 488 1972 vos
507 1934 568 1974 una
587 1913 707 1992 decepti
723 1912 801 1986 sitis,
819 1913 918 1973 etalii
937 1916 993 1974 alia
1011 1916 1127 1977 velitis:
1144 1918 1190 1991 fit,
1208 1916 1326 1998 siquis

152 2005 284 2071 mediam
301 2000 378 2061 viam
396 2010 509 2072 teneat,
525 2019 642 2078 vosque
659 2018 732 2058 rem‘
743 2018 929 2081 cognoscere
947 1988 1123 2084 giavemini,
1143 2015 1179 2062 ut
1197 2015 1230 2063 et
1246 2024 1326 2063 neu-

152 2091 207 2153 tris
225 2086 412 2174 gratificetur
436 2084 516 2144 etin
533 2096 736 2163 utrorumque
755 2085 824 2143 odia
841 2083 1003 2168 incurratl:
1030 2100 1239 2149 verumtamen
1258 2089 1325 2171 ipse

152 2166 232 2238 malo
252 2173 292 2258 (si
309 2172 388 2231 forte
407 2170 448 2230 ita
467 2166 625 2250 ceciderit)
642 2169 764 2249 ineptus
782 2169 895 2244 videri,
914 2168 1004 2252 quam
1023 2165 1141 2233 omissis
1160 2173 1227 2248 bis,
1245 2195 1326 2256 qnae

152 2262 229 2324 mihi
245 2257 372 2320 manime
390 2254 534 2315 videntur
551 2274 616 2315 esse
636 2275 652 2314 e
669 2255 843 2335 republica,
861 2257 1055 2337 permittere,
1072 2271 1107 2319 ut
1126 2259 1252 2338 quidam
1269 2279 1325 2321 vos

102 2412 106 2423 ,
153 2347 313 2428 decipiant
356 2340 402 2400 Ac
422 2352 538 2400 caetera
555 2339 684 2421 quidem
696 2354 818 2420 postca,
844 2341 870 2400 si
888 2355 987 2403 vestra
1004 2344 1145 2405 voluntas
1163 2343 1258 2419 seret,
1276 2345 1325 2405 di-

153 2431 231 2495 cam:
259 2450 341 2491 nunc
359 2445 453 2500 tero,
473 2425 546 2505 quid
564 2424 756 2509 potissimum
774 2427 915 2507 expedire
933 2428 1120 2503 existinrem,
1135 2434 1273 2500 'exorsus'
1286 2429 1326 2490 ab

151 2519 216 2593 bis,
235 2537 312 2598 quae
332 2532 437 2573 ornnes
457 2511 659 2584 confitentur,
679 2512 789 2573 docere
807 2513 957 2595 incipiam.
1000 2515 1099 2576 Nemo
1117 2515 1211 2598 igitur
1228 2536 1324 2599 nega-

76 2642 87 2657 κ
152 2605 207 2678 bit,
226 2623 291 2663 esse
311 2597 517 2680 erepublica,
543 2609 574 2656 et
590 2596 846 2659 Lacedaemonios
865 2613 896 2660 et
913 2600 1076 2661 Thebanos
1093 2600 1170 2662 istos
1187 2621 1254 2663 esse
1273 2602 1324 2661 in-

152 2690 284 2751 firmos..
306 2687 397 2747 Nunc
421 2695 522 2743 autem
547 2682 572 2741 is
594 2703 696 2745 rerum
715 2695 809 2744 status
828 2697 875 2744 est
897 2683 938 2768 (si
956 2708 1015 2766 qua
1033 2686 1324 2749 modo‘con'iectura

69 2782 138 2859 130x
154 2796 190 2837 ex
211 2775 274 2855 his,
292 2790 369 2852 quae
388 2788 476 2849 saepe
495 2768 575 2848 apud
593 2788 648 2826 vos
666 2768 773 2828 iactata
790 2783 877 2843 sunt,
895 2771 962 2852 capi
979 2770 1101 2854 debet),
1118 2785 1154 2833 ut
1170 2771 1324 2845 Thebani,

151 2863 177 2923 si
197 2858 409 2921 Orchomenus
428 2866 459 2914 ct
476 2852 626 2933 Thespiae
646 2866 676 2912 et
693 2853 831 2916 Plataeae
848 2856 1032 2919 instauratae
1049 2857 1174 2930 fuerint,
1191 2857 1322 2923 infirmi:

15 3012 21 3027 ,
86 2954 89 2959 ’
149 2941 397 3014 Lacedaemonii,
415 2939 441 3011 si
457 2939 617 2999 Arcadiam
636 2939 813 3020 subegerint
831 2955 862 3002 et
876 2942 1093 3024 Megalopolim
1111 2941 1267 3025 ceperint,
1284 2943 1322 3003 de

51 3072 55 3083 .
150 3032 272 3114 integro
297 3038 438 3109 potentes
465 3025 526 3086 sint
549 3023 654 3083 futuri.
697 3024 872 3095 Videndum
897 3027 1077 3109 igiturest,
1103 3049 1142 3089 nc
1160 3027 1247 3110 prius
1263 3026 1321 3088 hos

149 3113 357 3178 formidabiles
378 3124 408 3171 et
425 3130 550 3193 magnos
570 3109 636 3169 lieri
660 3109 814 3186 sinamus,
840 3134 930 3192 quam
953 3112 999 3172 illi
1024 3114 1175 3189 attenuati
1190 3113 1337 3185 fuerint:x

140 3208 227 3265 ‘neve
251 3197 396 3281 paulatim
414 3195 722 3256 Lacedaemoniorum
743 3197 937 3277 opes'multo
961 3199 1091 3260 maiores
1115 3200 1206 3274 fiant,
1231 3218 1321 3281 quam

151 3300 298 3370 quantum
316 3281 475 3343 Thebanus
494 3280 591 3340 minui
609 3280 760 3341 conducit.
795 3283 903 3363 Neque
922 3284 1002 3346 enim
1021 3284 1255 3366 illud'profeeto
1274 3283 1319 3344 di-

58 3406 63 3413 ·
151 3395 272 3444 cemus,
297 3368 386 3429 malle
404 3388 478 3439 nos,
502 3365 726 3447 permutatione
744 3367 838 3441 sacta,
861 3370 1117 3431 Lacedaemonios
1135 3367 1249 3429 habere
1267 3368 1320 3429 ad.

132 3457 316 3528 uersarios,
343 3475 432 3534 quam
456 3451 634 3512 Thebanos:
659 3471 760 3531 neque
787 3453 846 3513 hoc
870 3455 945 3515 illud
973 3469 1034 3530 est,
1061 3455 1144 3536 quod
1170 3453 1320 3535 consequi

50 3590 54 3599 ι
129 3544 315 3606 studemus.
341 3540 375 3599 ld
394 3538 517 3619 quidem
535 3536 691 3610 volumus,
717 3550 753 3619 ut
776 3540 877 3601 uentri
900 3560 957 3601 nos
981 3541 1042 3601 illis
1059 3540 1179 3607 iniuriis
1197 3540 1319 3603 afficere

149 3628 284 3712 possint:
328 3625 403 3685 haec
421 3623 502 3683 enim
521 3619 634 3703 optima
651 3621 730 3681 ratio
757 3623 849 3704 luerit
872 3646 920 3685 res
945 3640 1063 3708 nostras
1082 3626 1113 3685 in
1132 3638 1201 3687 tuto
1216 3618 1318 3687 eollo.

150 3713 246 3775 candi.
270 3711 323 3785 At,
341 3708 475 3782 hercule,
492 3708 535 3768 sic
555 3719 697 3788 oportere
715 3708 781 3768 fieri
797 3710 977 3773 fatebimur:
994 3711 1048 3771 sed
1066 3729 1129 3778 non
1149 3731 1216 3772 csse
1229 3732 1320 3773 com-

148 3799 331 3883 mittendum
351 3795 503 3868 dicemus,
531 3806 567 3852 ut
585 3814 692 3852 eorum
710 3794 885 3855 societatem
903 3797 1135 3878 amplectamur,
1162 3819 1232 3857 cum
1250 3796 1320 3878 qui.

115 3920 118 3937 '
149 3887 205 3946 bus
224 3884 260 3942 ad
278 3881 462 3945 Manlium
475 3878 597 3959 ,⁰⁰llalis
621 3878 716 3960 signis
741 3881 994 3965 pugnaverimus,
1020 3894 1051 3942 et
1067 3905 1150 3942 nunc
1167 3882 1252 3964 ipsos
1271 3883 1320 3942 iu.

148 3966 253 4034 remus
279 3980 384 4029 centra
406 3965 485 4040 illos,
511 3986 579 4024 cum
604 3964 714 4044 quibus
739 3978 803 4025 tum
829 3986 988 4027 commune
1013 3968 1183 4049 periculum
1207 3967 1321 4029 adieri-

103 4102 106 4107 ·
150 4077 225 4117 mus.
267 4055 334 4136 Ego
354 4073 477 4132 quoque
495 4051 527 4137 in
545 4049 601 4110 hac
619 4051 769 4111 sententia
787 4070 868 4111 sum:
899 4054 953 4113 sed
970 4054 1046 4114 illud
1066 4054 1156 4114 etiam
1174 4053 1322 4114 mihirea

151 4141 333 4223 quirendum
349 4138 480 4211 videtur,
497 4149 532 4197 ut
550 4134 646 4208 alteri,
665 4157 741 4215 quae
759 4156 853 4215 aequa
871 4149 952 4213 sunt,
969 4139 1068 4200 facere
1086 4161 1150 4199 non
1166 4153 1323 4201 recusent

152 4224 273 4303 Quodsi
291 4244 395 4284 omnes
413 4242 517 4306 pacem
535 4240 623 4302 agere
641 4220 774 4281 volentz.
796 4221 1026 4365 Megalopolitas
1044 4246 1107 4285 non
1135 4224 1324 4301 iuvabimus,

151 4311 235 4371 nulla
258 4310 430 4391 postulante
455 4305 641 4381 necessitate.
683 4308 789 4384 ltaque
814 4306 845 4366 ni
869 4307 891 4369 il
912 4310 1074 4370 moliemur
1091 4312 1236 4384 adversus
1257 4333 1327 4386 eos,

153 4397 206 4479 qui
224 4395 384 4457 nobiscum
400 4395 432 4454 in
450 4392 514 4455 acie
532 4401 689 4452 steterunt.
729 4391 805 4453 Nam
824 4403 856 4453 et
872 4393 959 4455 alteri
975 4392 1026 4479 (ut
1042 4395 1244 4482 profitentur)
1261 4397 1327 4459 iam
