2722 4754
50 211 52 217 ·
96 255 100 261 .
136 129 200 261 ari
313 255 316 259 Α
392 164 782 274 oruosrannrs
807 140 1045 290 *ona'rrox'

114 338 126 430 ᾗ
137 349 279 420 ferendae
292 367 308 408 a
321 369 353 407 se
367 343 428 427 legi
445 341 667 425 patrocinatum
684 353 773 403 esset
792 335 869 399 Cum
888 336 969 400 enim
988 334 1071 409 dicit,
1090 347 1121 394 et
1135 354 1169 394 ea
1188 328 1312 391 ratione

13 451 24 463 ⁴
60 480 65 485 -
138 434 302 518 plurimum
320 442 440 498 utetur:
459 428 572 509 decipit
589 425 885 504 auditores.·Neque
904 423 984 485 enim
1004 422 1041 481 de
1060 418 1196 502 indignis
1216 414 1313 475 multa

124 519 230 581 ‘rerba
256 517 360 576 faciet:
387 514 443 574 sed
461 514 498 573 de
517 533 554 572 eo
581 513 741 584 nimirum,
768 510 873 582 deesse
900 501 1084 587 reipublicae
1103 504 1156 584 qui
1183 507 1314 561 munera

141 605 263 673 obeant,
281 614 312 660 et
331 620 396 660 esse
415 621 432 660 e
449 599 615 680 republica,
631 609 667 656 ut
684 619 700 656 a
718 594 901 676 pauperibus
922 613 1014 652 onera
1026 591 1063 675 p'n
1083 590 1193 650 divites
1211 601 1314 646 trans-

74 714 78 720 ·
139 689 283 749 ferantur.
327 685 433 745 Genus
453 684 599 744 orationis
618 681 758 742 iudiciale
777 680 900 758 quidem
920 691 975 750 est,
997 699 1064 736 cum
1084 677 1121 734 de
1140 670 1316 756 lege-iudi-

121 772 222 833 cium
240 764 308 831 fiat:
334 771 388 830 sed
405 769 544 830 universa
562 768 689 828 materia'
706 777 751 826 est
768 764 898 846 duplex,
925 763 1033 843 partim
1053 760 1221 831 iudicialis,
1245 778 1315 837 par-

49 889 74 906 ν·
142 856 199 918 tina
221 850 372 941 suasorias
406 855 543 915 Invenias
562 852 652 913 etiam
671 848 899 912 demonstrativi
917 848 1037 931 generis
1062 866 1126 904 non
1146 855 1316 924 expertem,

141 941 362 1024 ubi-singulos,
381 940 434 1020 qui
451 940 530 1000 bene
549 938 651 998 meriti
668 950 753 1008 sunt,
773 956 882 994 ornare
900 934 1009 1017 studet
1052 931 1183 989 Etenim.
1196 928 1247 988 hic
1264 946 1311 985 re·
1332 938 1335 943 “

92 1048 100 1057 ’
143 1026 242 1108 peries
260 1023 364 1087 laudes
385 1025 491 1107 dignas
514 1023 573 1083 illis
588 1023 678 1094 viris,
698 1033 728 1081 et
748 1020 838 1080 verba
859 1018 981 1079 illorum
1003 1016 1094 1077 rebus
1121 1008 1217 1098 g'estis
1240 1030 1310 1073 con·

120 1120 123 1125 ’
143 1123 288 1195 gruenter
305 1107 644 1190 attemperataaueluti,
661 1129 730 1168 cum
749 1126 780 1164 se
799 1104 831 1164 iu
850 1100 986 1162 Cononis
1006 1114 1037 1175 et
1054 1097 1203 1163 Chabriae
1221 1095 1310 1158 rebus

141 1196 237 1280 gestis
254 1195 378 1267 iactitat,
389 1198 427 1254 'et
444 1193 611 1275 Epicerdis,
630 1205 661 1253 et
673 1190 864 1263 Thasiorum,
883 1201 913 1248 et
929 1176 1171 1260 Corinthiorum,
1190 1195 1222 1243 et
1234 1183 1308 1242 beu-

55 1306 57 1312 ·
144 1303 240 1347 conas.
809 1277 817 1297 ³

821 1422 908 1429 m...—

11 1535 15 1543 “
62 1536 123 1594 290
145 1505 233 1618 Ego,
250 1534 388 1609 ludices,
411 1546 477 1594 tun
497 1535 580 1614 quod
600 1553 615 1591 e
634 1529 788 1612 republica
814 1553 878 1591 esse
897 1530 1044 1602 iudicavi,
1057 1542 1102 1588 -ut
1120 1525 1178 1587 ista
1196 1527 1246 1585 lex
1262 1523 1311 1584 ab·

102 1616 107 1627 *
144 1632 324 1703 rogaretur,
341 1632 407 1678 tum
425 1631 551 1699 propter
569 1614 716 1676 Chabriae
734 1617 831 1675 fitium
848 1616 967 1696 recepi,
992 1636 1040 1674 me
1059 1614 1141 1674 hisce
1160 1633 1217 1693 pro
1235 1609 1312 1673 virili
1347 1626 1352 1633 ’

145 1717 230 1787 parte
248 1703 515 1784 patrocinaturum.
549 1704 662 1782 Neque
676 1710 749 1763 vero
769 1702 931 1761 obscurum
951 1715 1006 1773 est,
1024 1699 1240 1768 Athenienses,
1257 1696 1313 1753 Le-

44 1802 49 1811 “
120 1862 126 1869 .
146 1789 273 1872 ptinem,
291 1794 344 1848 a‘ut
359 1787 471 1875 siquis
490 1788 564 1847 alius
583 1788 682 1869 legem
699 1786 846 1858 tuebitur,
865 1786 936 1846 iusti
955 1786 1030 1845 nihil
1050 1786 1087 1844 de
1101 1805 1136 1843 ea
1154 1774 1314 1842 dicturum.

147 1873 366 1954 llludquidem
391 1885 562 1953 praeterret,
587 1873 729 1955 indignos
749 1873 896 1951 quosdam
914 1859 1070 1943 homines,
1093 1867 1316 1929 immunitatem

146 1970 343 2031 consecutos,
368 1957 532 2024 excussisse
559 1979 635 2018 onus
660 1957 852 2038 publicorum
877 1978 1053 2017 munerum:
1068 1978 1114 2016 —ac
1137 1955 1171 2013 in
1196 1974 1230 2012 ea
1250 1972 1318 2010 ora-

146 2045 232 2106 tio‘ne
249 2043 441 2125 potissimum
458 2063 491 2103 se
509 2043 639 2103 iactabit.
675 2043 839 2133 lJnimvero
858 2064 896 2102 ne
914 2044 1021 2117 dicam,
1041 2054 1229 2122 quantopere
1248 2058 1317 2097 cum

84 2148 88 2152 ·
147 2128 232 2215 omni
247 2129 401 2208 aequitate
419 2141 553 2211 pugnet,
571 2142 623 2201 ut,
651 2128 723 2189 dum
740 2150 836 2188 unum
855 2149 991 2202 accusas,
1021 2142 1127 2188 om'nes
1143 2124 1208 2185 suis
1227 2120 1318 2182 donis

47 2215 85 2301 ⁸.
147 2211 294 2297 spoliatos
312 2213 387 2281 velis
405 2211 488 2297 (narn
507 2213 566 2274 hoc
582 2214 666 2294 prius
686 2214 775 2274 etiam
793 2214 902 2294 partim
920 2215 1035 2274 dictum
1054 2224 1114 2285 est,
1140 2222 1171 2270 et
1188 2208 1318 2268 fumasse

147 2298 235 2359 vobis
253 2296 443 2380 probatum),
462 2298 545 2357 illud«
556 2298 688 2377 libenter
705 2300 872 2359 admodum
883 2321 924 2359 ex
943 2320 980 2359 eo
999 2318 1192 2378 quaererent
1210 2293 1238 2353 si
1256 2313 1320 2352 ma-

149 2384 227 2445 xime
246 2404 310 2455 non
325 2383 414 2463 pauci
431 2383 534 2463 aliqui,
553 2385 606 2443 sed
620 2405 744 2466 prorsus
762 2404 867 2444 omnes
884 2384 1003 2466 indigni
1019 2381 1188 2447 honoribus
1208 2383 1345 2450 essent,'

149 2491 204 2531 cur
220 2468 311 2528 etiam
329 2489 382 2528 vos
407 2467 491 2532 ‚velut
517 2468 548 2527 in
568 2471 705 2529 ordinem
732 2471 887 2551 cogendos
912 2468 1094 2529 iudicasset?
1139 2463 1217 2526 Cum
1237 2463 1321 2524 enim

110 2630 115 2637 ἱ
149 2552 286 2636 scripsit,
304 2553 458 2613 neminem
477 2567 618 2634 oportere
637 2555 802 2614 immunem
822 2575 905 2628 esse,
931 2553 1152 2616 immunitatem
1171 2562 1321 2611 consecu-

148 2652 198 2700 tos
216 2659 273 2698 suo
291 2638 425 2719 praemio
444 2637 600 2720 spoliavit:
618 2640 691 2699 dum
707 2661 780 2699 vero
799 2639 911 2712 adiicit,
929 2640 1133 2720 inposterum
1146 2656 1211 2697 non
1226 2636 1322 2695 licere

148 2723 237 2783 vobis
255 2723 295 2783 id.
305 2723 431 2783 honoris
452 2723 594 2804 cuiquam
611 2725 765 2797 tribuere,
783 2724 1008 2785 munificentiae
1026 2720 1187 2787 ius·vobis
1198 2719 1321 2783 ademit.

148 2809 213 2869 Nec
232 2807 313 2868 enirn
332 2821 388 2883 est,
406 2821 440 2868 ut
458 2809 548 2880 dicat,
566 2830 608 2883 se,
627 2812 881 2890 quemadmodum
899 2810 968 2877 illos
987 2810 1071 2869 dono
1088 2808 1248 2890 spoliarit,
1266 2804 1338 2886 qui·

115 2897 120 2908 '
150 2913 188 2992 eo
206 2893 400 2966 fruebantur,
427 2894 510 2973 quod
528 2893 671 2976 indignos
689 2896 852 2970 iudicarit,
872 2896 915 2955 sic
932 2896 1081 2977 populum
1099 2893 1322 2953 Atheniensem

129 2977 312 3060 ·1ndignum
337 2979 507 3062 censuisse,
532 3000 625 3059 penes
645 3002 736 3061 quem
755 2994 850 3053 esset,
874 2980 1057 3041 liberalitate
1075 2980 1121 3041 uti
1140 3000 1211 3062 erga
1230 2998 1323 3058 quem

141 3061 180 3140 ei
197 3062 359 3124 videretur.
401 3063 446 3124 Aa
462 3064 537 3129 illud
552 3065 685 3129 adhaec
707 3066 834 3127 fortasse
858 3065 1171 3147 hespondebit,·.quia
1187 3062 1322 3145 populus

150 3147 237 3227 facile
256 3147 433 3229 decipiatur,
450 3161 610 3230 propterea
629 3151 727 3233 legem
746 3174 778 3214 se
797 3153 837 3225 ita
855 3151 968 3228 tulisse,
996 3151 1079 3226 Quid
1098 3151 1194 3233 igitur
1211 3149 1324 3218 obstat,

151 3246 213 3313 quo
232 3233 333 3333 mipus
353 3236 453 3295 omnia
472 3234 559 3296 vobis
578 3236 761 3317 eripiantur,
787 3249 818 3296 et
835 3236 898 3317 ipsa
916 3236 1049 3316 denique
1066 3232 1322 3297 administrandae
1349 3250 1360 3258 ·

150 3317 335 3398 reipublicae
354 3319 488 3394 functio,
511 3321 569 3385 ista
589 3322 711 3401 quidem
729 3323 848 3383 ratione
857 3322 882 3382 l*
913 3322 977 3383 Nec
996 3323 1077 3381 enim
1096 3320 1257 3402 quicquam
1277 3329 1324 3376 est

142 3422 252 3463 rerum
271 3405 424 3480 omnium,
442 3406 475 3465 in
493 3428 554 3486 quo
574 3406 661 3467 vobis
677 3405 739 3467 boc
764 3430 822 3471 usu
842 3429 905 3466 non
923 3408 1057 3481 venerit:
1075 3407 1144 3477 sed,
1163 3425 1251 3485 saepe
1270 3405 1324 3463 de-

150 3487 249 3568 cepti,
275 3490 370 3551 multa
387 3493 651 3553 senatusconsulta
670 3493 776 3552 vestris
796 3492 947 3575 suffragiis
966 3493 1204 3574 comprobastis,
1231 3503 1323 3569 atque

151 3573 315 3673 aliquando
333 3576 456 3636 adducti
475 3577 564 3651 estis,
582 3591 633 3650 ut,
653 3577 780 3654 omissis
791 3578 1032 3658 potentioribus,
1058 3577 1237 3639 societatem
1255 3595 1325 3634 curn

65 3696 69 3703 -
121 3749 124 3753 Ι
151 3657 209 3731 lus,
227 3679 358 3739 quorum
376 3661 509 3723 minores
529 3676 630 3723 essent
649 3678 733 3741 opes,
752 3663 882 3723 coiretis.
900 3664 940 3722 Et
959 3664 1081 3743 quidem
1096 3663 1225 3723 intanta
1243 3659 1326 3720 mole

151 3744 346 3827 negotiorum
363 3767 459 3828 prope
478 3768 602 3809 necesse
622 3761 682 3822 est,
710 3747 798 3807 etiarn
818 3748 877 3808 tale
895 3749 1010 3829 aliquid
1029 3749 1115 3809 vobis
1134 3772 1192 3818 usu
1212 3745 1326 3806 venire

151 3828 201 3893 An
219 3850 292 3890 vero
310 3843 471 3913 propterea
488 3832 586 3915 legem
603 3834 755 3907 feremus,
779 3846 816 3893 ut
834 3834 977 3915 deinceps
996 3854 1095 3915 neque
1114 3832 1252 3904 senatui,
1271 3851 1326 3890 ne-

72 3941 104 3951 ,.
151 3934 211 3996 que
229 3916 345 4015 populo
363 3915 468 3989 liceat,
486 3919 534 3978 vel
553 3921 733 3993 decernere,
754 3919 801 3978 vel
819 3918 925 3979 iubere
944 3920 1128 4001 quicquam?
1173 3918 1325 3998 Equidem
1356 3905 1360 3916 '

12 4083 16 4088 ,
66 4004 124 4062 291
151 4021 216 4075 nun
235 4020 361 4082 opinor:
381 4022 437 4063 nec
456 4001 537 4087 enim
555 4026 687 4086 aequum
706 4017 761 4078 est,
780 4015 824 4075 ut,
844 4003 955 4085 quibus
973 4007 1005 4065 in
1023 4005 1114 4065 rebus
1133 4003 1256 4085 decepti
1274 4025 1325 4063 su·

118 4106 134 4137 τ
151 4106 229 4159 mus,
247 4105 300 4146 eae
317 4085 408 4147 nobis
427 4087 599 4168 eripiantur.
618 4091 696 4152 Illud
715 4091 838 4171 quidem
858 4090 955 4164 decet,
974 4090 1077 4152 doceri
1095 4112 1162 4165 nos,
1181 4111 1221 4149 ne
1237 4100 1324 4170 post-

151 4170 209 4231 hac
225 4170 257 4230 in
276 4170 403 4251 eandem
420 4172 556 4234 fraudem
575 4175 759 4249 incidamus,
785 4176 946 4257 legemque
966 4177 1051 4249 ferri,
1076 4197 1140 4235 non
1159 4197 1240 4256 quae
1257 4164 1326 4233 ritu-

151 4254 233 4320 neris
249 4255 299 4321 ius
318 4257 407 4319 nobis
425 4260 546 4334 adimat,
565 4263 618 4321 sed
635 4262 737 4333 talem,
759 4261 845 4320 cuius
865 4261 976 4327 auxilio
994 4261 1155 4343 puniamus
1174 4262 1349 4342 impostov

150 4363 207 4403 res.
226 4340 347 4417 Quodsi
356 4343 439 4424 quis,
449 4345 504 4433 ⁸bis
522 4346 650 4422 omissis,
668 4345 1017 4414 illutlsaltem-eccurate
1029 4348 1207 4429 perpendat,
1221 4357 1334 4426 utrum.
