2722 4754
712 65 748 119 'ft'

101 153 105 159 “
148 181 234 251 ιιι·
334 161 338 166 ·
405 123 1057 257 i'onnos'frunmsosa'rro

573 457 575 463 y
578 358 914 437 rusius.

185 496 400 557 Praeterea
418 515 455 555 ex
473 495 520 555 bis
539 515 663 594 quoque
688 493 897 576 cognoscetis,
925 494 1086 557 Arethusii
1101 516 1169 556 esse
1189 493 1328 563 homines

18 618 23 634 ·
115 640 116 644 ,
157 584 239 642 ιιιοι.
275 574 405 654 Quoties
422 580 477 643 ιιι
493 577 627 661 pomairia
653 578 866 652 redemerunt,
891 579 939 645 ιιι
958 600 1086 641 messem
1108 580 1329 665 demetendam

156 667 385 739 conduxerunt,
409 665 456 727 ιιι
475 665 599 745 aliquod
617 664 708 725 aliud
705 664 865 730 rusticum
883 685 960 744 opus
980 666 1208 726 conficiendum
1228 685 1328 724 susce-

107 806 108 810 ,
155 754 281 851 perunt:
288 750 482 813 Arctbusitrs
500 770 556 831 pro
576 749 632 809 eis
638 763 670 809 et
687 748 761 811 emit
779 761 823 809 et
828 749 980 851 eondp'xit
1017 748 1107 825 Quae
1123 771 1195 810 vera
1216 768 1283 810 esse
1301 761 1330 809 ιι

123 881 132 889 ..
155 837 229 917 ipsa,
248 857 285 896 ex
302 836 431 897 testibus
449 834 641 898 audietis.‹
680 844 692 896 ἓ
743 879 745 883 1
787 848 808 934 ἶι-

525 952 556 963 ”
626 962 842 1030 ιιὲιιιζ

240 1092 397 1171 Quantum
421 1056 516 1172 igitur
541 1086 739 1152 testimoniis
758 1056 923 1148 ostendere
946 1071 1050 1188 potui,
1085 1089 1238 1151 Arethusi
1264 1110 1326 1149 esse

83 1221 97 1230 ..
153 1172 302 1276 mancipia
320 1176 393 1236 ista:
421 1196 455 1234 ea
473 1173 560 1234 vobis
578 1171 730 1252 explicavi.
764 1173 870 1239 Dicam
889 1186 992 1235 autem
1009 1175 1100 1258 etiam
1120 1177 1158 1235 de
1178 1195 1324 1255 provoca-

150 1261 249 1333 tione,
269 1281 327 1340 qua
346 1272 377 1319 et
394 1259 444 1320 isti
462 1277 521 1332 me,
540 1272 570 1318 et
589 1279 646 1339 ego
664 1257 926 1338 istosprovdcavi
952 1259 1014 1358 lsti,
1034 1282 1102 1319 cum
1122 1258 1223 1340 prima
1240 1281 1325 1318 reco-

110 1378 114 1383 ·
152 1346 251 1428 gnitio
269 1346 374 1418 fieret,
397 1343 635 1425 profitebantur,
661 1363 693 1404 se
711 1356 832 1423 paratos
851 1363 934 1416 esse,
952 1344 1012 1425 ipsr
1002 1343 1105 1407 'mibi
1110 1344 1277 1443 ‘mancipia
1295 1344 1323 1403 in

33 1486 35 1490 .
131 1506 135 1511 ι
151 1430 368 1511 quaestionem
377 1431 462 1503 dare,
481 1449 516 1488 eo
536 1427 676 1500 consilio,
697 1441 736 1488 ιιι
749 1428 780 1486 id
799 1427 865 1487 sibi
875 1385 1029 1506 quoddam
1046 1428 1262 1489 testimonium
1281 1449 1324 1487 es-

63 1567 74 1572 ,
97 1531 104 1539 ‘
152 1529 205 1574 set
223 1516 290 1595 Ego
309 1535 381 1573 vero
400 1514 443 1572 eis
462 1535 562 1573 coram
581 1508 710 1593 testibus
728 1511 883 1594 respondi,
902 1526 949 1580 me
965 1526 1101 1594 paratum
1117 1532 1185 1572 esse
1198 1513 1242 1571 ire
1260 1535 1324 1572 cum

75 1655 81 1664 s
135 1599 195 1659 ¹eis
215 1598 252 1658 ad
269 1611 432 1671 senatum,
438 1610 470 1658 et
486 1597 623 1678 accipere
641 1618 709 1656 cum
728 1617 777 1669 eo,
794 1597 842 1656 vel
859 1618 927 1658 eum
945 1598 1177 1658 undecimvi'ris.¹
1207 1599 1322 1661 Nam'
1300 1620 1323 1657 ιι

151 1676 269 1764 privato
287 1683 401 1743 iudicio
421 1704 489 1742 cum
509 1682 554 1742 eis
569 1699 705 1764 agerem,
723 1693 784 1741 aut
792 1682 851 1761 ipsi
870 1701 912 1749 ea
921 1682 997 1742 mihi
1014 1684 1191 1783 traderent,
1209 1703 1257 1741 me
1274 1705 1321 1742 ac-

151 1781 309 1848 cepturum
328 1767 437 1828 luisse:
462 1789 559 1843 nupc,
584 1764 772 1847 reipublicae
786 1787 859 1825 esse
876 1779 907 1829 et
925 1769 1073 1848 mancipia
1094 1782 1124 1828 et
1137 1767 1321 1847 descriptio-

126 1842 236 1913 suem:
254 1853 447 1932 quaestiones
464 1852 559 1934 igitur
575 1850 866 1932 publicebabendas
882 1872 959 1913 esse
985 1854 1094 1932 Neque
1112 1853 1197 1917 enim
1217 1853 1320 1913 decere

103 1938 309 2019 putabam,
334 1959 434 2012 ame,
457 1937 583 1998 bomine
600 1936 737 2019 privato,
758 1936 902 2018 publicos
927 1959 1030 1998 servos
1048 1937 1191 2018 torqueri
1209 1920 1320 2018 (neque

47 2022 59 2041 ²
152 2024 243 2083 enim
252 2024 445 2122 quaestiones
471 2023 503 2082 in
521 2043 587 2084 mea
605 2034 762 2104 potestate
788 2020 905 2105 eraut),
926 2044 1031 2103 neque
1056 2023 1321 2096 committendum,

65 2106 127 2163 297
144 2120 187 2168 ιι
204 2108 281 2166 de”
259 2129 313 2181 ns,
337 2128 416 2188 quae
434 2108 485 2168 isti
503 2107 657 2187 dixerant,
682 2119 740 2190 ego
758 2119 938 2185 statuerem,
961 2107 1142 2169 arbitrabar:
1169 2107 1224 2166 scd
1242 2108 1290 2167 vel
1306 2130 1333 2166 a·

102 2252 107 2267 ,
149 2182 344 2273 magistratu,
369 2192 453 2252 uela
479 2191 639 2252 delectisa
662 2204 772 2251 'senatu
797 2192 889 2273 scribi
908 2205 1068 2273 oportere,
1093 2207 1124 2253 et
1148 2191 1319 2274 obsignatas

58 2347 62 2353 ἱ
147 2276 368 2374 quaestiones,
391 2276 536 2356 quicquid
556 2275 695 2336 homines
714 2276 877 2350 dixissent,
896 2277 1046 2345 iudicibus
1066 2277 1191 2357 offerri,
1209 2289 1245 2336 ut
1263 2277 1319 2336 illis
1338 2338 1343 2343 ,

148 2358 269 2434 auditis,
287 2363 370 2441 quod
389 2361 477 2423 vobis
489 2359 658 2433 ιιιιιιιιιι,
676 2362 890 2427 decerneretis
922 2361 1042 2422 Nam
1017 2385 1043 2423 ιι
1061 2351 1199 2422 homines
1217 2363 1318 2443 priva-

95 2458 117 2489 =‘
146 2447 202 2506 tim
219 2469 235 2506 a
253 2467 305 2506 me
319 2443 394 2507 tor'ti
412 2458 524 2518 essent,
542 2445 587 2506 illi
606 2445 746 2508 omnibus
765 2447 1033 2508 contradixissent.
1051 2448 1098 2506 sin
1113 2447 1244 2527 publice,
1262 2468 1317 2505 nos

146 2531 364 2606 tacuissemus,
379 2533 581 2614 magistratus
599 2534 708 2591 autem
720 2531 830 2591 delecti
847 2555 863 2592 a
881 2546 1004 2604 senatu,
1032 2526 1180 2612 quoad
1155 2553 1197 2591 ers
1223 2531 1314 2590 uisum

149 2629 238 2688 esset,
257 2615 449 2695 quaestiones
468 2615 652 2676 habuissent.
687 2617 785 2690 Quae
793 2639 861 2676 cum
881 2638 938 2700 ego
956 2618 1079 2677 uellem.
1106 2618 1159 2677 isti
1176 2637 1209 2678 se
1228 2616 1314 2698 magi-

75 2708 81 2721 ‘
149 2701 255 2760 stratui
274 2722 376 2760 servos
395 2700 559 2761 tradituros
578 2700 748 2783 negabant,
766 2723 867 2781 neque
886 2701 917 2760 in
937 2716 1075 2762 senatum
1094 2702 1183 2780 sequi
1202 2723 1249 2759 me
1266 2722 1313 2758 ιο-

147 2782 258 2845 lebant
293 2786 361 2846 Ut
335 2785 447 2875 agitur
471 2784 543 2846 baec
562 2808 578 2846 a
596 2808 647 2846 me
670 2806 740 2846 vere
765 2786 825 2895 dici
852 2800 987 2860 constet,
1010 2808 1085 2846 voca
1108 2785 1185 2847 mihi
1213 2786 1311 2845 horum
1354 2858 1359 2869 Ι

148 2873 249 2929 testes
1354 2884 1357 2889 '

553 3016 573 3090 J
630 2979 840 3073 Tnsrns
916 3076 917 3081 ἵ
989 3069 1010 3086 „

86 3187 93 3202 ,
143 3136 146 3140 “
232 3124 299 3184 Ειιι
317 3125 423 3210 autem
443 3087 547 3186 multis
573 3124 670 3185 modis
694 3126 886 3206 impudentes
913 3127 988 3185 milri
1011 3128 1174 3199 videntur,
1206 3125 1311 3206 quiea,

105 3224 111 3231 ’
148 3228 225 3288 quae
242 3223 344 3274 vestra
359 3201 446 3285 sunt',
470 3212 529 3270 sibi
545 3211 715 3272 vindicent:
733 3224 851 3284 tamen,
871 3211 923 3289 qui
941 3212 1017 3283 siut,
1036 3232 1060 3271 e
1071 3211 1194 3294 legibus
1212 3209 1308 3271 vestris

51 3297 74 3370 ’Χ
137 3294 222 3353 ιιι
213 3295 349 3375 inprimis
375 3297 558 3377 app'arebit
567 3295 643 3369 lsti,
670 3317 739 3376 cum
756 3295 871 3355 iudices
897 3297 1001 3376 eapitis
1029 3297 1202 3357 damnaturi
1219 3307 1310 3355 essent

49 3424 52 3429 1
108 3370 120 3392 ⁶
146 3378 362 3452 Arethusium,
388 3371 589 3461 precabantur
606 3400 675 3452 eos,
692 3394 729 3440 ut
746 3379 950 3460 pecuniariam
968 3383 1111 3445 mulctam
1132 3381 1309 3463 infligerent,

148 3475 178 3522 et
196 3485 254 3536 me,
271 3477 307 3524 ut
323 3466 545 3545 permitterem.
564 3487 595 3525 se
613 3473 674 3524 una
691 3465 846 3535 soluturos
864 3460 1094 3545 pollicebantur
1114 3468 1246 3527 Tantum
1263 3487 1310 3524 au-

145 3560 207 3615 tem
227 3548 326 3624 abest,
349 3563 385 3609 ut
402 3562 571 3630 praestent,
599 3571 675 3628 quac
701 3549 950 3649 spoponderunt,
974 3563 1009 3611 ut
1031 3564 1132 3618 vestra
1151 3551 1241 3610 etiam
1259 3550 1310 3609 sibi

103 3644 117 3651 ’
145 3632 308 3715 vindicent
342 3635 439 3714 Atqui
457 3635 539 3716 leges
558 3632 720 3708 iubent,
694 3656 758 3694 erus
778 3655 851 3714 opes
869 3634 1028 3715 publicari,
1047 3637 1100 3715 qui
1118 3636 1310 3717 sponsionem

77 3737 84 3748 ‘
141 3738 202 3799 pro
220 3739 253 3777 re
272 3719 372 3798 aliqua
389 3719 510 3818 publica
527 3719 643 3793 lecerit,
661 3741 717 3778 nec
723 3714 867 3778 solverit
885 3720 1029 3803 Proinde,
1048 3727 1170 3792 tametsi
1189 3722 1316 3783 istorum.

146 3815 248 3862 essent
272 3803 437 3904 mancipia,
463 3817 566 3865 tamen
593 3824 626 3862 ea
650 3798 799 3884 publicari
824 3796 1001 3882 oportebat:
1027 3805 1131 3886 siqua
1159 3807 1253 3866 modo
1265 3817 1311 3868 est

57 3934 60 3939 .
88 3882 91 3888 ’
135 3887 254 3968 legum·
266 3889 437 3948 auctoritas
463 3890 509 3954 Ac
526 3889 702 3969 priusquam
721 3891 809 3948 lieret
825 3890 957 3952 aerarius
975 3891 1222 3965 Arethusius,1n
1242 3913 1309 3950 con

105 4016 108 4027 .
143 3971 224 4031 fesso
245 3986 324 4045 erat,
344 3995 411 4043 eum
430 3973 556 4034 fratrum
575 3996 641 4034 esse
659 3974 946 4054 locupletissimum.
970 3989 1133 4057 postquam
1150 3990 1253 4037 autem
1271 3976 1309 4035 le-

109 4114 118 4143 ,
143 4072 197 4137 'ges
215 4056 342 4130 iubent,
348 4057 442 4118 illius
459 4058 595 4119 fortunas
613 4058 699 4120 uobis
718 4060 813 4131 tradi,
826 4072 895 4119 tum
912 4080 1027 4140 pauper
1045 4062 1165 4124 exsistit
1181 4061 1309 4122 Aretbu-

146 4141 223 4213 sius,
241 4156 331 4221 atque
345 4143 406 4202 alia
425 4142 483 4206 sibi
500 4157 596 4204 mater
611 4144 760 4216 uindicat,
785 4144 841 4204 alia
859 4146 973 4204 frames.
1007 4147 1121 4207 Decuit
1139 4161 1243 4208 autem
1261 4167 1331 4206 eos·

136 4221 207 4304 (si
199 4239 286 4289 ruste
291 4227 449 4288 vobiscum
461 4237 561 4311 agere
567 4227 706 4310 vellent),
720 4229 880 4299 declaratis
899 4230 1039 4304 omnibus
1058 4230 1142 4293 illius
1162 4232 1309 4292 facultati-

59 4328 61 4333 <
145 4305 255 4381 bus,'
230 4332 257 4369 ιι
274 4311 341 4405 quis
360 4333 405 4386 ea,
423 4335 501 4416 quae
517 4337 572 4375 sua
590 4325 701 4388 essent,
719 4314 937 4396 descripsisset,
953 4334 987 4388 ea
1005 4315 1066 4377 sibi
1083 4317 1257 4412 vindicare
1280 4317 1309 4375 si
1333 4398 1336 4403 ι
