2722 4754
77 238 94 273 ,k
144 163 209 250 aas
294 184 296 187 ·
393 143 1061 247 'orhosrnrursax‘cmno
1137 177 1144 274 s
1239 133 1249 245 'J

146 363 182 405 ea
199 340 278 417 sint,
295 361 374 421 quae
391 340 428 401 ad
447 339 522 399 haec
538 339 725 420 respondere
744 339 884 405 instituet
895 339 1214 421 '‘Apollodorus‘No'n
1232 340 1359 434 en}fl

40 441 45 455 ·
72 428 75 437 ’
145 429 178 490 id
196 441 283 508 putat
299 426 433 499 scilicet,
456 446 530 499 vos,
550 425 608 505 'qui
627 426 807 497 eumnullis
823 426 995 485 fraudatum
1018 425 1159 506 pecuniis
1176 424 1357 515 videats·⁸

36 518 43 535 ‘
145 510 236 595 aegre
255 512 489 590 laturos„quod
508 524 632 571 matrem
652 512 717 571 eins
735 509 1020 571 Phormio'duxerit
1035 522 1184 583 tutorem·
1206 505 1359 602 Neam„¹

145 599 227 660 enim
246 597 305 656 hoc
323 596 460 678 ignorat,
477 616 577 677 neque
595 596 643 655 vel
663 617 732 682 eum
750 596 903 677 praeterit,
921 597 969 657 vel
986 598 1152 678 plerosque
1170 609 1336 679 vestran

146 678 312 755 socr-areu,
329 681 634 754 nonsummum,
658 698 674 743 a
693 681 830 743 dominis
843 681 983 743 libertate
1002 676 1149 744 contium
1175 695 1211 742 ut
1228 667 1341 763 aaz,

40 756 44 773 ¹
90 805 93 809 -
143 782 279 850 patrem,
306 768 425 828 dedisse
450 767 559 850 Satyro
587 787 713 827 uxorem
738 789 841 841 suam,
867 768 921 848 qui
946 767 1320 847 servitutem‘aliquatido

89 924 105 938 „
144 854 225 934 apud
243 850 343 935 ipsum
367 855 524 923 servisset:
550 852 658 927 alium,
682 851 847 927 Sosiclem,
873 851 928 933 qui
944 855 1144 936 argentariam
1162 852 1311 941 lectitarit,

42 995 49 1005 .
144 939 265 1001 dedisse
284 937 409 1012 unorem
435 959 519 997 suam
537 936 736 1012 Timodemo,
772 939 824 1018 qui
850 939 941 1000 etiam
967 961 1048 1007 nunc
1067 939 1099 998 in
1116 938 1193 999 vivis
1213 950 1306 1008 estut

66 1032 69 1039 '
145 1025 210 1086 cios
235 1024 397 1105 aliquando
423 1044 527 1100 servus
550 1023 617 1084 suit.
651 1023 760 1103 Neque
778 1044 850 1083 vero
873 1023 905 1085 id
927 1024 1065 1084 homines
1085 1025 1157 1084 huic
1176 1031 1300 1104 quaestui

93 1110 96 1115 ’
145 1111 241 1172 dediti
261 1110 323 1185 tic,
340 1108 638 1187 duntaxatlfaciunt,
662 1108 880 1170 Athenienses:
907 1112 960 1170 sed
988 1122 1018 1170 et
1041 1111 1074 1169 in
1092 1110 1213 1192 Aegina
1231 1108 1301 1173 dedit

143 1196 362 1280 'Strymodorus
380 1182 548 1269 Hermaeo,
566 1215 654 1254 servo
673 1215 746 1268 suo,
768 1186 913 1270 uxorem,
934 1215 1029 1275 eaque
1048 1195 1192 1261 defuncta
1210 1216 1310 1256 rursus·

118 1276 121 1281 ’
144 1283 174 1342 ei
193 1281 278 1340 dedit
297 1278 388 1340 filiam
413 1303 518 1340 suam..
548 1278 638 1339 Multi
660 1279 753 1339 huius
776 1280 897 1364 generis
923 1280 1155 1341 commemorari
1172 1295 1303 1362 possent:
1347 1325 1352 1334 ·

143 1366 282 1427 meritos·
304 1365 401 1426 Vobis
428 1367 524 1440 enirn,
551 1364 770 1440 Athenienses,
799 1364 851 1447 qui
876 1378 983 1426 natura
1001 1367 1081 1427 cives
1101 1366 1191 1439 estis,
1217 1367 1307 1427 nullas

142 1451 349 1534 pecuniarum,
359 1452 461 1533 copias
479 1452 631 1532 praeferre
650 1451 937 1534 generihonestom
957 1465 1019 1545 est:
1047 1452 1099 1533 qui
1118 1464 1223 1512 autem
1241 1451 1307 1512 civi-

18 1601 24 1612 ,
75 1544 116 1601 95
141 1551 203 1599 tate
221 1536 270 1597 vel
287 1558 305 1599 a
320 1537 418 1611 v'ohis,
434 1537 483 1597 v'el
501 1537 538 1596 ab
557 1536 621 1596 aliis
641 1536 821 1616 quibusdam
839 1536 980 1598 fortunae
996 1537 1149 1598 beneficio
1168 1539 1242 1596 ‘sunt
1259 1537 1311 1597 do-

35 1696 38 1712 ·
87 1621 90 1632 ¹
143 1623 209 1685 nati·
235 1635 265 1682 et
289 1633 415 1705 propter
439 1630 608 1703 quaestum
630 1622 891 1703 argentarium-et
915 1624 1077 1705 ampliores
1102 1621 1333 1704 possessiones

142 1710 224 1770 idem
242 1708 289 1768 ins
309 1707 484 1782 consecuti,
509 1707 531 1766 ii
550 1706 796 1768 haec-custodire
815 1707 935 1768 debent·
971 1703 1075 1784 Quare
1093 1707 1204 1782 Pasio,
1230 1720 1313 1787 pater

142 1807 233 1867 tuus,
258 1814 359 1874 neque
374 1793 511 1874 primus,
540 1800 640 1872 neque
659 1792 760 1866 solus,
785 1814 886 1872 neque
904 1794 952 1853 vel
971 1794 1003 1853 in
1016 1794 1223 1874 semetipsum
1240 1813 1315 1852 con-

75 1894 78 1901 ·
138 1879 341 1953 'tumeliosus,
366 1878 464 1938 v'elin
483 1888 537 1938 vos
555 1877 652 1950 lilios,
679 1878 732 1937 sed
750 1898 813 1938 non
832 1877 920 1938 aliter
937 1879 1001 1938 suis
1017 1881 1110 1940 rebus
1128 1887 1222 1960 'posse
1240 1898 1315 1938 con-

142 1966 202 2027 suli
220 1963 427 2047 prospiciens,
450 1962 510 2023 nisi
533 1962 614 2021 hunc
637 1964 808 2022 necessario
830 1964 918 2029 vobis
943 1966 1142 2026 coniunctum
1159 1964 1317 2037 redderet,

42 2053 49 2061 ’
142 2050 270 2114 suam'ei
286 2070 423 2122 uxorem,
440 2062 566 2109 matrem
584 2061 723 2122 vestram,
741 2050 913 2129 despondit„
929 2049 1049 2126 Quodsi
1066 2051 1229 2112 utilitatem
1241 2069 1327 2130 spe„

56 2144 61 2155 “
142 2150 217 2209 ctes,
236 2156 305 2194 eum
323 2149 405 2197 recte
423 2133 482 2194 sibi
500 2133 689 2216 prospexisse
707 2135 743 2194 de
766 2134 932 2195 rehendes:
948 2136 1007 2210 sin,
1019 2136 1128 2214 habita
1144 2146 1196 2196 aut
1210 2134 1319 2194 eristi-

142 2220 285 2282 mationis
312 2222 374 2280 aut
390 2220 544 2287 natalium„
560 2220 696 2294 ratione,
731 2219 755 2278 P
779 2220 925 2280 ermionis
950 2220 1129 2282 affinitatem
1157 2220 1320 2292 aversaris,

141 2308 228 2380 vide,
245 2326 285 2366 ne
302 2305 470 2381 ridiculum*
483 2306 539 2379 sit,
557 2326 592 2364 ea
609 2307 768 2365 tedicere.
795 2305 827 2364 Si
847 2306 914 2385 quis
933 2306 1013 2367 enirn
1032 2319 1062 2367 te
1080 2318 1187 2390 roget,
1207 2316 1318 2386 queru-

123 2396 219 2453 -nam'
227 2391 346 2472 patrem
362 2400 451 2468 tuum
468 2391 561 2451 luisse
580 2390 746 2450 existimes:
766 2390 882 2450 bonum
899 2391 1008 2465 virum,
1026 2404 1072 2452 sat
1089 2393 1165 2466 seio,
1183 2410 1332 2472 respon:

43 2504 55 2518 ,
135 2478 237 2538 debis.
279 2478 389 2536 Utrum
406 2476 501 2560 igitur
519 2488 550 2536 et
567 2475 703 2536 moribus
723 2489 753 2536 et
769 2475 861 2535 rebus
880 2477 1021 2538 omnibus
1040 2479 1165 2538 Pasioni
1184 2475 1318 2536 similio-

88 2635 90 2639 .
140 2582 206 2639 rem
224 2568 323 2644 putas,
340 2575 412 2623 tene
427 2582 468 2622 -an
487 2561 590 2630 hunc?
606 2561 673 2644 Ego
684 2562 816 2641 quidem
833 2561 904 2623 satis
923 2563 1003 2637 scio,
1021 2563 1110 2624 hone.
1136 2563 1201 2640 Qui
1218 2561 1319 2645 igitur

92 2650 96 2657 '
126 2648 221 2731 'patri
237 2662 292 2709 tuo
310 2646 439 2708 similior
457 2661 520 2721 est,
539 2668 625 2720 eum,
644 2645 673 2706 si
687 2660 813 2708 matrem
831 2652 914 2708 tualn
933 2650 1035 2724 duxit,
1055 2647 1223 2710 aversaris?
1257 2646 1317 2706 At-

142 2734 194 2816 qui
214 2745 245 2793 et
263 2735 353 2794 dante
372 2741 403 2793 e't
420 2732 585 2792 mandante·
599 2745 684 2813 patre
701 2730 757 2792 tuo
775 2746 842 2799 acta
858 2754 923 2794 esse
941 2734 1027 2808 haec,
1044 2757 1109 2795 non
1126 2735 1221 2794 modo
1238 2744 1316 2791 ete·
1345 2741 1350 2759 ¹

141 2813 296 2900 etamcnto
312 2819 462 2892 cernitur,
487 2817 709 2879 Athenienses:
735 2820 789 2878 sed
808 2830 838 2879 et
855 2831 889 2879 tu
907 2819 972 2902 ipse
990 2821 1075 2881 luisti
1091 2820 1189 2881 testis.
1234 2814 1313 2877 Cum

111 2962 115 2967 .
141 2904 223 2965 enim
248 2904 581 2981 maternassacultates
606 2903 647 2962 in·
663 2914 762 2984 partes
789 2903 882 2964 dividi
905 2905 1014 2980 velles,
1045 2919 1076 2966 et
1100 2904 1250 2965 Phormio
1277 2924 1312 2962 ex

139 3010 235 3050 uxore
253 2988 366 3050 liberos
386 2989 582 3070 suscepisset:
595 3002 673 3049 ··tum
690 2988 848 3063 fatebaris,
862 2989 939 3050 'earn
958 3014 973 3050 a
992 3003 1076 3074 patre
1093 2991 1232 3074 legitime
1249 3000 1310 3048 tra-

67 3087 73 3092 ’
132 3074 252 3157 dham,
268 3088 425 3135 ‘et-ratum
443 3095 508 3135 esse
527 3074 761 3135 matrimonium.
795 3074 880 3135 Nam
899 3076 926 3135 si
944 3078 1012 3137 earn
1028 3077 1077 3136 hic
1095 3074 1152 3157 per
1168 3073 1313 3140 iniuriam

137 3174 254 3242 raptam
269 3148 444 3234 habuisset,
464 3160 561 3219 datam
579 3168 600 3220 a'
613 3160 753 3235 nemine,
772 3159 860 3219 lib'eri
879 3160 1007 3223 heredes
1027 3162 1255 3222 nonluissent:
1274 3158 1314 3218 ad

52 3240 56 3251 “
139 3266 193 3306 eos
212 3257 328 3319 autem,
348 3245 401 3326 qui
419 3245 546 3305 heredes
564 3266 628 3320 non
647 3256 764 3318 essent,
781 3245 884 3326 portio
903 3247 986 3306 nulla
1003 3248 1048 3306 rei
1065 3247 1220 3307 familiaris
1238 3265 1313 3326 per-

45 3382 48 3387 .
138 3331 258 3391 tineret.
301 3331 341 3390 Et
359 3329 432 3391 haec
449 3352 523 3392 vere·
539 3353 555 3390 a
574 3353 622 3391 mc
642 3330 701 3391 dici
716 3331 832 3411 liquet:
859 3353 926 3391 curn
946 3332 984 3392 sit
1003 3333 1175 3404 ostensum,
1201 3329 1239 3390 ab
1260 3349 1313 3401 eo,

159 3428 243 3477 uarta
266 3429 350 3496 parte
375 3429 512 3499 accepta,
546 3416 630 3477 omni
654 3417 780 3476 crimine
804 3415 1021 3478 Phormionem
1048 3440 1114 3479 esse
1139 3417 1314 3477 liberatum.

61 3490 66 3515 ¹
118 3437 219 3583 ‘buia
237 3520 310 3562 vero
327 3500 584 3583 nullam'prorsus
603 3501 792 3589 probabilem
811 3502 1020 3569 'defensionem
1039 3503 1188 3576 hahebat,
1207 3501 1315 3581 impu-

137 3587 328 3661 dentissimas
348 3587 461 3647 afferre
476 3606 589 3669 ,causas
608 3589 688 3667 apud
706 3586 852 3647 arbitrum
871 3587 1017 3662 audebat,
1041 3610 1118 3670 quas
1142 3586 1199 3649 vos'
1222 3585 1314 3656 audi-

135 3673 214 3734 visse
235 3672 377 3754 'inprimis
404 3672 664 3757 operaepretium
682 3673 791 3733 suerit:
821 3694 928 3747 unam,
955 3673 1080 3734 omnino
1106 3682 1169 3733 non
1193 3673 1315 3733 facturn
1351 3704 1359 3717 ι

136 3778 202 3819 esse
217 3760 443 3843 testamentum,
460 3760 515 3819 sed
530 3759 561 3818 id
574 3768 674 3820 totum
687 3759 786 3819 adhuc
801 3758 878 3818 nihil
894 3756 1056 3827 aliudesse
1072 3781 1161 3841 quam
1177 3759 1312 3843 figmen-

62 3914 69 3925 .
134 3857 200 3905 tum
221 3857 251 3905 et
270 3838 491 3904 commentum:
521 3844 663 3925 alteram,
690 3850 724 3905 ea
742 3866 774 3904 se
792 3843 887 3928 gratia
905 3845 1056 3926 superiori
1073 3856 1213 3926 tempore
1234 3862 1313 3903 con-

135 3930 261 3990 cessisse
280 3929 567 4010 omnia,''neque2in
585 3930 638 3989 ius·
651 3951 785 4002 vocasse,
803 3931 886 4010 quod
904 3930 1050 3995 Phormio
1069 3947 1212 4014 magnum
1232 3947 1315 4013 pen7

132 4016 207 4080 dere
224 4006 521 4098 vectigal'volu'erit,
556 4015 649 4096 idque
668 4038 699 4076 se
717 4034 884 4097 pensurum
901 4012 1056 4096 pollicitus
1074 4016 1184 4095 suerit:
1222 4015 1312 4095 quod

132 4113 295 4182 postquam
320 4122 384 4162 non
409 4101 497 4175 lacit,
523 4110 605 4173 nunc
624 4102 958 4177 demum‘iusmeum,
985 4101 1103 4183 inquit,
1128 4096 1311 4185 persequor.

134 4185 196 4269 Sed
215 4206 283 4246 eum
302 4185 376 4248 haec
393 4198 539 4268 utraque,
557 4182 583 4247 s²i
601 4187 692 4263 dicet,
704 4187 786 4247 'salso
807 4185 957 4249 dicturum
977 4202 1008 4248 et
1024 4187 1086 4249 suis
1103 4186 1201 4271 ¹ipsius
1219 4185 1309 4247 factis

127 4265 301 4345 contrarii,
329 4272 401 4334 hinc
426 4273 589 4334 aestimate.
628 4272 666 4334 Si
684 4284 905 4341 ,testamentum
931 4274 1074 4361 ne'gabit:
1103 4297 1162 4357 qua
1182 4273 1311 4349 ⁶ratione
1352 4295 1359 4347 '.

132 4357 342 4441 praerogativa
357 4352 475 4422 ''aetitis'
499 4358 588 4421 aedes
613 4360 867 4421 ex'testamento·
880 4370 1016 4442 acceptas
1040 4366 1155 4436 teneat,
1180 4359 1217 4421 id.
1238 4380 1311 4421 enm

238 4467 245 4477 .
365 4469 368 4474 .
472 4448 483 4477 a
957 4456 960 4461 ·
1020 4468 1027 4487 ,
