2722 4754
49 390 111 448 sss
167 374 219 388 ''

31 248 43 261 ..
99 196 192 292 ,με
417 157 782 286 nnnosrnnnrs
818 187 1029 289 onusto!
1127 142 1130 146 Χ

410 362 427 471 ι’
510 387 922 469 uusfrsn'onsupr.
1000 356 1003 361 ’

162 566 170 570 -
198 529 204 566 .’
218 515 406 589 Pammenes,
424 486 594 579 Pammenis
611 515 704 588 filius,
720 482 883 595 Eptrchus.
902 512 968 594 Ego
987 502 1308 569 aurificinam.in·²toro

69 635 72 641 ·
94 637 96 640 <
118 599 243 674 ¹babeo,
261 601 293 661 in
312 623 371 683 qua
390 613 422 662 et
437 619 542 662 versor
560 615 591 662 et
607 600 794 666 aurificinam
812 597 899 658 facio.
932 593 1008 656 Cum
1027 608 1129 655 autern
1147 590 1224 651 mibi
1243 590 1309 650 De·-

62 751 65 766 ,
133 685 320 763 mosthencs,
338 688 388 748 cui
402 686 471 748 dico
488 688 709 770 tqstimonium,
726 704 846 745 auream
865 703 1008 742 coronam
1026 679 1193 760 parandam>
1208 687 1243 736 et
1253 692 1310 745 au,-

133 781 228 830 rat'am
245 784 360 849 vestem
377 772 544 835 faciendam
562 773 707 845 locasset,
733 770 818 832 utiu
837 766 1143 827 cisBacclranalium·
1157 760 1311 824 testivita-

135 869 197 916 tem
215 856 397 931 celebraret,
424 848 544 940 ego‘que
562 858 760 918 confecissem
784 852 886 915 omnia
904 866 1046 933 etpeues
1064 872 1113 911 me
1131 846 1312 933 paratu-ba·

42 984 62 1005 ,ι
100 1000 106 1009 ,
135 926 254 1013 berem
278 942 386 1002 Midias
401 943 448 1016 is,
467 942 520 1022 qui
537 964 619 1002 nunc
637 964 653 1002 a
671 940 880 1004 Demosthene
897 951 1072 1010 accusatur,
1089 947 1189 996 noctu-
1202 934 1245 993 in·
1257 951 1311 992 ae·

119 1026 189 1091 ‚des
207 1046 288 1088 meas
306 1028 420 1110 impetu
436 1020 518 1087 lacto
537 1049 606 1087 cum
624 1025 715 1100 aliis,
734 1046 811 1108 quos
829 1044 931 1101 secum
950 1021 1145 1091 adduxerat,¹
1160 1038 1311 1079 coronam

38 1120 43 1139 ⁸
137 1122 168 1172 et
184 1124 299 1173 vestem
317 1112 444 1193 perdere
463 1125 592 1173 conatus
608 1124 671 1185 est,
689 1119 721 1173 et
738 1110 884 1193 quaedam
903 1129 974 1169 sane
992 1109 1095 1169 laesit:
1119 1127 1184 1166 non
1204 1096 1312 1164 brunin

53 1229 72 1276 ·{
135 1208 238 1275 tamen
255 1197 366 1278 potuit,
383 1198 558 1257 interventu
575 1217 645 1257 meo
661 1197 843 1279 prohibitus.

139 1288 142 1292 '
221 1282 349 1342 Possum
371 1295 528 1364 praeterea
545 1285 583 1346 de
602 1283 649 1344 bis
667 1303 809 1364 quoque,
834 1278 1056 1352 Athenienses,
1081 1276 1177 1337 multa
1195 1232 1313 1351 dicere,

25 1376 27 1388 '
107 1432 111 1436 ,
135 1377 172 1426 ut
189 1365 278 1426 initio
297 1366 387 1428 buius
407 1368 553 1429 orationis
572 1369 645 1442 dixi,
662 1389 739 1450 qnae
758 1369 790 1428 iu
805 1366 880 1427 alios
899 1364 1034 1424 admisit:
1053 1385 1087 1424 ac
1106 1357 1311 1423 contumelias

137 1462 169 1511 et
186 1450 323 1532 improba
343 1452 407 1514 eius
425 1453 559 1515 facinora
576 1467 624 1515 tot
641 1453 762 1536 collegi,
780 1464 857 1534 quot
874 1471 944 1510 mox
957 1437 1188 1510 audietis-nuti
1205 1455 1316 1504 autem

138 1535 279 1597 collectio
298 1531 411 1599 facilis:
435 1560 504 1599 nam
523 1539 571 1613 hi,
590 1539 700 1620 quibus
718 1538 893 1611 insultarat,
905 1535 969 1617 ,ipsi
987 1534 1023 1595 ad
1041 1538 1089 1593 mc
1108 1538 1312 1593 accesserunt.

137 1620 220 1684 Volo
237 1633 355 1697 autem,
373 1623 548 1704 priusquam
566 1626 604 1684 ad
622 1625 672 1684 illa
689 1624 826 1696 veniam,
843 1642 880 1681 ec
896 1621 1014 1696 dicere,
1039 1639 1116 1700 quae
1135 1612 1312 1697 decipiendi

138 1706 231 1765 vestri
249 1727 337 1791 causa
355 1727 424 1768 eum
441 1709 551 1770 afferre
569 1709 738 1770 instituisse
755 1707 855 1769 audio.
873 1706 959 1780 Nam,
976 1719 1011 1766 ut
1028 1705 1105 1765 mihi
1123 1703 1310 1764 dictum·

34 1843 40 1848 ,
125 1792 424 1866 me-uecessariurn,
448 1794 492 1854 sic
517 1795 622 1855 auditu
650 1794 739 1855 vobis
763 1792 963 1865 utilissimum,
983 1811 1048 1852 csse
1065 1803 1169 1871 puto,
1186 1800 1224 1848 ut
1239 1785 1310 1844 illae

138 1875 271 1935 rationes
289 1876 428 1958 inprimis
446 1878 626 1960 aperiantur.
652 1878 866 1960 Quapropter?
884 1878 967 1937 Haec
985 1875 1093 1948 oratio,
1111 1895 1171 1955 qua
1187 1869 1312 1932 cavebi-

86 2030 92 2042 κ
139 1973 205 2035 tur,
223 1981 262 2020 ne
281 1961 489 2044 decipiamini,
508 1965 567 2025 erit
583 1965 616 2025 in
634 1986 732 2039 causa,
747 1978 792 2038 ut,
811 1964 890 2023 sicut
902 1963 954 2025 ius
973 1973 1004 2031 et
1022 1958 1224 2021 iurisiurandi
1236 1954 1311 2015 rell·

95 2109 100 2114 ,
139 2045 193 2129 gio
210 2045 360 2126 postulat,
377 2036 601 2128 pronuntietis*
623 2050 768 2113 Omnium
786 2047 887 2131 igitur.
896 2048 1024 2108 maxime
1041 2046 1128 2106 vobis
1145 2044 1221 2104 baec
1239 2061 1312 2102 ora-
1340 2068 1342 2072 >

127 2129 367 2214 ,tiodiligenter
383 2133 532 2215 audienda
551 2148 582 2195 et
598 2133 752 2218 infigenda
769 2133 932 2194 memoriae
952 2144 1017 2205 est,
1027 2127 1311 2212 ctsingrilisvistius
1328 2139 1337 2145 '

117 2219 120 2228 ’
139 2214 381 2294 cavillationibus
400 2222 628 2280 occurrendum.
662 2222 723 2279 lam
741 2220 873 2300 primum
897 2217 1033 2278 omnium
1052 2237 1116 2276 non
1135 2227 1182 2274 est
1198 2212 1320 2289 obsco:¹

140 2318 208 2360 rum
226 2320 262 2360 ex
281 2301 338 2376 his,
355 2325 433 2383 quae
451 2305 515 2386 ipse
533 2306 613 2386 apud
631 2305 789 2385 quosdam,
809 2302 937 2365 mmihi
955 2301 1127 2363 nuntiatum
1147 2310 1208 2372 est,
1226 2316 1312 2356 com-

141 2385 336 2460 memoravit,
363 2408 436 2449 eum.
458 2388 518 2450 boc
543 2391 711 2452 dicturum:
738 2411 804 2463 sne,
830 2387 1001 2449 si-umnino
1026 2390 1188 2468 perpessus
1209 2400 1314 2442 essem

141 2462 323 2551 haec,[quae
341 2473 448 2546 dicam,
466 2475 737 2537 decuissesiudicio
753 2475 872 2556 privato
887 2480 1037 2532 accusare,
1067 2471 1153 2531 *Nam
1171 2468 1257 2549 qnod
1276 2466 1314 2526 nd

102 2555 271 2622 >uestium
290 2570 321 2618 et
338 2578 496 2620 auremum
514 2566 695 2622 coronarum
720 2557 1072 2642 perditionmbmttineat-
1094 2555 1313 2617 etuniversam

140 2638 320 2701 violentiam
337 2643 371 2702 in
389 2644 516 2706 chorum
538 2645 717 2719 admissam,
741 2642 1014 2706 actionemtlamni
1032 2640 1205 2703 datiluisse
1223 2637 1313 2698 iustis

112 2724 125 2733 ο
141 2725 294 2810 m‘Pdffl
328 2727 458 2815 Delfldes
481 2731 564 2810 quod
583 2752 685 2794 meum
703 2751 814 2812 corpus
832 2730 1171 2808 laesnmesseqeerar,
1187 2721 1316 2783 iniuria-

141 2831 227 2883 rum,
247 2831 443 2895 nequaquam
460 2820 533 2877 r‘ero
552 2816 668 2897 publici
685 2815 839 2888 criminis,
858 2833 950 2879 'reum
974 2813 1165 2884 laciendum,
1190 2822 1221 2869 et
1238 2807 1317 2867 banc

108 2955 115 2961 ,
141 2886 204 2956 litis
223 2896 466 2963 aestimationem
484 2901 709 2974 intentandum,
736 2900 808 2980 quid
827 2887 867 2960 sit
884 2899 1031 2959 luendum
1044 2909 1109 2957 ¹aut
1125 2894 1328 2956 solvendum..

142 2979 215 3062 Ego
227 3000 301 3040 vcro
319 2996 419 3042 unum
440 2984 516 3044 illud
539 2985 610 3046 satis
634 2986 716 3059 scio,
741 2986 834 3065 idque
851 2983 938 3044 vobis
958 2983 1048 3044 etium
1066 2973 1235 3042 tenendum
1255 2988 1317 3037 est:

142 3063 202 3130 nisi
226 3065 375 3146 populum
399 3069 614 3150 appellassem„
636 3072 694 3131 sed
717 3071 749 3134 in
774 3070 825 3150 ius
846 3090 916 3130 eum
933 3062 1315 3141 vocassem,s.contrarium

64 3212 67 3217 ,
143 3149 244 3211 statim
261 3152 411 3213 rationem
431 3154 523 3214 obiici
547 3156 621 3216 mibi
645 3155 798 3236 potuisse:
823 3156 850 3215 si
870 3155 947 3235 'quid
973 3148 1083 3214 hdrum
1098 3165 1183 3216 essct
1200 3168 1319 3218 verum,

143 3254 193 3295 me
210 3234 332 3316 publice
351 3240 500 3318 conqueri
526 3253 557 3301 et
578 3240 612 3301 in
638 3262 675 3300 re
696 3240 849 3323 praesenti
867 3239 1050 3320 supplicium
1069 3241 1107 3299 de
1125 3234 1245 3297 iniuriis
1265 3253 1318 3292 ex-

143 3339 270 3401 poscere
286 3321 446 3393 debuisse:
463 3346 532 3385 uam
551 3338 581 3386 et
599 3326 838 3387 chorumduisse
857 3323 997 3398 civitatis,
1016 3336 1047 3386 et
1059 3326 1317 3384 uestem-omnem

144 3426 232 3465 causa
250 3406 320 3468 lesti
338 3421 481 3493 paratam,
500 3423 530 3471 et
547 3424 607 3486 nto,
628 3413 676 3472 cui
694 3412 749 3472 illa·
763 3409 1107 3482 accidissent-aedilem.
1127 3407 1203 3482 Quis
1214 3404 1320 3487 igitur

83 3574 89 3582 ⁸
143 3489 234 3551 aliam
251 3482 414 3554 vindictam
434 3495 463 3555 ei
480 3498 791 3578 praetulissem-'quse
809 3496 928 3578 legibus
947 3496 979 3554 ln
998 3516 1051 3555 eos
1070 3497 1176 3566 datur,
1199 3491 1254 3572 qui
1272 3489 1320 3548 t'e·

143 3587 224 3637 stum
247 3576 433 3645 violarunt?.
446 3581 528 3643 Haec
554 3583 655 3645 osnnia
679 3591 873 3662 compertum
890 3580 992 3640 lsabeo
1017 3580 1110 3640 istum
1132 3573 1324 3639 tum-fuisse

61 3665 129 3719 333‘
144 3660 305 3723 dicturum.
339 3664 396 3724 Rei
416 3667 513 3741 enim,
533 3669 661 3748 opinor,
680 3681 711 3729 et
728 3668 826 3729 sontis
845 3679 906 3739 est,
924 3679 1041 3726 certum
1058 3663 1165 3724 iudicii
1183 3661 1320 3730 modum,

140 3761 206 3827 qno
225 3746 326 3811 minus
344 3754 548 3830 poenasdet,
575 3744 781 3816 fdeuectando
800 3752 956 3824 dictitare,
992 3750 1062 3811 eum
1080 3749 1174 3810 luisse
1193 3745 1322 3806 modum

118 3884 131 3895 κ
144 3833 362 3912 usurpandum,
381 3837 441 3916 qu'c
452 3836 554 3914 nullus
574 3852 634 3900 est:
652 3839 803 3920 sapientes
823 3851 925 3899 autern
943 3836 1058 3898 iudices
1079 3830 1322 3907 decernet-haec

67 4000 69 4005 Α
101 3928 104 3936 ’
144 3937 208 3979 nou
221 3916 338 3993 audire,
355 3935 398 3996 et,
416 3944 630 4004 quemcunque
647 3925 820 4008 petulanter
834 3924 1064 4003 delinquentem
1078 3915 1322 4000 comprehende-

144 4000 217 4074 rint,
234 4005 387 4084 supplicio
405 4017 556 4071 co'c‘rcere.
571 4010 624 4071 .Ne
642 4011 737 4092 igitur
755 4031 824 4070 eum
844 4010 944 4068 dicere
962 4006 1077 4079 sinatis,
1095 4006 1211 4087 privata
1230 4000 1325 4062 etlam

146 4085 257 4147 iudicia
281 4089 350 4171 le'ge
375 4095 502 4157 concedi
528 4107 567 4156 et·
583 4095 734 4159 actionem
759 4094 939 4158 iniuriarum
962 4092 1192 4174 (conceduntur
1206 4080 1323 4169 enim):

49 4166 59 4187 ⁷
146 4172 201 4233 sed
220 4171 268 4233 vel
286 4194 349 4235 nou
368 4177 475 4243 secisse
492 4201 527 4240 se
543 4201 590 4253 ea,
611 4182 649 4241 de
668 4181 780 4262 quibus
798 4191 965 4253 accusatur,
983 4177 1085 4237 veliis
1104 4176 1192 4236 sactis
1209 4171 1325 4234 tutum

90 4273 94 4283 ¹
133 4276 210 4335 ¹ntm
228 4258 393 4339 polluisse,
411 4264 470 4326 hoc
489 4265 636 4329 ostendat
665 4269 713 4327 ne
730 4266 791 4327 boc
808 4265 890 4325 enim
910 4277 941 4328 ct
959 4281 1017 4346 ego
1032 4285 1104 4332 sum
1123 4270 1328 4341 conquestus,

14 4418 28 4429 ι
147 4355 177 4402 et
195 4364 250 4403 vos
268 4364 351 4421 nunc
370 4350 551 4419 sententiam
569 4351 681 4412 feretis.
705 4349 825 4426 Quodsi
844 4371 915 4433 ego,
931 4345 1327 4432 privatommindiciorm
