2722 4754
128 188 151 229 s·
328 128 975 297 novunsosnoaorunir.
1029 142 1304 282 gare&

53 338 166 422 ptandl.
190 339 243 398 Ut
261 350 362 408 autem
380 336 431 396 isti
448 357 481 396 se
494 336 562 394 non
581 283 745 410 sistebant,
768 295 823 399 sed
840 334 986 396 iudicium
1005 311 1226 412 detrectabant,-
1250 336 1252 345 ‘

55 437 85 484 et
102 422 231 495 multum
250 422 395 503 temporis
416 421 641 501 conterebatur:
662 411 802 495 ¹accidit,
798 420 835 499 u't
851 421 948 484 Solon
966 435 1143 481 moreretur.
1167 421 1220 481 lbi

54 530 101 570 me
120 508 172 568 isti
190 529 294 567 rursus
313 507 378 566 de
370 495 507 605 integro
508 505 540 563 in
558 506 605 566 ius
623 516 749 578 vocant,
777 525 834 587 ego
853 506 927 566 item
944 506 1054 582 istum,
1057 506 1179 571 citato,
1182 528 1221 567 eo
1238 533 1265 548 =·
1303 544 1305 549 ·

55 607 86 654 et
102 594 215 654 Boeoti
240 592 365 652 nomine
383 591 416 649 in
439 589 591 650 actionem
617 589 778 670 inscripto:
804 589 847 653 sic
866 590 947 656 euim
972 604 1060 672 pater
1077 615 1152 660 eum
1164 614 1221 654 no·
1272 612 1275 619 ·

55 679 190 740 minarat
223 667 374 755 Quibus
365 675 461 758 igitur
478 677 515 734 de
533 674 653 737 rebus
643 674 694 734 rsti
711 695 759 739 me
778 674 967 749 accusabant,
984 691 1143 757 praesente
1161 678 1222 739 isto
1315 704 1319 710 ·

55 777 87 825 et
103 764 323 844 respondente.
334 760 507 821 suntnihil
525 781 642 834 eorum,
660 780 737 859 quae
755 758 943 833 accusabant,
960 757 1090 862 probare
1107 777 1223 843 posset,
1255 773 1259 778 '
1294 782 1315 828 s

54 849 185 910 absolvit
202 869 249 907 me
268 847 389 907 arbiter.
407 846 514 905 Tum
504 859 562 905 rste
581 844 733 916 conscius,
751 866 793 904 se
796 844 871 903 mihi
889 865 944 926 per
961 845 1109 906 iniuriam
1120 849 1221 910 inten-
1224 888 1226 892 =

55 935 126 994 dere
145 928 241 1015 litem,¹
258 953 358 1012 neque
377 933 413 990 ad
432 931 547 990 iudices
566 930 737 1011 appellavit,
760 933 860 1010 neque
880 930 1044 995 etiamnum
1062 931 1099 991 iis
1117 933 1155 992 dc
1173 953 1221 993 re-

54 1019 110 1078 bus
129 1010 225 1078 ullum
243 1017 389 1076 iudicium
406 1014 481 1074 mihi
507 1016 646 1088 dictavit,
670 1015 724 1075 sed
742 1016 779 1074 de
797 1015 862 1078 aliis
878 1008 1083 1095 quibusdam,
1109 1018 1221 1077 refuta-

55 1116 157 1162 turum
177 1123 209 1163 se
227 1102 287 1161 illis
306 1099 482 1163 criminibus
500 1101 531 1160 id
546 1100 693 1160 iudicium
712 1099 894 1174 existimans,
911 1122 974 1181 quo
986 1121 1056 1189 ego
1068 1114 1133 1162 tum
1152 1123 1221 1162 eum
1269 1104 1273 1108 ’

55 1189 92 1248 de
125 1189 197 1247 dote
232 1186 416 1246 accusabam
460 1181 537 1245 Cum
563 1206 636 1260 vero
664 1186 721 1245 iste
753 1185 802 1245 hic
834 1199 913 1245 esset
947 1199 977 1246 et
1001 1188 1038 1246 ad
1063 1185 1220 1246 arbitrium

54 1293 117 1332 non
136 1272 269 1333 veniret:
295 1271 402 1348 absens
420 1270 472 1329 ille
492 1257 615 1351 quidem
634 1271 879 1330 condemnatur.
897 1267 1073 1345 Caeterum,
1093 1268 1226 1346 ludices,
1311 1330 1314 1332 ,

55 1374 154 1436 neque
173 1369 237 1415 tum
258 1377 357 1416 coram
375 1356 551 1435 respondet,
569 1367 649 1414 etse
668 1344 772 1413 arbitri
790 1355 942 1413 sententia
959 1374 1047 1435 per
1031 1377 1086 1415 me
1099 1357 1224 1416 damna-

55 1456 119 1502 tum
139 1462 204 1502 esse
222 1455 328 1524 negat:
354 1461 454 1519 neque
473 1439 554 1498 enim
570 1438 639 1501 sihi
653 1438 796 1511 Boeoto,
819 1438 872 1498 sed
890 1424 1060 1500 Mantitheo
1079 1462 1144 1500 esse
1162 1461 1220 1515 ιιο-

56 1540 132 1586 meh
169 1520 289 1606 ltaque,
308 1526 344 1586 de
364 1525 489 1584 nomine
508 1524 708 1598 contendens,
724 1545 758 1582 rc
776 1523 841 1604 ipsa
859 1545 908 1582 me
925 1524 1000 1584 dote
1018 1525 1120 1585 matris
1138 1508 1220 1586 frau-

56 1613 112 1670 dat
148 1613 214 1694 Ego
232 1633 305 1670 vero
325 1612 413 1690 inops
433 1608 570 1682 consilii,
597 1621 645 1681 et,
664 1629 728 1687 quo
744 1627 792 1666 me
811 1621 958 1668 verterem
968 1611 1150 1710 presciens,
1169 1611 1223 1684 sic,

56 1718 161 1756 mrsus
181 1698 293 1756 eodem
296 1695 422 1770 iudicio
440 1693 567 1754 actione
588 1706 694 1752 contra
710 1692 941 1754 Mantitbeum
931 1694 1087 1769 instituta,
1110 1697 1150 1754 ad
1167 1712 1221 1756 vos
1263 1748 1266 1756 .
1295 1721 1317 1776 χ

55 1802 138 1840 nunc
157 1803 237 1842 anuo
255 1762 418 1841 undecimo
438 1777 571 1861 coniugi.
608 1779 694 1857 Quae
711 1791 747 1838 ut
764 1800 782 1838 a
798 1799 935 1840 merere
953 1778 1013 1839 dici
1031 1792 1161 1855 constet,
1178 1781 1224 1840 le-

54 1880 239 1977 ιιιιιιιιι
185 1866 272 1926 vobis
290 1867 396 1928 barum
413 1884 516 1948 rerum
533 1863 720 1923 testimonia.

359 2006 365 2012 ’
459 2013 819 2060 ansrrmouta
949 1999 1010 2067 “,
1185 2002 1307 2093 ..1136

140 2119 296 2178 Matrem
286 2118 381 2200 igitur
398 2139 513 2191 meam,
536 2118 672 2190 ludices,
697 2101 814 2181 talento
831 2117 940 2190 allato,
964 2139 981 2178 a
999 2118 1142 2179 fratribus
1159 2120 1222 2203 suis

54 2202 215 2276 elocatam,
232 2214 267 2262 ut
284 2202 366 2284 leges
385 2203 510 2276 iubent,
521 2202 604 2281 patri
622 2221 692 2260 meo
705 2202 859 2301 empsisse,
878 2213 909 2260 et
926 2223 941 2261 a
960 2224 1009 2262 me
1027 2203 1102 2264 istos
1117 2204 1222 2265 inae
1266 2239 1270 2255 ι

53 2288 108 2346 des
125 2301 264 2368 receptos
291 2287 436 2347 defuncto
462 2299 564 2367 patre,
588 2298 619 2344 et
637 2306 685 2345 me
703 2285 740 2345 iis
758 2286 938 2347 actionibus
954 2307 1020 2347 esse
1038 2273 1222 2373 absolutum,

54 2371 168 2452 quihus
187 2393 235 2433 me
253 2385 446 2432 accusarunt:
463 2371 537 2431 haec
556 2372 657 2431 omnia
671 2392 688 2431 e
700 2371 829 2501 testibus
848 2370 959 2432 audita
968 2385 1000 2432 et
1002 2366 1222 2478 demonstrata
1303 2377 1311 2385 ”

54 2469 135 2572 sunt
153 2456 234 2530 Abi,
243 2479 314 2537 cape
331 2456 457 2584 legem
448 2469 536 2531 istam
553 2456 591 2515 de
610 2456 731 2517 dote.'

459 2605 464 2615 ’
580 2609 600 2652 L
617 2609 637 2652 E
655 2609 692 2652 X.

143 2708 248 2770 Cum
239 2695 333 2792 igitur
350 2710 424 2768 lex
415 2723 456 2770 ata
474 2731 506 2771 se
525 2711 654 2785 habeat,
678 2710 825 2810 arbitror,
850 2709 962 2785 istum,
979 2704 1043 2772 siue
1059 2713 1224 2787 Boeotum,
1263 2769 1268 2773 .
1298 2733 1303 2744 ·

57 2797 121 2856 sive
139 2796 357 2867 Mantitbeum,
382 2815 435 2854 seu
455 2817 515 2876 quo
535 2796 593 2856 alio
612 2795 737 2855 nomine
754 2817 787 2856 se
805 2795 949 2877 appellari
966 2797 1122 2879 gaudet,'
1113 2809 1224 2862 rustam

57 2881 180 2962 quidem
192 2866 415 2940 defensionem
435 2894 465 2941 et
488 2903 600 2941 veram
612 2869 773 2940 allaturum
800 2878 931 2941 nullam.
958 2883 1099 2970 daturum
1122 2895 1223 2942 autem
1240 2920 1248 2928 f-

60 2987 124 3026 esse
145 2988 285 3066 operam,
304 2965 428 3027 audacia
444 2969 509 3025 su'a
516 2978 547 3025 et
563 2965 747 3026 confidentia
764 2966 895 3039 fretum,
903 2978 938 3027 ut
946 2988 1033 3028 suas
1041 2952 1223 3028 calamitates
1254 2973 1258 2978 '

57 3051 295 3131 niihirmputct:
310 3050 343 3107 id
364 3043 554 3129 quodetiam
572 3050 712 3132 privatim
724 3051 828 3111 facere
847 3052 1012 3134 consuevit.
1035 3047 1116 3125 xdie,
1134 3053 1223 3112 Pam·
1235 3070 1238 3075 ·
1311 3048 1314 3051 Δ

59 3135 136 3234 phili
153 3134 345 3196 facultatibus
362 3135 540 3214 publicatis,
558 3136 611 3234 qui
629 3148 715 3216 pater
730 3136 789 3226 fuit
806 3135 987 3236 Plang'onis,
991 3137 1152 3218 'reliquam
1169 3159 1224 3218 pe-

60 3220 179 3286 cuniam
193 3233 319 3300 patrem
345 3239 445 3278 meum
472 3221 622 3300 accepisse
648 3241 663 3280 e
688 3216 785 3294 c'uria,
805 3234 844 3280 et
867 3221 908 3280 ita
936 3204 1086 3282 declarare
1111 3224 1224 3322 studet,
1249 3232 1253 3236 ’

60 3326 144 3365 suam
170 3318 294 3391 matrem
321 3305 425 3364 dotem
452 3305 587 3364 attulisse
611 3306 738 3387 amplius
764 3306 886 3365 centum
905 3307 1024 3380 minasr
1040 3328 1137 3367 meana
1155 3308 1223 3367 sine

60 3391 133 3458 dote
150 3382 298 3490 nupsisse
307 3390 419 3448 asserit
437 3390 479 3448 Ea
492 3411 565 3449 vero
582 3405 808 3465 commemorat,
827 3390 954 3464 ludices,
972 3405 1072 3471 neque
1090 3392 1235 3459 adducto,

59 3475 123 3534 ullo
141 3473 337 3547 testimonio,
364 3494 463 3553 neque
482 3474 621 3556 ignarus,
644 3497 687 3535 se
696 3497 791 3558 nugas
809 3495 912 3558 agere:
940 3471 994 3536 sed
1012 3487 1095 3535 certo
1114 3475 1243 3552 sciens,

61 3558 113 3639 qui
132 3560 346 3629 confiteretur,
364 3580 396 3617 sc
416 3558 596 3638 deliquisse,
614 3562 693 3640 apud
711 3581 765 3620 vos
784 3560 957 3625 absolutum
975 3580 1041 3621 csse
1058 3561 1233 3661 neminem,
1274 3608 1277 3621 .

60 3645 259 3704 mentientem
285 3656 385 3717 autem
413 3656 444 3703 et
468 3644 580 3726 effugia
613 3646 831 3726 quaeritantem
856 3645 914 3704 iam
940 3645 1107 3725 aliquem
1098 3666 1223 3727 impune

60 3728 176 3790 abiisse.
211 3729 348 3788 Nevero
368 3727 404 3786 ah
424 3749 461 3788 co
481 3729 689 3812 decipiamini,
706 3730 875 3805 consultius
893 3730 967 3789 mibi
984 3730 1105 3795 videtur
1129 3752 1224 3812 pauca

60 3813 174 3874 derata
191 3834 224 3872 re
243 3815 323 3894 apud
341 3834 398 3873 vos
417 3814 525 3874 dicere
561 3815 621 3875 Ubi
635 3816 732 3876 enim
744 3812 869 3888 dixerit,
894 3829 1020 3875 matrem
1045 3837 1143 3876 meam
1160 3830 1224 3876 non
1264 3815 1272 3829 ‘

61 3900 196 3967 attulisse
223 3901 343 3972 dotem,
370 3920 453 3958 suam
479 3920 551 3959 vero
577 3885 729 3960 attulisse·
755 3900 1013 4001 animadvertetis,
1041 3911 1109 3961 euin
1127 3902 1226 3989 palam
1253 3974 1274 3984 .,
1309 3980 1311 3983 ι

48 3985 190 4044 ‚mentiri
208 3984 344 4043 Primum
364 3983 443 4042 enim
461 3984 646 4064 Pamphilus,
663 3999 749 4066 pater
765 3985 868 4046 matris
888 3994 1003 4059 corum,
1025 3986 1161 4085 quinque
1178 3999 1225 4046 ta·
1237 4052 1242 4070 ι

60 4068 150 4129 lentis
169 4069 284 4144 aerario
303 4067 466 4127 obstrictus
485 4067 577 4129 obiit·
600 4082 785 4149 tantumque
797 4069 910 4144 abluit,
928 4084 964 4131 ut
981 4071 1142 4151 quicquam
1159 4072 1227 4132 eius
1292 4094 1303 4136 ς

60 4140 175 4229 liberis,
194 4153 351 4254 descriptis
370 4153 452 4212 illius
463 4130 580 4239 opibus
600 4168 631 4214 et
647 4154 817 4237 publicatis,
835 4157 1049 4237 superfuerit,
1044 4169 1080 4216 ut
1097 4167 1154 4216 ricc
1171 4159 1225 4217 de-

60 4238 204 4300 bitum
177 4261 241 4299 erus
261 4260 364 4299 omne
369 4238 409 4298 sit
435 4235 595 4312 solutum,
610 4241 664 4305 sed
683 4241 773 4301 etiam
792 4263 878 4301 nunc
896 4241 1071 4322 Pamphilus
1088 4255 1125 4303 ut
1141 4263 1226 4310 aera-
1309 4283 1316 4291 ,

58 4325 121 4386 rius
140 4327 180 4387 sit
205 4326 375 4406 inscriptus
402 4322 488 4399 Qut
492 4324 593 4405 potuit
611 4326 711 4409 igitur
727 4326 810 4400 lieri,
835 4338 871 4386 ut
895 4340 981 4406 pater
998 4347 1125 4389 meuse
1136 4327 1226 4389 Ριιιι-Ι
