2722 4754
343 236 350 245 ’
426 227 855 334 oscnmmommo
952 244 954 249 ·
1111 202 1116 208 ’
1188 182 1228 297 h
1284 243 1290 252 ’

21 390 24 403 “
62 348 180 482 'legatos
198 401 399 468 quocunque
401 394 548 442 terrarum
568 404 633 444 esse
652 384 826 456 mittendos,
845 407 898 464 qm
889 383 1054 460 doceant,
1075 401 1230 488 moneant,

91 467 225 535 conficiant
236 460 427 549 reipublicae
447 467 593 547 quiequid
610 481 763 549 poterunt.
798 469 921 530 Praeter
939 469 1147 545 haecomnia,
1166 473 1230 553 quit

21 542 24 643 i
94 551 201 634 corrupti
216 543 447 651 largitionibus,
472 553 596 634 negotia
611 553 725 632 perfide
751 568 965 634 corrumpunt,
988 568 1053 617 tum
1070 557 1230 640 puniendi,

21 650 23 669 ¹
95 658 141 704 tun
153 656 268 716 semper
286 649 317 696 et
333 635 447 715 ubique
468 637 539 696 odio
558 637 689 702 habendi
707 642 793 697 sunt·
823 651 859 697 ut
876 641 1024 701 moderati
1042 642 1231 704 homineset

21 798 23 805 Ι
99 720 213 789 boniviri
229 730 313 781 reete
331 723 557 801 prudenterque
576 722 666 782 vitam
684 722 870 796 instituisse,
888 736 953 782 turn
964 726 1054 798 aliis,
1072 740 1138 787 tum
1143 708 1229 788 sibi-

21 810 24 859 ζ
101 805 200 904 metipsis
215 803 381 866 rideantur.
414 805 546 880 Quod
522 829 547 866 ss
565 807 642 866 hanc
656 807 806 869 rationem
821 808 942 887 sequuti
956 810 1111 891 negligere
1130 812 1231 873 omnia

100 889 230 956 desieritis:
248 891 340 963 bona,
358 890 474 963 bona,
466 913 600 970 unquam,
618 881 686 972 spes
707 891 796 950 etiam
815 914 896 954 nunc
915 906 970 965 est,
988 904 1104 954 caetera
1122 898 1232 957 melius

96 995 247 1051 successura.
282 975 440 1034 Verum
416 998 441 1038 ιι
460 976 650 1049 desidebitis,
675 976 817 1035 hactenus
838 978 999 1049 duntaxat,
1019 990 1054 1038 ut
1070 980 1230 1059 plaudatis,

30 1102 33 1107 -
96 1075 118 1124 et
130 1058 239 1120 laudetis
259 1059 446 1132 orationem,
464 1081 565 1120 rerum
585 1083 655 1120 cura
672 1073 828 1140 suscepta,
853 1083 922 1122 cunr
939 1082 1013 1122 vero
1030 1065 1163 1146 gerenda
1179 1087 1230 1124 res
1289 1114 1292 1119 .

75 1147 151 1216 ,erit,
171 1142 425 1224 tergiversemini:
456 1145 569 1205 nullam
588 1145 728 1244 equidem
747 1146 836 1204 tideo
856 1146 1042 1245 orationem,
1069 1169 1146 1231 quae
1164 1149 1230 1210 sine
1304 1188 1310 1205 .

95 1236 169 1291 vestra
184 1242 271 1308 opera
290 1229 431 1310 diligenti
451 1251 522 1291 cura
540 1231 691 1311 civitatem
709 1230 835 1289 serrare
847 1231 950 1315 possit

164 1496 1133 1665 r=1i1oprorcauu1iu1n
1212 1546 1216 1554 '

163 1938 166 1942 ,
265 1863 517 1926 tronum
567 1865 1055 1948 arcuncuruu.·

76 1977 203 2096 Simplex
218 2005 363 2066 orationis
380 2007 474 2067 huius
488 2021 535 2067 est
550 2022 768 2091 argumentum
788 2009 863 2067 Nam
879 2028 947 2066 curn
961 2006 1119 2088 Philippus
1135 2009 1230 2070 verbo

75 2112 165 2174 pacem
183 2103 304 2172 ageret,
322 2113 427 2152 reuera
446 2091 647 2154 Athenienses
667 2094 797 2176 multis
787 2091 904 2152 iniuriis
925 2091 1102 2151 lacesseret:
1127 2092 1229 2154 horta-

75 2191 118 2236 tor
133 2195 182 2234 eos
203 2174 334 2248 Orator,
360 2189 395 2236 ut
412 2177 570 2260 insurgant
595 2191 626 2238 et
641 2199 745 2261 regern
752 2178 964 2249 ulciscantur,
985 2177 1068 2257 quod
1087 2199 1229 2261 magnum

74 2256 230 2342 perieulum
250 2274 281 2320 et
299 2261 371 2382 ipsis
390 2262 563 2359 impendeat
580 2275 611 2323 et
629 2264 771 2327 omnibus
789 2261 991 2362 communiter
1009 2261 1139 2323 Graecis.
1246 2271 1285 2327 71

68 2542 179 2650 Quum
197 2574 297 2633 multa
309 2571 399 2631 rerba
418 2571 506 2644 fiant,
533 2571 756 2649 Athenienses,
780 2572 971 2634 inornnibus
990 2574 1053 2634 iere
1072 2575 1233 2641 concioni-'
1303 2579 1308 2584 ’

64 2657 121 2716 bus
150 2657 220 2716 de
212 2655 330 2715 iniuriis
351 2655 500 2737 Philippi,
527 2657 655 2736 quibus,
683 2678 718 2717 ιιι
737 2674 798 2736 quo
817 2679 920 2739 pacem
938 2658 1028 2731 fecit,
1047 2680 1110 2720 non
1128 2661 1227 2720 solum

66 2761 142 2812 vos,
160 2743 211 2802 sed
228 2754 257 2801 et
272 2740 408 2819 reliquos
428 2742 563 2800 Graecos
582 2741 693 2817 allicit:
719 2763 848 2821 cumque
876 2763 980 2801 omnes
1004 2763 1054 2802 res
1072 2743 1135 2821 ipsa
1154 2763 1227 2805 con

63 2783 149 2884 liceri
167 2839 252 2907 cogat
268 2823 340 2907 (etsi
358 2824 389 2882 id
405 2825 527 2906 quidem
541 2846 604 2883 non
622 2823 768 2906 faciunt),
780 2845 902 2885 necesse
922 2845 987 2885 esse
1007 2838 1038 2884 et
1055 2826 1229 2901 convenire,

41 2922 96 2968 ·ut
117 2930 223 2971 omnes
243 2931 275 2969 ea
293 2921 358 2969 tum
378 2909 496 2982 dicant,
527 2921 593 2968 tum
611 2922 716 2990 agant,
748 2931 803 2989 per
821 2930 897 2989 quae
917 2908 981 2969 eius
999 2909 1161 2974 insolentia
1177 2930 1228 2970 re-.

58 2994 211 3074 primatur
229 3008 260 3054 et
276 2993 436 3075 puniatur:
467 3014 504 3054 eo
522 2994 636 3053 redisse
654 3007 757 3056 tamen
784 2993 885 3066 oonnia
902 2993 1025 3076 negotia
1061 3005 1092 3053 et
1108 3015 1164 3074 per
1180 2994 1227 3058 in-

59 3078 178 3138 curiam
191 3079 336 3176 prolapsa
354 3095 418 3138 esse
437 3078 545 3150 video,
579 3091 614 3137 nt
631 3099 752 3151 verear,
780 3099 818 3138 ne
837 3079 920 3138 dictu
938 3078 1098 3149 odiosum,
1122 3098 1227 3144 rerum

59 3176 165 3222 tamen
183 3163 239 3223 sit:
267 3163 301 3222 Si
320 3184 424 3229 omnes
444 3176 578 3222 oratores
598 3162 698 3223 dicere
717 3183 839 3245 vosque
866 3164 1030 3225 decernere
1046 3161 1163 3226 velletis
1183 3182 1229 3236 ea,
1254 3156 1264 3171 “’

59 3267 127 3326 per
142 3269 218 3326 quae
248 3269 293 3306 res
322 3269 410 3327 quarn
436 3246 649 3307 afflictissimae
674 3248 798 3306 fierent:
833 3246 1001 3308 existimare
1025 3267 1096 3319 me,
1117 3241 1230 3306 statum

61 3353 177 3404 earum,
196 3354 287 3410 quarn
306 3353 387 3392 nunc
406 3344 461 3403 est,
480 3352 543 3391 non
560 3352 650 3412 posse
669 3331 735 3389 fieri
754 3331 953 3394 deteriorem
971 3330 1017 3389 Ac
1034 3329 1146 3390 multae
1164 3329 1227 3390 for·
1270 3399 1273 3403 ⁴

62 3429 142 3499 tasse
159 3428 233 3476 sunt
251 3437 373 3516 causae,
406 3437 459 3476 cnr
475 3415 582 3476 haec
573 3428 615 3475 sta
638 3437 670 3476 se
695 3412 842 3487 habeant,
864 3434 972 3494 neque
991 3426 1117 3495 propter
1131 3435 1227 3474 unum

64 3492 154 3579 atque
170 3496 300 3560 alterum
316 3499 423 3560 vitium
436 3521 484 3559 res
490 3500 561 3559 hn'c
577 3501 742 3569 redierunt.
766 3498 958 3583 potissimum
973 3511 1085 3572 tamen,
1103 3496 1128 3564 si
1144 3509 1227 3565 reete

62 3584 313 3656 consideretis,
293 3606 314 3642 ιι
329 3597 400 3644 sunt
416 3585 447 3642 in
464 3583 561 3663 culpa,
577 3607 632 3663 qur
622 3583 862 3645 iucundissIma
878 3578 977 3642 diee're
993 3583 1118 3656 malunt,
1137 3600 1227 3663 quarn
1243 3611 1249 3636 κ

60 3667 237 3728 utilissima:
258 3689 388 3749 quorum
407 3667 474 3741 alii,
487 3667 713 3740 Athenienses,
732 3667 914 3740 dummodo,
932 3666 1042 3745 quibus
1060 3666 1179 3727 rebus
1170 3664 1228 3746 rpsi

55 3752 160 3834 gloria
176 3750 292 3814 ilorent
310 3766 341 3812 et
357 3752 473 3826 valent,
506 3773 554 3812 eas
573 3764 732 3824 tueantur,
758 3751 871 3815 nullam
888 3750 1061 3814 futurorum
1078 3751 1228 3812 rationem
1312 3826 1315 3833 Ι

61 3836 176 3897 babent
194 3837 304 3920 (quare
322 3858 379 3896 nec
398 3858 451 3896 vos
470 3836 580 3896 hahere
601 3849 741 3916 oportere
759 3848 867 3915 putant
883 3823 956 3918 alii),
975 3856 1038 3908 eos,
1056 3834 1109 3914 qui
1126 3834 1158 3893 in
1175 3853 1230 3897 re-
1285 3856 1293 3885 κ

58 3943 131 3980 runa
156 3921 419 3983 administratione
444 3921 602 4020 constituti
623 3934 713 3993 sunt,
747 3919 937 3988 criminando
960 3934 992 3986 et
1016 3917 1227 3987 calumniando

56 3988 141 4065 nihil
158 4000 241 4066 aliud
259 4005 392 4078 faciunt,
428 4004 487 4064 nisi
510 4017 546 4064 ut
564 4005 666 4066 civitas
691 4005 755 4086 ipsa
773 4005 811 4064 de
828 4025 861 4065 se
878 4026 990 4084 poenas
1014 4015 1113 4062 sumat
1138 4015 1170 4063 et
1192 4022 1227 4063 ea

59 4111 96 4150 re
120 4105 307 4171 occupetur,
342 4088 481 4170 Phiiippo
507 4102 608 4149 autem
632 4089 750 4188 quidvis
775 4102 806 4167 et
828 4111 916 4171 agere
950 4102 982 4149 et
1005 4086 1106 4148 dicere
1130 4086 1227 4147 lice'at.
1284 4165 1292 4175 ἡ

61 4175 153 4251 Quae
176 4175 318 4237 instituta
341 4186 376 4245 ut
399 4173 507 4234 usitata
524 4173 621 4246 vobis,
647 4175 695 4234 ita
712 4194 817 4233 causae
842 4185 913 4233 sunt
933 4171 1172 4272 perturbationis
1196 4181 1228 4234 et

21 4312 23 4318 .
60 4260 254 4335 delictorum
291 4259 367 4319 Peto
386 4271 485 4319 autem
503 4279 520 4322 a
537 4257 642 4331 vobis,
667 4257 886 4330 Athenienses,
916 4279 942 4317 ιι
933 4256 1037 4357 quid
1051 4277 1114 4331 verr
1104 4231 1247 4325 liberdg

62 4342 183 4410 dixero:
216 4366 257 4405 ne
275 4346 435 4426 propterea
452 4341 526 4451 mihi
540 4341 728 4435 irascamini,
756 4340 852 4404 sed
827 4361 871 4400 ιιι
884 4339 988 4425 potius
1004 4361 1068 4403 rem
1086 4339 1225 4403 conside-
1289 4381 1292 4385 -

791 4502 802 4529 l
