2722 4754
82 155 103 282 ]
135 185 200 269 ,20⁶
427 175 796 243 uuuosrururs
832 138 1026 259 oili-10
1067 250 1072 255 ,
1111 152 1135 253 ῥ’
1210 231 1224 255 ,

90 350 98 363 ’
138 336 249 419 diguus
269 347 315 395 est
333 332 481 404 interitu?
502 334 586 394 Haec
604 327 705 396 autem
724 356 790 397 esse
807 359 894 426 vera,
912 357 970 399 nec
988 337 1052 420 ipse
1070 339 1186 422 poterit
1205 341 1250 402 ire
1270 341 1319 403 in-

62 420 65 425 ’
96 426 98 431 ’
131 423 224 484 litias·
267 421 345 496 Quis
364 420 446 481 enim
465 432 527 493 est,
553 418 606 500 qui
625 422 821 483 lschandrum
844 423 977 505 primum
1002 425 1039 484 ad
1064 448 1117 487 vos
1144 428 1336 505 ad'duxerit,

137 529 229 591 quem
255 505 597 587 amicum'reipublicae
625 529 663 566 ex·
684 507 813 568 Arcadia
840 508 900 586 huc
925 509 1030 570 venire
1059 512 1199 575 dicebat?
1235 514 1320 591 Quis

136 591 295 672 compilari
319 590 479 652 Graeciam
505 605 536 653 et
559 592 808 673 Peloponnesum
835 615 850 652 a
875 594 1016 676 Philippo
1042 598 1232 674 clamitabat,
1261 621 1318 663 vos
1346 652 1349 659 .

32 706 36 713 ·
89 692 94 699 ’
136 691 240 740 autem
257 676 441 737 dormitare?
467 679 561 753 Quis,
586 678 639 757 qui
662 679 828 758 praeclaras
853 692 884 740 et
901 681 1032 761 prolixas
1058 697 1088 744 et
1111 687 1222 749 multas
1249 685 1317 756 illas

137 763 292 824 orationes
311 763 534 837 declamitaret,
566 775 596 822 et
613 764 757 823 Miltiadis
777 777 807 824 et
825 764 1038 828 Themistoclis
1057 771 1215 832 decretum
1234 772 1318 833 reci-

120 862 225 924 starct,
244 862 275 909 et
293 849 368 910 illud
388 850 419 909 in
434 849 562 933 Agrauli
576 849 688 909 sacello
706 849 934 932 adolescentum
950 853 1182 918 iusiurandum?
1199 857 1317 919 Nonne

135 936 215 999 iste?
252 937 330 1010 Quis
348 950 456 995 auctor
473 936 532 995 luit
549 944 667 994 tantum
685 957 749 995 non
767 938 812 996 ad·
823 959 904 998 mare
921 939 1047 999 rubrum
1058 936 1210 1004 mittendi
1228 944 1316 1027 lega-

135 1034 204 1097 tos,
221 1034 366 1102 tanquam
385 1034 415 1081 et
432 1021 560 1081 insidiae
579 1020 689 1106 fierent
707 1020 852 1083 Graeciae
870 1046 886 1083 a
905 1025 1046 1106 Philippo
1067 1040 1098 1087 et
1114 1050 1168 1088 vos
1188 1030 1317 1092 deceret

65 1106 67 1111 ’
135 1109 168 1170 id
186 1108 361 1190 prospicere
389 1119 419 1166 et
437 1127 501 1166 non
528 1106 668 1165 deserere
688 1107 834 1171 Graeciae
851 1110 1045 1172 libertatem?
1063 1112 1174 1180 Nonne
1194 1115 1316 1176 decreti

16 1262 20 1268 ,
49 1211 112 1270 279
136 1207 244 1256 auctor
260 1193 400 1260 Eubulus
419 1191 494 1265 tuit,
527 1191 646 1274 legatus
664 1206 765 1254 autem
783 1195 815 1255 in
833 1196 1081 1278 Peloponnesum
1098 1200 1155 1260 iste
1175 1201 1233 1263 ivit
1250 1200 1315 1261 Ae-

50 1280 58 1289 ”
111 1280 279 1343 ,εοὴίηεέῗ
314 1280 387 1354 Quo
406 1300 474 1338 cum
492 1278 709 1359 pervenisset,
724 1281 797 1361 quid
823 1282 1001 1343 disseruerit
1025 1297 1057 1344 et
1078 1306 1135 1366 pro
1160 1280 1318 1348 concione'

59 1362 66 1403 t
136 1367 263 1441 dixerit,
292 1365 357 1447 ipse
385 1363 480 1425 novit
522 1363 606 1438 Quid
627 1385 705 1444 ,uero
733 1368 931 1442 renuntiarit,
962 1391 1016 1429 vos
1042 1371 1105 1430 scio
1133 1372 1314 1435 meminisse

60 1515 65 1526 ,
136 1450 252 1514 omnes.
277 1454 321 1512 lta
340 1450 421 1511 enim
440 1449 748 1526 concionabatur,<ut
766 1452 926 1514 barbarum
946 1467 976 1514 et
993 1469 1110 1536 pestem
1128 1479 1219 1540 saepe
1238 1457 1314 1518 Phi-

35 1582 38 1593 ·
88 1558 91 1569 ’
134 1539 251 1621 lippum
270 1536 457 1597 nominaret:
487 1549 518 1596 et
536 1537 712 1611 nuntiabat,
736 1540 979 1618 quanta-laetitia
997 1539 1130 1605 Arcades
1150 1544 1314 1605 afficeren-

134 1638 205 1699 tur,
221 1623 247 1684 si
266 1623 324 1683 iam
343 1644 445 1682 curam
463 1621 648 1703 suscepisset
658 1646 768 1707 rerum
786 1637 817 1684 et
835 1640 1007 1706 experrecta
1026 1641 1105 1689 esset
1123 1629 1314 1701 urbs·Athe-

81 1772 83 1777 ,
134 1709 297 1771 niensium.
331 1708 426 1783 Quod
443 1728 517 1769 vero
535 1706 595 1768 sibi
614 1710 750 1769 omnium
768 1711 978 1792 gravissimum
996 1702 1177 1790 accidisset,
1191 1717 1225 1776 id
1245 1726 1315 1776 esse

114 1792 119 1816 '
134 1796 266 1881 dicebat,
286 1796 368 1876 quod
382 1794 414 1854 in
429 1794 531 1855 reditu
543 1793 771 1855 iuAtrestidam
783 1818 799 1855 a
809 1796 952 1878 Philippo
966 1797 1129 1860 abeuntem
1141 1800 1316 1875 incidisset,

51 1922 57 1933 ι
86 1876 89 1881 ’
135 1871 190 1963 qui
212 1904 317 1943 secum
335 1879 534 1957 'mulierculas
552 1892 591 1940 et
613 1881 759 1963 puerulos
782 1881 1012 1963 proficiscentes
1036 1884 1164 1948 baberet
1187 1886 1317 1949 circiter

133 1969 275 2053 triginta:
299 1989 332 2028 se
357 1987 430 2029 vero
453 1966 595 2027 miratum
622 1988 658 2027 ex
680 1968 795 2028 viatore
820 1969 953 2048 quodam
971 1971 1141 2049 quaesisse,
1168 1973 1314 2054 quisnam

41 2098 43 2102 Α
134 2055 229 2116 bomo
248 2055 301 2115 ille
319 2066 417 2125 esset,
443 2065 568 2132 ecquae
586 2051 675 2112 turba
693 2076 762 2125 cum
782 2074 837 2113 eo:
863 2068 1027 2136 postquam
1044 2069 1146 2118 autem
1164 2058 1316 2132 audissem

133 2141 321 2203 Atrestidam
353 2141 437 2201 douo
468 2136 598 2219 acceptis
628 2137 689 2198 illis
716 2138 936 2223 Olynthiorum
966 2142 1090 2222 captivis
1121 2165 1139 2203 a
1165 2144 1333 2225 Philippo·

135 2228 229 2302 abire,
246 2224 410 2309 indignum
426 2223 543 2286 facinus
562 2223 621 2284 sibi
640 2245 705 2285 esse
723 2225 832 2298 visum,
853 2238 885 2288 et
901 2225 1106 2311 illacrymasse
1125 2243 1157 2292 et
1174 2229 1315 2291 doluisse

134 2314 233 2376 vicem
248 2311 396 2373 Graeciae
415 2325 446 2373 et
462 2309 635 2393 segnitiem,
654 2331 730 2391 quae
749 2312 787 2371 ad
804 2311 879 2372 tales
897 2310 1022 2375 iniurias
1040 2315 1237 2377 conniveret:
1256 2337 1315 2376 vo-

32 2430 45 2463 :
92 2443 99 2461 ,
134 2398 374 2481 bisque'suasit‚
398 2411 434 2459 ut
452 2396 611 2457 mitteretis
631 2396 749 2477 aliquos
769 2396 801 2458 in
819 2396 997 2473 Arcadiam,
1019 2401 1073 2481 qui
1091 2390 1228 2483 Philippi
1245 2412 1314 2462 stu-

134 2487 239 2550 diosos
257 2497 441 2549 accusarent.
459 2484 498 2543 Se
518 2482 600 2543 enim
618 2504 655 2542 ex
672 2482 774 2544 amicis
792 2483 912 2545 audisse
930 2484 1060 2560 dicebat,
1078 2486 1104 2546 si
1120 2487 1315 2569 reipublicae

134 2585 257 2633 nostrae
282 2591 371 2631 curae
396 2582 493 2642 esset,
518 2568 605 2648 sique
631 2568 746 2651 legatos
773 2569 925 2643 mitteret,
951 2591 1065 2652 poenas
1090 2572 1159 2635 illos
1183 2573 1312 2633 daturos

20 2709 27 2730 ,
133 2678 208 2720 esse.
253 2659 337 2718 Haec
354 2655 457 2737 igitun
465 2668 547 2728 tum,
568 2652 791 2729 Athenienses,
815 2668 846 2715 et
864 2655 987 2736 quidem
1005 2659 1159 2739 praeclara
1177 2672 1209 2719 et
1227 2678 1243 2719 e
1262 2657 1336 2718 di„

128 2743 251 2828 'gnitate
269 2754 392 2802 nostrae
410 2739 495 2801 urbis
514 2760 569 2820 pro
589 2741 739 2801 concione
758 2740 892 2821 dicebat,
934 2744 976 2802 Ut
993 2756 1096 2804 autem
1113 2745 1147 2804 in
1164 2743 1312 2805 Macedo-

133 2829 217 2890 niam
240 2828 326 2890 veuit
349 2839 381 2887 et
401 2826 523 2887 hostem
548 2825 634 2900 vidit,
660 2839 725 2886 tum
749 2849 838 2887 suum
862 2839 928 2887 turn
947 2828 1136 2890 Graecorum
1160 2829 1311 2902 omnium,
1349 2850 1356 2863 ⁸

36 2928 39 2945 ¹
132 2915 325 2996 Philippum:
350 2911 500 2993 numquid
518 2911 565 2971 his
584 2911 693 2971 similia
711 2924 763 2973 aut
780 2911 903 2973 affinia?
930 2912 1056 2974 Minime
1069 2908 1227 2999 gentium,
1252 2913 1312 2977 sed

133 3010 236 3081 neque
254 2999 405 3060 maiorum
423 3018 490 3058 esse
507 2996 747 3072 recordandum,
769 3019 870 3078 neque
888 2999 1060 3082 triumphos
1079 3000 1312 3083 praedicandos,

38 3125 41 3131 ·
112 3075 235 3167 ,ireque
255 3085 397 3165 cuiquam
416 3105 506 3165 opem
524 3083 706 3144 ferendumi
717 3105 812 3166 seque
831 3105 894 3159 eos,
913 3086 966 3166 qui
984 3088 1022 3146 de
1040 3086 1196 3169 sententia
1210 3086 1311 3146 Grae-

42 3224 45 3229 ,
105 3214 108 3219 ,
132 3194 240 3234 corum
259 3173 297 3232 de
316 3170 453 3231 facienda
472 3191 541 3230 cum
559 3169 702 3252 Philippo
721 3190 794 3250 pace
813 3170 977 3234 deliberari
993 3170 1147 3247 iuberent,
1166 3170 1312 3232 demirari

114 3257 248 3331 ''aiebat‚
274 3256 302 3317 si
325 3255 357 3316 in
381 3255 488 3318 vestris
514 3255 638 3337 privatis
662 3255 795 3339 negotiis
820 3256 944 3318 alterius
967 3257 1055 3320 vobis
1078 3278 1203 3318 assensu
1228 3269 1312 3317 esset
1358 3318 1360 3322 ,

23 3344 25 3349 ’
90 3364 240 3426 «φηςι,
259 3363 388 3422 esseque
413 3341 588 3424 Philippum
614 3340 729 3423 ipsum,
757 3362 776 3402 o
801 3341 862 3416 dii,
889 3343 1026 3404 omnium
1048 3342 1310 3421 studiosissimum

131 3429 342 3502 Graecorum,
361 3425 917 3509 eloquentissimum,Atheniensium
934 3430 1188 3491 amantissimum:
1202 3440 1311 3503 caete-

57 3537 79 3585 ,·
130 3515 303 3576 rum'adeo
329 3535 488 3594 perversos
514 3535 580 3574 esse
607 3514 754 3592 quosdam
778 3527 809 3574 et
832 3530 971 3576 morosos
996 3515 1028 3575 in
1055 3516 1130 3578 urbe
1157 3513 1311 3586 homines,

129 3613 249 3663 utnon
269 3598 486 3661 erubescerent
510 3600 538 3660 ei
562 3598 698 3660 convicia
717 3600 818 3660 dicere
843 3612 875 3660 et
897 3600 1059 3663 barbarum
1078 3623 1148 3662 eum
1165 3598 1311 3661 vocitare.

129 3686 213 3746 Fieri
231 3697 335 3767 potest
352 3686 464 3769 igitur,
481 3699 517 3747 ut
535 3685 617 3747 idem
634 3685 696 3759 vir,
715 3685 777 3744 illis
793 3686 985 3748 sermonibus
1003 3701 1073 3749 ante
1093 3685 1221 3761 habitis,
1236 3697 1312 3766 post

129 3772 209 3835 baec
221 3772 323 3835 dicere
341 3793 406 3833 nou
424 3771 601 3844 dubitasset,
620 3772 679 3832 nisi
697 3785 858 3854 corruptus
876 3787 955 3835 esset
971 3771 1205 3858 largitionibus?
1224 3769 1312 3847 Quid

92 3906 108 3923 ,
129 3852 312 3938 veroilsue
332 3858 385 3937 qui
402 3856 575 3923 Atrestidae
593 3870 658 3920 tum
677 3857 806 3918 infestus
825 3852 1028 3941 fuit‘propter
1046 3857 1213 3944 Olynthios
1231 3876 1310 3939 pue·
1349 3896 1353 3903 .

127 3964 180 4006 ros
199 3956 233 4005 et
248 3942 462 4018 mulierculas,
482 3966 565 4004 nunc
583 3943 706 4005 adiutor
722 3944 902 4005 Philocratis
921 3966 986 4006 esse
1005 3966 1070 4006 non
1088 3942 1230 4006 dubitati
1257 3941 1312 4023 qui

49 4099 54 4121 ι
128 4030 275 4092 mulieres
294 4028 457 4114 Olynthius
476 4029 624 4113 ingenuas
642 4031 680 4091 ad
697 4029 858 4116 libidiuem
876 4030 936 4091 buc
954 4031 1099 4093 adduxit?
1131 4030 1185 4111 qui
1203 4027 1249 4113 ob,
1264 4025 1311 4088 vi-

129 4129 178 4179 tae
194 4117 395 4203 petulantiam
409 4114 453 4176 sic
471 4115 618 4191 innotuit,
635 4129 672 4176 ut
683 4115 759 4175 mibi
777 4116 860 4177 nulla
874 4115 935 4176 iam
954 4115 1154 4200 eiusssflagitia
1172 4135 1311 4188 comme-

128 4204 276 4263 moranda
294 4202 357 4263 sint
375 4214 428 4263 aut
445 4201 594 4262 facinora:
612 4202 682 4275 sed,
699 4200 862 4262 sitantum
881 4202 1004 4277 dixero,
1022 4202 1228 4265 Philocratem
1247 4200 1312 4261 buc

128 4286 252 4351 duxisse
272 4288 431 4362 mulieres,
451 4308 556 4348 omnes
573 4308 626 4347 vos
645 4298 676 4347 et
692 4307 759 4361 eos,
778 4287 831 4368 qui
849 4287 1062 4364 circumstant,
1081 4301 1201 4351 caetera
1216 4305 1312 4355 nosse

42 4378 105 4438 280
127 4373 233 4452 sciam,
250 4387 284 4436 et
300 4372 409 4435 dolere
422 4372 522 4437 uicem
539 4371 708 4434 infelicium
725 4385 757 4435 et
772 4393 1021 4443 aerumnosarum
1038 4374 1216 4451 mulierum,
1234 4394 1312 4457 qua-
