2722 4754
395 173 419 180 ”
440 185 490 246 ιιι
530 159 811 265 οιιιιοιιιιι
847 167 924 245 ι’»
955 236 959 241 .
1170 189 1249 253 ιιι,
1295 275 1299 281 ᾗ
1334 180 1335 185 '

56 338 217 420 Aphobus
236 340 403 420 acceperit,
431 337 513 419 quod
532 337 668 410 Onetor,
692 360 760 398 cum
778 336 943 419 Aphobum
962 341 1088 419 eiusque
1106 359 1171 399 rem
1188 341 1232 400 fa·
1259 344 1300 402 st

53 423 214 483 miliarem
238 423 271 482 in
296 423 459 504 periculo
456 442 521 481 esse
544 422 677 495 vider‘et,
702 424 814 483 ¹dotem
840 424 868 484 ei
893 437 1061 486 numerare,
1075 425 1231 486 noluisset

46 507 184 567 Nunc'
175 507 270 588 agitur
286 505 544 579 commentitium,
556 507 665 588 inquit,
685 519 731 567 est
745 507 929 571 divortium:
944 510 1059 571 fundus
1078 524 1179 570 autem
1197 510 1230 570 in
1307 540 1310 549 «

44 610 164 651 meam
182 591 330 664 fraudem,
347 603 473 672 propter
490 613 534 664 ea,
553 614 656 694 quae
647 613 711 653 non
729 591 844 672 accepit
857 592 1063 672 Apbobus,
1033 595 1156 678 prgnori
1174 615 1230 676 op-

41 675 183 754 positus
203 697 286 737 esse
281 677 405 738 dicitur.
431 675 551 736 Nomen
569 659 684 785 ibedbqt
700 677 837 738 Atticum
853 689 918 736 est:
935 675 1056 744 ἐξέλλειι
1075 680 1155 741 ιιιιιιι
1173 702 1227 742 ιο-

41 757 173 821 abant
190 761 351 822 extrudere
368 773 458 840 atque
476 759 672 840 expellere
644 768 684 818 ιι.
1290 763 1293 769 ’
1318 748 1320 767 '

470 956 822 970 uam

168 1004 181 1033 Ι
217 1036 222 1054 Ι
1322 1044 1330 1069 l

41 1073 144 1178 Etsi,
164 1108 295 1181 ludices,
312 1126 375 1165 non
394 1129 497 1187 parum
516 1107 659 1180 laboravi,
677 1122 712 1169 ut
729 1117 829 1186 'neque
848 1125 891 1181 ea,
911 1127 987 1188 quae
1006 1130 1074 1186 cum
1092 1107 1226 1188 Apbobo

41 1189 133 1249 nihi
152 1191 237 1265 fuir,
244 1191 400 1250 ιοιιιιιιιιο
419 1192 584 1275 incideret,
602 1214 702 1291 neque
721 1192 809 1264 baec,
828 1215 904 1272 quae
922 1214 1004 1252 nunc
1023 1205 1068 1252 est
1084 1193 1226 1253 adversus

41 1270 250 1349 Ductorem,
267 1275 434 1336 affinem
408 1297 488 1348 erus,
504 1277 671 1374 propositis
689 1277 818 1372 utrique
830 1277 932 1336 multis
951 1277 1054 1356 aequis
1073 1278 1225 1338 conditio

41 1358 166 1419 nibus:
186 1360 269 1418 nihit
283 1359 371 1439 aequi
389 1372 489 1419 tamen
502 1361 662 1440 impetrare
675 1360 772 1440 potui,
790 1362 865 1420 sed
856 1374 946 1421 istum
962 1362 1015 1421 illo
1030 1361 1126 1420 multo
1139 1381 1225 1441 aspe

41 1444 173 1504 riorem
193 1443 294 1525 reperi
312 1457 343 1504 et
359 1465 459 1524 poena
476 1445 567 1527 longe
586 1444 763 1525 digniorem.
792 1444 868 1504 Nam
888 1467 957 1507 cum
975 1458 1126 1528 putarem,
1138 1447 1226 1507 illum

41 1527 203 1591 debere
193 1542 275 1588 mter
291 1529 402 1589 amicos
420 1549 537 1588 mecum
556 1530 723 1611 transigere
750 1531 1003 1603 controversiam,
1027 1551 1127 1611 neque
1145 1531 1243 1611 apud‘

41 1632 107 1675 vos
130 1613 281 1694 experiri:
302 1634 369 1672 eum
389 1614 538 1679 adducere
557 1635 620 1672 non
638 1614 733 1694 potui.
769 1617 863 1673 lstunr
881 1629 981 1691 autem
1001 1637 1069 1675 cum
1088 1615 1225 1683 iuberem

41 1699 160 1780 ipsum
180 1698 238 1757 sibi
256 1697 322 1755 fieri
339 1697 481 1771 iudicem,
499 1709 533 1756 ut
546 1718 584 1756 ne
600 1699 678 1777 apud
691 1720 745 1758 vos
759 1699 996 1778 periclitaretur:
1014 1701 1054 1759 ita
1069 1722 1136 1759 sum
1151 1722 1224 1776 con·
1255 1742 1262 1748 -

41 1795 193 1857 temtus,
203 1794 238 1845 ut
255 1802 318 1840 non
336 1783 428 1841 modo
446 1802 626 1862 responsum
646 1783 719 1844 mibi
738 1783 815 1842 dare*
826 1784 1049 1865 dedignaretur,
1067 1785 1121 1843 sed
1135 1785 1235 1849 etiam,

47 1889 72 1927 e
90 1867 212 1940 fundo,
236 1887 326 1944 quem
350 1867 487 1967 pqssedit
502 1866 670 1946 Aphobus,
698 1891 765 1927 cunr
785 1891 800 1928 a
818 1890 865 1928 me
884 1868 998 1929 iudicio
1022 1869 1226 1940 damnaretur,

46 1948 283 2012 contumeliose
303 1951 428 2010 omnino
448 1951 578 2011 eiecerit
595 1951 786 2031 Postquam
777 1954 871 2034 igitur
889 1953 962 2012 meis
981 1973 1028 2010 me
1047 1953 1166 2050 spoliat,
1184 1943 1251 2023 et,·'

45 2048 125 2097 tum
138 2036 232 2097 affine
249 2034 362 2108 fretus,
380 2047 445 2094 tum
464 2035 596 2118 opibus
590 2035 652 2095 suis
671 2049 761 2116 atque
779 2037 925 2109 artificiis,
942 2037 979 2096 ad
997 2056 1051 2096 vos
1069 2036 1242 2117 ingressus⁸
1316 2102 1321 2107 ⁵

51 2133 122 2180 est:
150 2120 213 2201 boc
230 2119 318 2180 n'obis
339 2133 386 2180 est
402 2119 570 2199 reliquum,
596 2121 642 2179 uti
659 2134 760 2180 vestro
779 2121 918 2180 ιιιιιιιο
909 2143 956 2179 rus
974 2120 1010 2179 ab
1030 2141 1069 2179 eo
1086 2133 1225 2197 nostrum
1258 2190 1270 2196 ,-

53 2225 211 2286 consequi
202 2187 408 2264 studeamus.
426 2205 575 2284 Equidem
592 2204 666 2278 scio,
684 2205 812 2278 ludices,
830 2217 935 2268 contra
953 2204 1116 2269 verborum
1134 2224 1225 2284 appa·
1259 2216 1261 2221 '

54 2296 143 2351 r'ntus
163 2303 195 2351 et
210 2301 305 2364 testes
323 2311 387 2348 non
404 2309 474 2349 vera
499 2289 712 2349 testificaturos
732 2286 797 2353 esic
815 2289 889 2348 mibi
914 2302 1083 2348 certamen:
1108 2289 1161 2348 sed
1178 2300 1224 2348 ta-

56 2396 130 2436 men
150 2374 286 2434 bunitate
305 2395 411 2435 causae
430 2382 580 2434 metante
600 2375 787 2455 superiorem
807 2395 843 2434 ιο
862 2374 928 2433 ιοιι
946 2374 1087 2446 confido,
1104 2386 1149 2446 ut,
1168 2370 1225 2432 etsi
1334 2379 1335 2384 ’

58 2459 129 2540 quis
146 2471 282 2519 vestrum
299 2458 444 2520 hactenus
462 2478 532 2539 eum
550 2479 615 2518 esse
633 2459 804 2538 improbum
823 2478 885 2520 non
904 2457 1097 2532 existimavit,
1122 2469 1224 2517 tamen

59 2545 107 2606 vel
127 2564 164 2604 ex
178 2544 243 2603 eius
258 2544 290 2602 in
304 2564 353 2603 me
367 2543 452 2603 sactis
471 2543 623 2625 cognituri
640 2542 716 2616 sitis,
734 2545 886 2604 bacten'us·
898 2564 965 2604 eum
980 2563 1124 2602 summam
1138 2562 1225 2601 suam
1240 2613 1243 2621 Δ

61 2627 284 2710 improbitatem
305 2640 336 2687 et
352 2627 531 2688 iniustitiam
549 2629 669 2689 celasse
685 2627 909 2689 Demonstrabo
922 2627 1014 2701 enirn,
1032 2640 1101 2687 eum
1120 2628 1224 2687 dotem
1288 2627 1290 2631 ’

61 2734 126 2774 ιιοιι
144 2713 236 2772 modo
255 2733 318 2772 non
342 2733 533 2786 numerasse,
560 2712 599 2781 ob
614 2735 706 2812 quarn
731 2735 812 2772 nunc
837 2713 966 2772 fundum
990 2712 1093 2772 ιιιιιιιι
1101 2710 1247 2807 pignori

65 2797 236 2880 oppositum
257 2817 321 2856 esse
341 2797 429 2870 dicit,
455 2798 507 2857 sed
526 2797 590 2856 ab
581 2797 669 2857 mitio
688 2797 818 2857 fortunis
837 2797 910 2855 meis
928 2796 1153 2868 insidiatum,
1136 2814 1241 2876 prae·
1236 2803 1290 2859 35

62 2897 203 2982 terraque
218 2881 386 2954 mulierem,
404 2882 489 2942 cuius
505 2882 631 2942 nomine
645 2903 693 2942 ιιιι
709 2902 724 2941 ι
740 2877 836 2941 fundo
853 2881 951 2952 eiecit,
970 2886 1033 2941 ιιοιι
1052 2879 1224 2940 discessisse

62 2967 216 3038 amittito,
235 2967 288 3026 sed
307 2988 376 3026 eum
394 2967 426 3026 ιιι
444 2967 580 3026 fraudem
597 2989 694 3031 meam
711 2962 837 3047 Aphobi
855 2974 973 3031 causam
993 2986 1082 3047 agere
1102 2978 1144 3025 ιι
1149 2965 1224 3024 baec
1300 3023 1307 3028 .

61 3051 170 3112 iudicia
187 3051 300 3124 subire,
318 3052 393 3109 adeo
413 3051 526 3133 magnis
545 3051 639 3134 signis
656 3064 686 3110 et
699 3051 889 3112 evidentibus
908 3050 1104 3132 argumentis,
1121 3062 1223 3109 utros
1324 3042 1334 3050 ’

62 3157 166 3196 omnes
185 3148 269 3194 certo
295 3135 448 3216 cognituri
465 3135 553 3206 sitis,
577 3136 643 3195 iure
671 3135 948 3214 convenienterque
975 3155 1045 3194 eum
1062 3135 1122 3195 boc
1140 3156 1156 3194 a
1175 3152 1244 3197 me.

60 3221 171 3281 iudicio
191 3220 330 3279 accusari.
365 3220 451 3279 Dabo
470 3233 570 3283 autem
590 3240 722 3303 opernm,
740 3233 775 3280 ut
792 3220 863 3280 inde
882 3221 994 3300 capiam
1013 3219 1153 3298 narrandi
1172 3238 1222 3279 ex·
1273 3236 1279 3245 *

54 3306 198 3380 ordinm,
222 3306 304 3363 unde
322 3324 376 3362 vos
399 3304 558 3386 negotium
582 3303 723 3364 facillime
741 3305 921 3384 percipietis.
948 3306 1112 3371 -Fortunas
1131 3324 1223 3377 meas,
1298 3309 1302 3317 '

60 3390 194 3461 ludices,
212 3409 228 3447 a
246 3388 398 3448 tutoribus
417 3389 493 3447 male
511 3388 728 3461 administrari,
746 3410 846 3467 neque
863 3389 955 3448 istum
963 3410 1091 3468 ,neque
1109 3389 1222 3448 multos
1287 3396 1290 3407 “

60 3475 132 3534 alios
150 3473 386 3534 Atheniensium
403 3473 507 3545 latuit,
525 3474 579 3543 sed
596 3474 697 3533 statim
714 3473 811 3554 palam
829 3473 924 3548 fuir,
915 3473 1056 3535 rniuriam
1073 3472 1149 3532 mibi
1162 3471 1222 3531 .·fie

59 3559 98 3618 ri:
123 3560 201 3619 adeo
220 3558 331 3617 multae
350 3557 555 3616 tractationes
562 3570 592 3619 et
616 3557 836 3638 disputationes
855 3580 924 3617 cum
941 3559 1020 3640 apud
1039 3571 1221 3647 praetorem,
1279 3554 1282 3564 '

61 3632 121 3704 tum
140 3645 221 3723 apud
240 3655 373 3702 caeteros
397 3641 512 3703 iudices
528 3642 650 3709 ,fiebant
668 3645 705 3703 de
724 3642 814 3702 rebus
833 3642 915 3703 meis.
958 3643 1034 3703 Nam
1054 3644 1139 3710 etde
1157 3663 1221 3702 ma-

59 3729 218 3811 gnitudine
236 3727 334 3787 relicti
353 3726 426 3785 mibi
444 3725 626 3806 patrimonii
637 3727 808 3787 constabat:
836 3741 870 3788 ιι
883 3741 1000 3788 tutores
1018 3749 1090 3788 non
1101 3727 1221 3787 elocare

60 3813 193 3886 domum,
211 3825 247 3871 ut
258 3812 322 3890 ipsi
336 3809 463 3890 pecunia
478 3810 660 3884 fruerentur,
679 3833 742 3872 non
757 3811 920 3872 obscurum
935 3826 1005 3873 erat.
1024 3814 1138 3898 Qpare,
1152 3810 1220 3892 qui·
1259 3818 1263 3824 ’
1311 3822 1313 3827 ’

59 3918 177 3978 cunque
196 3896 249 3958 illa
265 3908 391 3967 norant,
409 3914 477 3981 non
490 3895 684 3992 dubitabant,
703 3897 794 3975 quio,
813 3919 881 3956 cum
899 3897 940 3958 ita
957 3884 1065 3970 fieret,
1072 3918 1140 3957 cum
1158 3894 1220 3994 pri·

59 4005 138 4065 mum
156 3981 275 4043 virilem
294 3992 395 4062 togam
412 3976 603 4052 sumsissem,
605 4001 732 4079 pqenas
752 4002 848 4041 essem
866 3981 950 4043 de
924 4004 966 4043 ers
985 3994 1155 4042 sumturus.
1172 3979 1219 4040 in·
1259 4044 1264 4051 ,

58 4079 104 4127 ter-
119 4072 199 4147 quos
219 4077 251 4127 et
265 4065 450 4125 Timocrates
470 4076 501 4125 et
514 4022 659 4124 Onetbr'
649 4088 682 4125 ιιι
702 4087 736 4125 ea
752 4067 903 4127 sententia
921 4079 1092 4149 perpetuo
1088 4066 1224 4134 fuerunt.
1300 4075 1303 4082 ⁴

57 4151 176 4226 Quod
167 4165 222 4211 ιιι
219 4158 313 4222 esse,
345 4149 473 4209 maximo
496 4148 576 4208 illud
596 4146 775 4232 argumento
794 4164 871 4223 est,
892 4152 975 4232 quod
1000 4152 1057 4211 iste
1083 4170 1224 4217 sororem

57 4235 101 4316 Ap
104 4236 190 4297 bobo
209 4236 281 4295 dare
298 4234 406 4306 voluit,
424 4254 492 4292 cnm
510 4254 574 4294 non
591 4237 683 4297 modo
701 4248 821 4317 suopte,
839 4237 892 4297 sed
912 4248 942 4296 et
959 4256 1028 4297 meo
1046 4254 1113 4295 non
1127 4255 1220 4316 parvo
1282 4274 1285 4279 ,

56 4320 241 4434 patrimonio
258 4318 388 4433 potitum
406 4316 535 4403 videret:
548 4319 657 4399 dotem
676 4332 778 4381 autem
795 4342 952 4381 numerare
969 4319 1136 4402 pertimuit,
1153 4332 1221 4380 tau:
1297 4380 1300 4389 ,
