2722 4754
125 211 235 297 ta».
340 197 375 298 '³
461 171 469 269 ’,
534 202 904 300 ιιιιιοιίιιιιιι
985 220 1008 245 ι
1091 268 1095 273 ,
1196 202 1225 253 ι

81 432 84 445 ¹
137 322 498 428 saltationestobscoenas
516 359 595 419 ferre
611 370 758 440 nequeat
787 379 856 419 eum
874 361 990 447 negligi
1008 372 1039 419 et
1056 360 1142 420 nullo
1160 381 1227 440 esse
1245 383 1303 430 np-

37 449 40 453 ’
80 476 81 479 “
137 469 230 509 mero.
274 446 449 528 Reliquos
440 445 543 527 igitur,
560 445 672 525 quibus
690 442 878 509 familiariter
894 454 959 505 utat
960 468 1006 519 ur,
1025 445 1158 505 latrones
1177 465 1257 520 esse,
1262 456 1304 507 et

118 526 320 605 adulatores,
339 545 369 591 et
386 530 462 591 tales
480 529 629 603 homines,
655 553 708 611 qm
699 529 866 590 'inebriati
884 531 990 590 saltare
1009 551 1072 591 non
1095 545 1248 605 recusent,
1274 545 1305 592 et

133 620 175 678 ad
195 639 264 678 eum
282 617 389 678 saltare
407 617 596 688 modum„ut
615 637 711 701 ego
691 636 774 676 nunc
791 615 871 695 apud
889 634 942 675 vos
962 616 1062 675 dicere
1080 637 1191 677 verear.
1230 618 1304 676 Per-

138 702 277 783 spicuum
296 715 397 762 autem
415 714 497 775 est,
487 690 662 774 haeresse
680 704 756 762 ve'ra.
791 699 923 773 Etenim,
943 722 1019 781 quos
1036 701 1109 760 hine
1127 717 1234 762 omnes
1254 723 1305 762 ex-

76 788 80 794 ’
116 786 301 868 pellebant,
319 798 364 846 ιιι
379 762 662 868 praestigiatoribus
680 788 776 846 multo
796 784 970 863 nequiores,
999 780 1124 847 Calliam
1142 787 1227 846 illum
1247 786 1306 846 mi-

139 873 267 931 nistrum
286 871 452 952 publicum,
470 885 501 932 et
519 871 583 931 eius
602 871 723 960 generis
741 870 890 943 homines,
914 869 1135 935 ridiculorum
1124 871 1308 943 imitatores,

70 977 75 991 ‘
139 971 170 1017 et
189 957 313 1036 opifices
330 956 465 1037 turpium
485 956 681 1026 canticorum,
716 975 792 1036 quae
815 955 847 1013 in
866 955 984 1015 sodales
1004 956 1188 1028 conficiunt,
1210 969 1247 1016 ut
1262 957 1306 1015 rt:

87 1093 93 1109 ι
138 1043 259 1103 ’(Ιειιιιιι
294 1040 350 1100 hos
369 1053 449 1124 amat
467 1054 498 1101 et
514 1062 617 1101 secum
634 1041 745 1100 habet
778 1040 864 1114 Quae
889 1041 1008 1101 tametsi
1034 1056 1123 1120 parva
1142 1037 1306 1101 existimari

77 1134 86 1180 .·’
139 1138 266 1207 queunt,
283 1147 393 1226 magna
409 1116 481 1185 sunt
497 1139 609 1199 tamen,
626 1125 843 1197 Athenienses,
859 1123 1025 1199 indicia,s1
1044 1126 1111 1204 quis
1129 1145 1200 1186 vere
1220 1125 1306 1207 c'og'i-

137 1223 193 1284 tet,
229 1210 339 1272 illius
329 1210 447 1292 mgenii
466 1223 497 1271 et
513 1210 706 1271 infelicitatis.
749 1213 863 1269 Verum
875 1208 956 1270 haec
973 1231 1056 1269 nunc
1074 1211 1139 1271 eius
1158 1210 1308 1270 successi

71 1292 109 1356 s
139 1295 195 1357 bus
215 1294 433 1355 obscuranture
459 1294 720 1376 quandoquidem
722 1316 771 1354 res
790 1295 940 1355 secundae
958 1295 1096 1378 magnam
1113 1296 1174 1355 vim
1193 1293 1309 1355 habent

140 1381 178 1441 ad
197 1380 379 1446 occultanda
394 1393 425 1440 et
443 1380 650 1440 obumbranda
667 1380 737 1440 talia
755 1380 873 1462 probra.
903 1379 959 1438 At
981 1402 1006 1439 s1
998 1380 1179 1460 „pasulum'
1170 1398 1307 1462 impege-

139 1465 193 1524 rit:
227 1477 292 1525 tum
317 1466 351 1525 in
376 1486 497 1525 omnem
523 1467 588 1543 eius
607 1465 697 1525 vitam
724 1479 755 1525 et
771 1466 909 1525 fortunas
928 1465 1111 1546 inquiretur.
1158 1465 1192 1525 ld
1223 1465 1307 1543 quod

140 1551 216 1630 ipse,
233 1570 300 1609 mea
318 1549 445 1629 quidem,
460 1549 616 1630 opinione,
636 1550 767 1625 videtur,
784 1549 1007 1627 Athenienses,
1018 1548 1104 1610 brevi
1118 1563 1308 1622 ostensurus,

119 1657 125 1668 ι
141 1635 167 1696 si
186 1648 216 1695 et
233 1635 285 1694 Dii
300 1648 448 1709 annuent,
484 1649 514 1695 et
531 1656 585 1711 vos
604 1634 721 1695 voletis.
764 1634 807 1696 Ut
830 1635 966 1697 enimin
981 1634 1164 1715 'corporibus
1182 1634 1309 1707 nostris,

50 1794 54 1803 θ
141 1721 213 1780 dum
236 1720 346 1797 valeas,
380 1720 498 1779 nullum
522 1720 746 1780 adeosensum
765 1720 880 1779 doloris
904 1719 1188 1822 afferuntsingulae
1207 1732 1307 1800 partes

140 1804 320 1864 labefactae:
346 1803 394 1863 sin
413 1805 444 1863 in
462 1804 604 1864 morbum
622 1805 776 1904 incideris,
795 1805 896 1864 omnia
913 1820 1084 1878 moventur,
1103 1807 1165 1865 sive
1184 1817 1307 1885 ruptum

140 1887 190 1962 sit,
216 1889 279 1949 sive
298 1889 444 1962 luxatum,
469 1890 532 1950 sive
552 1890 625 1970 quid
643 1890 747 1950 aliud
742 1885 895 1950 vitiatum·
928 1891 972 1950 sic
991 1904 1022 1951 et
1040 1890 1192 1950 civitatem
1211 1902 1242 1948 et
1258 1901 1307 1972 ty-

139 1994 315 2046 rannorum,
335 1975 406 2033 dnm
416 1973 491 2039 soris
507 1974 585 2050 bella
599 1988 719 2057 gerunt,
737 1974 865 2035 obscura
881 1976 973 2057 vulgo
989 1975 1065 2048 mala
1080 1987 1165 2064 sunt:
1172 1973 1306 2053 quando

91 2130 93 2135 g
140 2073 241 2119 autem
259 2058 422 2119 finitimum
441 2046 555 2121 bellum
574 2060 753 2133 conseritur,
772 2060 873 2119 omnia
892 2061 1074 2123 elucescunt
1093 2052 1149 2118 Si
1168 2059 1235 2139 quis
1255 2079 1307 2116 au-

59 2143 93 2163 ’“
140 2140 202 2204 tem
220 2158 366 2230 vestrum,
381 2135 596 2218 Athenienses,
624 2166 660 2205 eo
680 2143 838 2204 difficilem
853 2158 1030 2244 oppugnatu
1047 2143 1222 2224 Philippum
1243 2162 1308 2202 esse

140 2242 237 2310 pu'tat,
255 2211 339 2326 quod
356 2220 543 2289 fortunatum
564 2251 628 2290 esse
649 2229 747 2289 videt:
760 2231 859 2288 utitur
875 2231 900 2288 is
920 2231 1043 2330 quidem
1061 2228 1157 2289 sobrii
1175 2227 1308 2299 hominis

46 2363 49 2372 .
141 2312 334 2412 cogitatione,
370 2313 446 2372 Nam
457 2315 620 2375 multum
611 2336 642 2372 m
660 2314 783 2381 fortuna
802 2309 1019 2386 momentiest,
1038 2336 1072 2374 ac
1090 2313 1241 2412 capotius
1258 2333 1308 2370 so-

50 2444 59 2469 ,
141 2397 225 2457 lam
244 2397 385 2459 omnibus
405 2399 578 2460 mortalium
595 2400 687 2459 rebus
713 2395 891 2459 dominatur
935 2401 1002 2481 Ego
1030 2412 1142 2498 tamen,
1177 2397 1203 2455 si
1222 2397 1307 2476 optio

86 2513 94 2530 ·
125 2481 217 2559 ‚mihi
242 2482 340 2554 detur,
374 2497 495 2542 nostrae
520 2471 604 2543 urbis
627 2483 781 2542 fortunam
806 2482 917 2578 (modo
937 2505 990 2543 vos
1010 2484 1068 2565 ipsu
1059 2483 1133 2542 vel
1148 2482 1308 2562 paululum

94 2602 101 2613 κ
141 2565 244 2627 officio
263 2565 350 2649 fungi
368 2566 506 2649 velletis)
532 2568 613 2627 illius
631 2567 772 2627 fortunae
791 2564 980 2629 anteferrem
1023 2567 1120 2627 Multo
1141 2566 1221 2624 enim
1240 2566 1309 2659 plu-

139 2670 189 2710 res
207 2650 294 2715 vobis
319 2652 493 2711 occasiones
519 2654 567 2715 ad
575 2653 706 2714 divinam
725 2653 969 2735 benevolentiam
987 2651 1217 2711 obtinendam
1208 2669 1310 2709 messe

49 2754 54 2774 ¹
140 2737 240 2807 video,
274 2758 363 2816 quam
381 2734 433 2802 illi
476 2740 590 2797 Verum
606 2737 759 2811 sedemus,
786 2752 821 2798 ut
838 2739 948 2810 video,
966 2735 1065 2797 otiosi.
1108 2723 1216 2813 Neque
1235 2755 1309 2793 vero

112 2887 117 2892 ,
140 2821 183 2882 fas
204 2822 260 2893 est,
277 2834 312 2879 nt
331 2821 388 2900 qui
401 2820 465 2901 ipse
484 2821 609 2902 ignavus
629 2833 684 2893 est,
710 2823 759 2882 vel
776 2823 889 2882 amicos
908 2821 1022 2902 aliquid
1041 2841 1129 2904 agere
1149 2840 1205 2878 sua
1221 2839 1308 2878 causa

63 2965 67 2969 ,
140 2905 254 2978 iubeat,
272 2906 384 2964 nedum
405 2905 491 2977 deos.
497 2904 690 2967 immortales
725 2905 824 2965 Non
815 2906 910 2988 igitur
927 2917 976 2966 est
989 2905 1171 2976 mirandum,
1189 2903 1225 2962 ab
1244 2902 1310 2976 ill‘0,

142 3012 211 3051 cum
229 2991 294 3070 ipse
312 2989 422 3073 militet
444 3002 478 3051 et
500 2989 629 3063 laboret,
663 3003 693 3049 et
712 2990 853 3051 omuibus
870 2990 990 3051 rebus
980 2990 1112 3064 intersit,
1147 3002 1177 3070 et
1194 2988 1310 3048 nullam

141 3075 189 3135 vel
208 3065 399 3135 occasionem
417 3074 473 3174 vel
483 3074 589 3134 horam
607 3076 835 3156 praetermittat,
866 3096 931 3148 vos,
964 3075 1036 3145 dum
1051 3073 1251 3144 cunctamini
1281 3084 1311 3132 et

142 3160 304 3219 decernitis
332 3171 370 3218 et
387 3152 592 3259 sciscitamini,
620 3160 762 3240 superari.
806 3160 879 3243 Ego
907 3159 1029 3240 quidem
1047 3134 1107 3220 boc
1125 3178 1190 3221 uon
1207 3157 1310 3216 miror.

142 3241 336 3304 Contrarium
353 3242 463 3322 potius
476 3244 585 3303 mirum
606 3259 695 3319 esset,
722 3268 747 3305 st
738 3245 841 3304 nihil
860 3246 979 3327 a'gendo
998 3252 1065 3318 no‘s,
1094 3245 1177 3343 quod
1195 3243 1310 3302 bellum
1345 3282 1348 3287 s

117 3359 120 3375 ·
143 3328 319 3412 gerentibus
339 3329 492 3402 convenit,
524 3349 592 3389 eum
612 3353 665 3411 qm
656 3329 797 3409 'ubique
816 3330 918 3391 officio
937 3330 1085 3412 fungitur,
1112 3328 1310 3400 vinceremus.

80 3416 119 3472 17
142 3414 222 3475 lllud
247 3427 360 3473 antem
374 3414 516 3487 demiror,
550 3437 617 3475 cum
644 3415 716 3475 olim
733 3434 788 3474 vos
806 3415 1063 3487 Lacedaemoniis,
1095 3412 1312 3510 Athenienses,

63 3527 101 3574 ,ι
143 3498 257 3560 bellum
275 3497 446 3559 intuleritis
471 3520 562 3580 pro
545 3500 723 3560 defensione
743 3499 941 3573 Graecorum,
967 3513 998 3559 et
1024 3498 1117 3557 multa
1141 3519 1229 3578 saepe
1249 3495 1311 3577 pri·-

142 3588 208 3665 vata
227 3584 446 3657 emolumenta,
479 3605 569 3665 quae
575 3586 706 3666 arripere
725 3585 822 3658 licuit,
850 3586 916 3646 sitis
935 3574 1118 3666 adspernati,
1145 3597 1241 3663 utque
1260 3580 1312 3639 alii

77 3693 81 3702 ·
142 3669 189 3730 ius
209 3690 298 3728 suum
320 3667 504 3750 obtinerent,
521 3682 634 3730 vestras
654 3689 727 3749 opes
746 3668 997 3750 impenderitis,
982 3668 1132 3728 tributum
1150 3667 1310 3728 conferen-

143 3756 194 3827 do,
214 3767 249 3814 et
261 3752 395 3834 pericula
413 3776 468 3834 pro
488 3754 553 3815 aliis
573 3755 706 3819 adieritis
728 3753 900 3835 militando:
928 3774 1010 3823 nunc
1027 3775 1081 3814 vos
1100 3751 1239 3820 dubitare
1258 3769 1310 3808 ex-

98 3884 111 3902 2
142 3830 201 3911 ire,
218 3853 259 3899 et
267 3839 402 3922 segniter
419 3838 558 3899 conferre
577 3859 632 3919 pro
651 3839 757 3899 vestris
776 3838 898 3919 privatis
917 3835 1183 3918 possessionibus:
1185 3848 1235 3894 et
1242 3840 1311 3895 cu‘m

24 3962 31 3972 a
80 3922 83 3928 ’
143 3944 232 4006 saepe
252 3924 326 4002 alios
345 3925 544 3997 servaveritis,
563 3945 621 4002 qua
638 3923 807 3997 universos,
826 3946 883 4003 qua
903 3921 1049 4021 singulos,
1067 3921 1175 3981 vestris
1192 3918 1311 3980 amissis

143 4009 253 4091 opibus
272 4030 326 4069 vos
346 4010 493 4082 desidere,
513 4008 597 4066 haec
605 4007 713 4068 miror:
733 4023 822 4088 atque
841 4009 917 4074 illud
936 4006 1036 4080 etiam,
1054 4029 1092 4066 an
1106 4002 1241 4066 vestrum
1255 4024 1310 4065 ne-

142 4115 193 4164 mo
206 4106 348 4176 reputare
365 4093 471 4175 possit,
489 4092 703 4192 Athenienses,
722 4094 865 4173 quamdiu
884 4092 998 4152 bellum
1018 4114 1085 4154 cum
1100 4087 1243 4172 Philippo
1257 4111 1309 4173 ge

53 4224 60 4241 t
89 4196 91 4201 ’
143 4180 226 4256 ratis,
249 4193 282 4240 et
301 4201 359 4260 qua
368 4199 401 4238 re
420 4177 573 4259 occupatis
592 4177 689 4251 vobis,
705 4201 798 4239 omne
816 4179 859 4239 id
856 4192 985 4260 tempus
1002 4177 1236 4259 praeterierit?
1245 4176 1309 4257 No-

55 4283 62 4294 ·
145 4264 198 4326 stis
217 4266 298 4332 enim
316 4264 528 4335 hodscilicet,
550 4263 737 4324 cessantibus
763 4263 868 4337 vobis,
885 4264 979 4345 alios,
993 4264 1139 4343 quosdam
1164 4284 1229 4324 rem
1256 4280 1309 4342 ge-

70 4357 91 4419 ’,
145 4349 245 4415 sturos
268 4348 475 4433 sperantibus,
510 4346 574 4409 aliis
598 4348 673 4411 alios
700 4348 908 4431 culpantibus,
943 4348 1169 4431 accusantibus,
1205 4350 1326 4409 rursus
