2722 4754
137 214 142 221 .
233 253 237 258 ·
323 118 1007 239 intrususaunuorrouxu.
1113 232 1116 237 ,
1185 173 1245 228 291

76 328 130 379 ter
143 330 231 383 ¹tuns
253 317 326 377 inde
350 308 418 385 curn
441 318 513 399 ipsis
531 316 729 398 compedibus
752 317 785 377 iu
808 318 872 399 ipsa
888 317 1119 380 Bacchanalium
1136 343 1248 405 pompa
1279 350 1283 356 ’
1334 320 1337 326 ’

78 401 206 462 exsiliit
249 399 332 462 Alias
362 414 461 462 autem
487 400 551 461 eius
579 401 786 481 contumelias,¹
802 423 892 463 nemo
918 425 1003 479 unus
1023 407 1250 485 percensuerit:

77 498 169 547 tanta
186 499 234 546 cst
251 506 353 547 earum
371 486 543 546 multitudo.
566 486 626 547 Pro
652 486 762 567 quihus
786 485 878 546 hodie
895 488 1043 562 uniuersis
1060 511 1178 573 poenae
1191 515 1247 562 ,su-

80 571 322 645 mendaeisuut,
341 583 372 630 et
390 570 559 651 exemplum
578 571 611 630 in
629 589 698 631 eum
717 570 885 644 edendum,
903 594 965 651 quo
983 574 1057 636 fiant
1074 574 1124 636 alii
1142 579 1248 639 mode·
1315 602 1322 608 ¹·

80 657 223 721 ratiores
257 656 389 714 atvero
407 654 440 713 in
458 654 505 729 his
524 654 597 715 actis
614 653 743 735 publicis
761 667 809 715 est
825 653 910 714 talis:
929 657 960 715 in
978 657 1043 717 aliis
1061 674 1161 733 antem
1180 662 1255 743 qui.-

82 740 213 807 busdam
228 739 308 798 bene
327 759 359 798 se
378 739 491 821 gessit?
518 742 582 801 lmo
600 738 633 798 in
652 738 777 801 caeteris
795 738 936 804 omnibus
955 739 1045 801 talem
1060 764 1095 815 se
1110 746 1258 827 praebuit¹
1276 741 1277 744 ¹

67 846 157 909 'erga
174 845 247 897 vos,
271 835 311 885 ut
323 823 356 882 in
374 823 428 897 iis,
455 844 531 904 quae
549 823 695 899 audistis,
714 822 838 885 minime
857 823 929 883 odio
945 823 987 885 sit
1002 826 1122 909 dignus.
1165 820 1250 908 Quid

84 909 169 970 cuim
179 908 270 969 vultis
280 907 395 969 dicam?
413 908 745 975 Solenninm'vasorum
757 907 1068 985 reconcinnationcm,
1082 925 1249 977 etcorona-
1318 970 1321 977 .

49 1028 54 1033 ·
83 1016 155 1055 rum
173 991 422 1067 destructionem,
438 1006 490 1053 aut
507 992 674 1073 phialarum
691 992 853 1055 factionem
871 992 952 1054 illam
970 996 1172 1075 praeclaram?
1190 1000 1252 1061 Sed

86 1079 136 1141 rel
151 1089 277 1158 propter
291 1077 376 1150 hacc,
395 1090 426 1136 et
443 1077 470 1136 si
485 1076 568 1136 nulla
583 1077 640 1150 alia
657 1078 874 1160 rempublicam
891 1078 1002 1140 iniuria
1014 1079 1175 1156 affecisset,
1193 1095 1251 1157 ter,

83 1184 151 1224 non
169 1158 268 1223 semel
281 1161 442 1236 duntaxat,
461 1162 526 1221 iure
546 1161 742 1223 occideretur.
784 1164 861 1223 Nam
880 1176 911 1224 et
928 1164 1077 1248 sacrilegii
1095 1179 1127 1228 ct
1142 1152 1269 1249 impie-¹

83 1247 166 1309 tatis·
177 1259 206 1310 et
221 1246 379 1326 peculatus
399 1259 429 1307 et
447 1246 583 1328 omnium
600 1247 845 1328 gravissimorum
863 1249 1011 1309 scelerum
1029 1270 1098 1310 reus
1118 1264 1170 1313 est
1205 1251 1251 1321 Ac

82 1333 230 1417 pleraque
249 1328 314 1390 eius
331 1331 441 1405 verba,
460 1330 569 1409 quibus
588 1332 691 1391 fucum
709 1331 796 1393 vobis
808 1330 958 1413 iaciebat,
975 1334 1155 1414 praeteribo.
1173 1332 1251 1397 Cum

83 1437 161 1478 vero
185 1414 329 1489 dixisset,
352 1416 425 1475 lolia
443 1413 578 1475 defluere
597 1416 635 1476 dc
659 1415 798 1489 coronis,
822 1428 853 1476 et
876 1437 925 1481 cas
951 1430 1100 1480 vetustate
1125 1440 1249 1503 compu-
1299 1460 1302 1466 ,

81 1501 216 1574 troisse,
248 1498 335 1593 quasi
359 1499 510 1560 violaceae
536 1512 637 1562 essent
662 1513 722 1577 aut¹
739 1520 896 1574 rosaceae,
926 1522 990 1561 non
1008 1523 1133 1565 aureae:
1151 1506 1251 1578 uobis

80 1597 194 1661 auctor
210 1603 259 1645 eas
278 1583 433 1644 conflandi
450 1584 515 1645 luit.
547 1585 708 1657 Postea-in
724 1584 846 1646 tributis
866 1585 1021 1668 exigendis
1038 1584 1144 1649 adesse
1161 1589 1252 1657 mini,

80 1683 184 1731 strum
200 1668 357 1750 publicum
370 1669 479 1743 iussit,
497 1681 532 1731 ut
549 1669 722 1747 virbonus,
741 1691 810 1735 curn
828 1690 862 1730 ea
880 1660 1009 1754 singuli,
1028 1672 1081 1753 qui
1097 1676 1252 1755 pepende-
1322 1664 1325 1669 ¹

79 1754 173 1831 rant,
195 1752 370 1834 inscripturi
389 1767 505 1814 essent:
532 1754 562 1812 in
583 1755 704 1814 coronis
723 1767 840 1827 autem,
859 1777 931 1835 quas
950 1756 1147 1836 concidebat,
1163 1760 1251 1826 iusti÷

81 1842 164 1901 tiarn
180 1839 259 1899 illam
279 1859 344 1898 nou
361 1838 515 1911 adhibuit,
538 1840 590 1898 sed
610 1839 674 1920 ipse
694 1852 812 1912 orator,
836 1840 1004 1914 aurilusor,
1023 1844 1181 1921 quaestor,
1204 1845 1269 1913 in-„

82 1924 220 2006 scriptor
232 1923 355 1984 exstitit
390 1922 525 2003 Atquisi
541 1923 834 2003 inlomnibus„quae
850 1923 974 2004 publico
990 1927 1099 2007 agebas
1117 1929 1252 2002 nomine,
1274 1936 1333 1992 391

82 2008 195 2070 baberi
216 2007 391 2077 tibilidem
416 2007 614 2088 postulasses:
638 2008 719 2066 furta
743 2018 802 2069 tua·
818 2008 918 2067 minus
939 2023 1040 2069 essent
1059 2012 1255 2091 deprehensa·

83 2095 195 2167 Nunc,
224 2092 257 2152 iu
274 2091 415 2165 tributis,
444 2104 480 2152 nt
498 2104 708 2172 aequumyest,
736 2113 800 2151 non
818 2090 986 2153 habendam
1003 2093 1060 2153 tibi
1079 2116 1144 2157 esse
1161 2097 1254 2167 fidem

84 2201 158 2240 cum
175 2177 325 2249 sanxeris,
344 2178 398 2239 sed
415 2177 508 2238 servis
525 2176 671 2257 publicis,
689 2198 758 2236 curn
776 2188 877 2241 autem
896 2176 977 2237 aliud
996 2179 1137 2258 quiddam
1157 2193 1188 2240 et
1204 2201 1253 2241 res

85 2279 185 2325 sacras
203 2282 498 2342 moveres,.quarum
516 2261 678 2343 pleraeque
697 2282 736 2336 ne
755 2273 851 2321 aetate
869 2261 992 2340 quidem
1011 2276 1114 2323 nostra
1133 2253 1254 2326 dedicass

84 2361 138 2409 tae
163 2354 252 2421 sunt,
281 2348 607 2407 eandem=cantionem
635 2367 701 2405 nonv
724 2345 913 2417 adhibueris,
944 2369 1042 2427 quarn¹
1057 2349 1090 2407 in
1114 2348 1254 2410 tributis:

84 2453 192 2499 nonne
218 2431 317 2512 palam
342 2444 403 2504 est,
429 2452 483 2490 cur
507 2432 548 2503 ita
568 2430 695 2505 leceris?
721 2429 872 2509 Equidem
891 2429 1008 2513 opinoq.
1051 2431 1153 2511 Atque
1178 2428 1254 2503 illud

86 2517 291 2591 considerate,
308 2515 522 2589 Athenienses,
541 2514 811 2595 quampraeclarus
828 2527 859 2575 et
873 2512 1062 2576 admirabiles
1080 2517 1255 2585 adomnem
1309 2534 1314 2539 ’

85 2601 301 2684 posteritatem
316 2600 536 2681 ,inscriptiones
563 2599 747 2680 reipublicae
773 2599 945 2673 sustulerit,
979 2622 1068 2678 quam
1093 2600 1197 2681 impias
1224 2613 1256 2661 et

87 2685 298 2749 intolerabiles
317 2685 508 2765 reposuerit?
535 2683 679 2745 Arbitror
696 2683 794 2757 enirn,
811 2682 921 2751 vidisse
941 2704 1045 2753 omues
1064 2705 1134 2763 vos,
1152 2685 1184 2744 in
1202 2706 1254 2747 co-

89 2787 237 2847 ronarum
251 2769 394 2831 modiolis
412 2769 519 2843 subtus
537 2769 715 2849 inscriptum
733 2767 840 2836 fuisse:
867 2766 950 2826 Socii
967 2762 1115 2849 populum
1132 2769 1268 2850 fortitu-d

75 2855 169 2916 ''dinis
189 2858 264 2937 ergo
284 2867 315 2914 et
332 2854 481 2926 iustitiae,
499 2866 566 2917 aut:
591 2852 674 2919 Socii
693 2854 775 2913 dono
795 2852 948 2914 Minervae
967 2855 1002 2911 ex
1020 2851 1186 2926 manubiis,
1204 2865 1257 2914 aut

87 2939 272 3021 uppidatim:
301 2938 348 3009 Illi
365 2939 530 3021 populum,
556 2931 725 2998 conservati
743 2960 758 2998 a
776 2937 907 3017 populo,
930 2935 1043 3008 veluti,
1059 2926 1269 3009 Euboeenses¹

86 3018 343 3103 liherqti'curona
361 3026 515 3083 donarunt
530 3022 685 3104 populum.
719 3023 835 3083 Rursus
857 3019 970 3081 alicubi
987 3020 1045 3081 luit
1062 3019 1259 3101 inscriptum}

89 3106 204 3187 Conon
230 3131 267 3169 ex
285 3108 382 3183 navali
398 3107 524 3168 victoria
542 3120 626 3188 parta
643 3107 680 3171 de
697 3105 951 3167 Lacedaemoniis.
985 3105 1073 3183 Tales
1092 3106 1173 3165 euim
1190 3107 1272 3165 fue--

89 3207 364 3263 runtcoronarum
382 3191 604 3272 inscriptiones.
639 3192 725 3264 Quae
746 3191 840 3274 igitur
858 3203 889 3250 et
905 3189 1111 3250 admirationis
1128 3188 1266 3269 multum¹

91 3290 124 3339 et
141 3278 270 3338 honoris
289 3277 374 3337 vobis
393 3277 548 3349 serebant,
566 3273 696 3334 abolitae
715 3288 787 3334 sunt
805 3269 1110 3334 coronis'destructis.
1145 3272 1258 3343 Phialis

92 3375 212 3436 autem,
239 3382 313 3441 quas
333 3382 434 3421 earum
459 3362 529 3420 loco
547 3359 634 3419 vobis
660 3360 718 3418 iste
742 3358 815 3418 fecit
839 3352 1024 3438 impudicus,
1042 3352 1258 3418 «Androtione

91 3442 231 3507 curatore
263 3445 359 3517 factae
385 3459 479 3505 sunt»
509 3444 686 3524 inscriptum
712 3456 776 3503 est:
806 3454 837 3502 et
862 3441 947 3503 cuius
980 3442 1130 3523 pollutum
1156 3440 1258 3501 libidi-

91 3532 182 3592 nibus
209 3524 320 3613 'corpus
344 3528 464 3612 ingredl
489 3529 558 3588 faba
583 3529 667 3610 leges
690 3549 753 3587 non
777 3526 898 3600 sinunt,
934 3525 998 3586 eius
1026 3547 1138 3585 nornen
1165 3527 1197 3585 in
1215 3524 1259 3592 sa·
1318 3536 1321 3541 ’

90 3616 140 3677 uis
157 3615 267 3697 phialis
287 3615 465 3695 inscriptum
485 3627 547 3688 est,
572 3612 790 3674 conferendum
805 3611 932 3675 ,scilicet
956 3608 1038 3694 (non
1062 3609 1173 3694 sanci)
1208 3630 1260 3669 ve-

14 3698 18 3702 *
50 3694 57 3707 ⁹
88 3701 209 3762 teribus
234 3701 293 3760 illis
320 3698 567 3781 inscriptionibus
587 3709 618 3756 et
640 3697 721 3756 idem
744 3696 850 3770 vobis,
874 3696 900 3757 si
919 3695 975 3755 diis
994 3694 1109 3776 placet,
1133 3693 1260 3754 honoris
1311 3748 1316 3753 .

89 3785 215 3847 ferens?
256 3785 306 3845 Sic
334 3785 390 3844 tria
427 3805 479 3843 eos
509 3781 694 3861 atrocissima
727 3777 925 3843 commisisse
945 3779 1134 3860 perspicitur.
1183 3778 1261 3838 Nam

90 3882 129 3931 et·
140 3871 322 3947 Minervam:
336 3868 456 3945 coronis
481 3867 665 3948 spoliarunt:
700 3879 734 3927 et·
746 3865 943 3949 reipublicae,
956 3864 1185 3931 admirationem
1208 3863 1268 3923 saa-⁸·

25 3961 35 3968 ⁹
78 3957 266 4030 stulerunt,
302 3945 387 4035 qnae}
403 3975 441 4013 ex
465 3952 501 4012 iis
531 3951 617 4012 factis
649 3950 825 4025 exsistebat,
860 3971 991 4031 quorum
1011 3968 1153 4009 ‚coronae
1181 3946 1269 4035 illae,¹

91 4041 166 4103 dum
189 4042 353 4113 adessent,
378 4039 562 4099 monimenta
586 4036 724 4097 fuerunt:
744 4036 859 4112 ¹etiis,
885 4057 902 4096 a
929 4033 1039 4115 quibus
1053 4038 1261 4109 ,consecratae

89 4124 233 4200 fuerant,
261 4124 390 4208 gloriam
408 4145 471 4184 non
488 4143 610 4204 parvam
628 4123 808 4182 ademerunt
825 4120 978 4202 opinionis
997 4117 1078 4193 eius,
1107 4111 1166 4199 qua
1182 4117 1275 4201 grati

90 4211 184 4273 animi
203 4206 387 4271 memoriam.
401 4208 505 4277 testari
522 4207 693 4269 voluerunt
713 4206 780 4268 Etsi
797 4219 897 4267 autem
915 4217 963 4266 tot
981 4215 1012 4263 et
1029 4214 1110 4269 tanta
1127 4203 1262 4265 facinora
1338 4242 1341 4247 -

90 4296 308 4381 designarunt3
334 4315 371 4355 eo
392 4293 486 4354 simul
511 4306 542 4353 et
566 4293 699 4374 stuporis
724 4306 754 4366 et
777 4290 914 4376 ignaviae
937 4300 1010 4352 sunt
1033 4288 1202 4372 progressi,
1228 4298 1263 4347 ut

987 4372 1063 4449 19*
