2722 4754
215 173 265 226 3
371 115 977 238 uultthA‘LEuA'r10NR'⁸
1073 190 1097 203 ··
1190 177 1273 238 197«

103 340 192 406 contra
208 321 368 386 occultavit
383 336 414 385 et
427 302 541 401 adiuvit
550 335 586 409 et
599 309 723 386 dicturis
742 324 872 401 obstitit,
889 349 952 391 ιιοιι
964 301 1152 402 recordatus,
1172 328 1248 389 lianc

75 446 79 453 ·
105 437 159 481 esse
173 422 288 494 portum
305 411 420 484 salutis,
438 423 468 470 et
485 411 518 471 in
531 433 566 471 ea
584 409 754 471 initiantem
773 424 898 489 matrem
916 435 1000 472 suam
1021 427 1051 474 et
1068 415 1246 487 lustrantem

18 490 28 509 ⁸
104 501 280 566 etlruentem
299 516 420 570 eorum,
448 493 501 574 qui
520 496 603 556 eius
600 516 695 576 opera
713 510 888 573 uterentur,
907 491 1034 579 opilius,
1053 500 1126 560 istos
1145 496 1246 560 tantos

49 644 57 652 .
104 609 170 651 siros
186 582 338 640 educasse
362 592 400 640 et
409 592 525 660 patrem
554 579 785 663 suum(utuego
806 597 913 642 erratu
939 584 1117 645 maioribus
1131 583 1247 668 audio),

105 665 242 736 adHerois
255 665 365 727 medici
378 665 480 728 fanum
500 667 661 725 docentem
676 667 788 741 literas,
807 679 841 738 ut
854 663 994 768 potuerit
1006 669 1093 730 illum
1112 670 1245 757 quidem,

105 756 169 822 sed
161 776 188 815 m
205 752 255 810 bac
272 751 348 811 urbe
367 750 476 810 vixisse
494 740 610 816 tamen:
636 772 670 811 se
688 757 760 813 ιειιι
776 765 811 812 et
828 774 918 826 suos,
937 753 1110 834 scripturae
1123 777 1244 836 operam

22 901 26 908 ,
91 848 188 943 ‘dantes
205 849 233 895 et
251 836 391 903 omnibus
419 836 644 918 magistratibus
672 837 889 913 ἰιιιιιιιιιιῑιε,
918 859 1059 898 nummos
1077 840 1245 921 accepisse:
1269 878 1272 882 .

104 928 211 1006 denique
236 921 346 982 scribas
364 941 381 982 ιι
400 923 486 982 robis
513 923 666 997 delectos,
691 922 877 983 biennium
868 946 899 982 m
917 923 1017 983 Tholo
1037 945 1104 983 esse
1128 928 1244 986 enutri-

104 1031 153 1078 ιρις
174 1021 201 1068 et
215 1020 295 1066 nunc
312 1029 345 1067 se
365 1029 401 1069 ex
425 1008 480 1067 bac
502 1008 579 1078 urbe
604 1007 737 1092 legatum
756 1029 822 1069 esse
847 1008 981 1074 missum.
1024 1009 1141 1089 Horum
1167 1012 1243 1071 nihil
1264 1001 1283 1030 ⁸

62 1117 72 1125 ⁷
104 1093 292 1165 consideravit,
320 1114 438 1173 neque,
457 1106 493 1152 ut
509 1093 693 1174 reipublicae
712 1116 840 1177 prosper
856 1106 964 1155 tentus
983 1094 1144 1176 aspiraret,
1171 1119 1267 1176 pro-

103 1180 208 1249 curarit:
231 1178 285 1238 sed
304 1200 368 1238 eam
388 1179 497 1238 evertit
515 1192 546 1238 et
565 1179 723 1254 demersit,
744 1193 790 1253 et,
809 1179 1004 1259 quantumin
1024 1201 1056 1239 sc
1074 1179 1149 1252 suit,
1169 1202 1242 1281 ope-

15 1338 18 1344 ,
51 1286 56 1291 ’
101 1262 504 1336 raudedrt,ut1nbostmm
524 1277 707 1345 potestatem
726 1266 924 1347 redigeretur.
967 1264 1243 1349 Nonneturgrtur

37 1370 42 1375 '
103 1360 259 1482 51⁰¹thOE
279 1360 310 1408 ct
327 1349 506 1450 improbus}>
524 1370 628 1409 nonne
646 1363 679 1410 tn
697 1350 829 1431 scriptor
848 1351 1020 1411 orationum
1041 1363 1071 1410 et
1088 1351 1172 1410 diis
1163 1351 1243 1412 ιιιιί

103 1441 160 1504 sna?
179 1434 245 1534 qui,
253 1456 331 1513 quae
350 1435 382 1494 in
400 1457 489 1495 scena
507 1458 597 1516 saepe
616 1437 757 1496 recitares
777 1449 808 1496 et
824 1436 969 1497 memoria
971 1430 1088 1517 probe
1102 1438 1239 1512 tenebas,
1263 1448 1282 1501 2

15 1580 16 1584 ,
99 1519 276 1627 prqeterieris:
296 1542 372 1599 quae
391 1542 476 1581 vero
483 1522 584 1605 intua
602 1521 663 1583 vita
681 1544 836 1622 nunquam
842 1534 1105 1603 repraesentares,
1125 1544 1168 1595 ea,
1188 1545 1238 1584 ex·
1280 1566 1283 1571 -

46 1650 51 1655 -
99 1606 235 1692 quisitaad
254 1605 482 1678 laedendum
457 1629 550 1667 civem
571 1607 759 1693 quendam,
751 1631 783 1666 ιιι
802 1608 936 1668 medium
955 1608 1113 1667 attuleris?
1148 1609 1240 1690 Agite

23 1761 27 1767 ,
96 1715 164 1766 vero,
179 1691 256 1751 etde
275 1690 401 1766 Solone,
420 1692 494 1772 quid
513 1693 631 1768 dixerit,
647 1680 848 1755 considerate
877 1693 970 1766 Dixit,
990 1693 1135 1752 Solonem
1155 1694 1240 1754 dedi-

96 1795 177 1842 catum
197 1797 258 1835 esse
288 1778 458 1859 exemplum
484 1778 651 1839 modestiae
677 1792 849 1853 oratorum,
876 1801 997 1839 manum
1021 1779 1100 1838 iutra
1125 1792 1241 1839 vestem

96 1874 240 1928 tenentem.
267 1885 329 1942 quo
348 1863 546 1949 reprehendit
573 1877 603 1924 et
621 1865 752 1946 exagitat
767 1864 921 1930 Timarchi
947 1863 1154 1945 petulantiam.
1197 1864 1240 1923 At

95 1952 166 2011 istam
179 1960 302 2008 statuam
329 1951 467 2015 nondum
485 1956 555 2010 ante
574 1971 669 2009 annos
695 1949 914 2032 quinquaginta
936 1950 1034 2013 fuisse
1061 1948 1239 2022 dedicatam,

18 2052 23 2061 ·
94 2029 356 2096 dicuutSalaminii·
375 2035 518 2095 asolone
538 2048 639 2096 autem
659 2035 785 2103 omnino
806 2034 931 2095 ducenti
944 2047 1017 2095 sunt
1030 2034 1102 2092 anni
1117 2047 1147 2092 et
1164 2056 1237 2114 qua-

94 2117 206 2218 draginta
224 2106 260 2178 ad
279 2119 356 2178 hanc
376 2133 531 2182 aetatem.
556 2122 657 2196 Quare
677 2119 792 2194 artilex,
812 2120 864 2200 qui
883 2141 952 2182 eum
971 2132 1090 2202 gestum
1111 2119 1240 2192 effinxit,

95 2200 710 2305 nenipscsolnmeotemporenonluit·
728 2207 781 2266 sed
801 2212 945 2267 necatus
966 2205 1072 2266 eiusl
1073 2202 1239 2286 locigitur
1275 2228 1277 2233 ·

93 2290 150 2350 dixit
168 2289 316 2349 iudicibus
345 2305 375 2350 et
392 2291 526 2351 imitatus
555 2306 608 2350 est
651 2291 685 2350 ld
704 2304 821 2363 autem,
846 2291 946 2371 quod
955 2303 1044 2372 gestu
1064 2288 1117 2350 illo
1137 2290 1235 2348 m'ulto

91 2387 153 2434 esset
172 2375 355 2475 reipublicae
379 2370 502 2450 utilius,
528 2362 563 2436 ut
582 2370 699 2436 animus
717 2374 840 2435 Solonis
867 2375 1096 2456 inspiceretur
1087 2387 1118 2434 et
1135 2396 1238 2448 mens:

92 2460 179 2519 dnon
197 2473 243 2520 est
261 2460 411 2536 mutatus
431 2463 503 2522 sed
504 2484 604 2522 omma
622 2461 725 2543 potrus
744 2475 849 2521 contra
868 2461 948 2521 fecit
990 2461 1067 2522 Nam
1085 2459 1147 2532 rlle,
1166 2482 1236 2520 cerm
1280 2527 1283 2535 ι

91 2545 197 2616 Salamin
215 2547 393 2607 descivisset
410 2548 446 2606 ab
466 2547 723 2622 Atheniensibus,
750 2560 781 2608 et
799 2546 895 2628 capite
913 2536 1061 2606 sancitum
1081 2557 1178 2618 esset,
1196 2567 1235 2605 ne

79 2631 140 2710 ¹quis
156 2631 216 2691 eius
237 2634 461 2713 recuperandae
481 2648 560 2694 esset
577 2647 697 2695 auctor:
716 2633 855 2715 privatim
874 2631 1041 2713 periculum
1062 2630 1119 2694 sibi
1140 2632 1235 2712 depo-

89 2717 187 2799 poscit,
200 2731 229 2776 et
243 2718 393 2801 elegiacos
413 2740 527 2793 versus,
547 2740 623 2799 quos
642 2719 764 2791 lecerat,
783 2717 902 2790 cecinit,
921 2730 952 2777 et
969 2716 1154 2798 provinciam
1173 2716 1235 2776 rei-

46 2869 55 2874 ,
83 2803 202 2881 publicae
219 2805 364 2879 restituit,
384 2818 414 2865 et
432 2818 607 2886 susceptum
626 2805 756 2865 dedecus
777 2803 916 2862 abolevit
936 2804 995 2862 lste
1013 2809 1235 2881 antem,‚quanl

80 2909 122 2946 rex
136 2889 292 2950 Persarum
312 2902 343 2949 et
361 2911 467 2950 omnes
487 2891 598 2952 Graeci
620 2904 749 2990 uestram
769 2901 838 2950 esse·
862 2890 1079 2962 decreverunt,
1104 2886 1234 2967 Amphi-

38 2976 39 2980 ’
78 2972 176 3053 polim,
204 2997 269 3034 eam
287 2977 413 3035 tradidit
431 2990 462 3037 et
480 2976 635 3051 vendidit,
662 2975 775 3036 eteius
801 2972 1058 3048 senatusconsulti
1077 2981 1233 3033 auctorem

76 3060 208 3132 defendit,
226 3062 439 3136 Philocratem,
458 3063 609 3144 praeclare
628 3083 707 3122 sane
710 3061 833 3140 Neque
852 3060 933 3120 enim
947 3082 974 3120 cr
966 3059 1111 3118 Solonis
1129 3056 1232 3118 recor-

77 3144 128 3204 dari
143 3145 279 3206 uacabat.
294 3167 396 3227 neque
409 3148 439 3206 id
459 3148 507 3208 hic
525 3148 624 3208 solum
640 3147 724 3248 lecit,
743 3147 795 3225 sed
813 3145 927 3230 etilluc
946 3167 1014 3204 cnm
1033 3143 1175 3216 acuisset,
1193 3165 1232 3202 nc

74 3230 254 3290 mentionem
269 3235 392 3312 quidem
410 3234 565 3294 secit⁸e1us
585 3232 736 3316 regionis,
763 3222 891 3314 propter
908 3254 996 3311 quam
1015 3230 1131 3313 legatus
1150 3229 1232 3288 abie-

71 3329 123 3376 rat:
140 3316 261 3400 idque
252 3341 316 3400 ipse
335 3317 632 3379 vobisrenuntiavit
663 3317 845 3377 Meministis
864 3317 945 3378 enim
963 3317 1113 3397 prolecto,
1132 3314 1232 3374 dicere

72 3423 148 3461 eum:
164 3404 212 3461 De
231 3403 433 3491 Amphipoli
430 3418 461 3465 et
479 3426 536 3487 ego
555 3404 645 3464 uerba
663 3403 762 3464 lacere
780 3403 966 3484 potmssem
981 3401 1048 3474 sed,
1065 3413 1100 3463 ut
1117 3400 1232 3460 Demo
1270 3396 1273 3405 ’

49 3487 160 3549 stheui
180 3489 218 3548 de
239 3511 272 3551 ea
291 3491 417 3550 dicendi
434 3504 514 3550 esset
531 3490 627 3563 locus,
644 3489 715 3549 ideo
734 3488 882 3571 praeterii.
913 3488 987 3587 Ego
999 3506 1072 3546 vero
1090 3505 1232 3567 progres-

67 3594 113 3631 sus
131 3573 277 3648 dicebam,
296 3597 365 3635 eum
384 3575 460 3636 nibil
480 3596 596 3650 eornm,
615 3597 691 3656 quae
710 3576 746 3633 ad
764 3573 938 3654 Philippum
957 3572 1058 3632 dicere
1076 3570 1234 3643 uoluisset,

47 3658 133 3718 mihi
150 3661 320 3740 reliquisse.
338 3661 467 3721 Facilius
487 3662 567 3721 enim
586 3661 746 3744 sanguine,
762 3681 851 3739 quam
869 3657 990 3719 dicendi
1002 3658 1072 3717 loco
1091 3656 1230 3736 cuiquam
1279 3703 1283 3711 s

64 3745 182 3805 cedere.
202 3746 255 3806 sed
273 3759 414 3831 putasse,
433 3761 554 3828 accepta
571 3746 699 3828 pecunia
718 3745 867 3806 adversari
886 3745 1049 3825 Philippo
1045 3762 1110 3802 non
1127 3742 1232 3814 licere,

63 3830 112 3910 qui
125 3832 291 3912 pecuniam
311 3854 344 3892 ea
369 3833 406 3891 de
426 3854 512 3894 causa
536 3833 661 3915 largitus
681 3845 788 3905 esset,
804 3851 843 3905 ne
863 3830 893 3891 id
910 3830 1091 3931 oppidum
1080 3824 1231 3887 redderet.

51 3916 142 3998 Age,
161 3936 234 3998 cape
254 3916 384 3976 Solonis
397 3918 530 4013 elegiam
541 3918 622 3979 illam
642 3931 677 3978 et=
689 3917 798 3989 recita,
823 3928 859 3976 ut
876 3916 994 3987 sciatis,
1014 3914 1102 3974 etiam
1121 3904 1229 3983 Soloni

60 4000 226 4064 homines
216 4002 304 4064 istius
323 4003 436 4064 similes
454 4001 574 4064 fuissc⁸
565 4003 687 4071 invisos.
707 4002 793 4062 Non
811 4001 919 4061 concio
931 3999 1075 4059 habenda
1094 4010 1149 4072 est,
1166 4000 1252 4058 de·-

59 4087 179 4163 schine,
205 4111 295 4149 manu
315 4089 361 4148 in
364 4090 432 4164 sinu
459 4088 595 4168 condita
619 4090 673 4159 sed
698 4087 839 4149 obeunda
863 4086 982 4169 legatio
1000 4103 1090 4144 manu
1109 4085 1141 4144 in
1160 4085 1228 4142 sinu

58 4174 188 4235 condita.
232 4177 278 4235 Tu
298 4193 389 4248 vero,
415 4195 483 4235 cum
503 4197 566 4234 eam
585 4166 647 4235 illic
671 4172 840 4255 porrexeris
859 4184 890 4230 et
909 4169 1096 4242 exhibueris,
1123 4181 1154 4229 et
1172 4170 1227 4226 bos

42 4252 52 4318 ζ
58 4259 242 4321 contumelia
260 4259 406 4332 affeceris,
424 4259 474 4320 bic
492 4258 613 4321 disseris
631 4256 814 4360 mawgnilice,
827 4269 857 4316 et
875 4269 999 4338 propter
1013 4255 1140 4315 miseras
1151 4276 1227 4314 sen
1237 4278 1245 4301 ι

58 4347 211 4455 tentiolas,
230 4365 302 4470 quas
320 4346 481 4438 meditatus
500 4365 549 4421 es,
567 4359 599 4406 et
615 4346 698 4407 socia
717 4340 963 4407 exercitationem
980 4355 1011 4459 te
1029 4362 1156 4454 poenas
1163 4360 1228 4399 esse
