2722 4754
110 141 187 216 ass.
230 240 260 251 μ’
307 140 309 147 ’
330 124 1028 271 ssnnnosrrrchrsonnrro

44 296 51 307 κ
111 318 150 368 et
160 307 272 369 multos
291 301 425 370 vestrum
443 309 533 369 simul
552 310 744 393 exagitasset,
767 310 858 370 vitam
876 309 936 371 sibi
953 308 1091 369 acerbam
1108 307 1177 368 fore
1195 319 1289 388 puta—

110 393 191 454 rit
196 393 250 455 Ac
269 407 385 455 caetera
405 395 545 495 quidem
564 413 632 455 cum
650 397 769 456 infinita
787 396 915 456 dicenda
933 394 1101 468 baberent,
1105 392 1221 459 taceo:-
1232 391 1289 452 sed

112 481 150 540 de
169 479 341 581 equitibus,
377 503 439 563 qur
421 479 621 571 Argmraeae
639 481 840 562 expeditionis
859 481 1082 541 commilitones
1102 479 1130 539 ei
1149 480 1301 550 suerunt,

112 565 194 653 scitis
213 565 320 655 utiqpe
340 586 475 640 omnes,
496 567 600 647 quales
625 566 790 627 conciones
783 567 887 647 apud
905 588 960 627 vos
978 565 1121 625 habuerit
1138 561 1291 625 Chalcide

30 652 51 707 ,¹
87 670 267 725 reuersus,
293 673 387 730 ιιιιιιιιι
414 666 567 712 accusaret
593 673 628 712 ac
647 652 779 724 diceret,
807 651 894 710 illum
921 651 1087 727 erercitum
1106 671 1175 715 cum
1194 650 1294 733 igno·

112 734 205 795 minia
228 735 412 817 reipublicae
439 737 580 798 exivisse:
604 750 635 796 et
659 736 769 816 quibus
789 737 937 797 conviciis
962 751 1088 818 propter
1112 756 1174 796 eos
1186 731 1293 795 Crati-

112 840 204 893 num,
223 822 288 901 qui
294 844 375 882 nunc
395 823 439 896 ei,
458 836 493 881 ut
510 822 620 895 audio,
637 821 894 903 patrocinabitur,
911 835 1073 903 propterea
1090 820 1213 883 suerit
1203 839 1292 880 snse-

49 916 52 920 ’
114 918 225 980 ctatus,
251 908 453 968 meministis
458 907 578 967 Ειιιιι
568 907 678 1008 agitur,
704 908 757 987 qui
780 921 841 968 tam
863 908 1033 968 inultorum
1057 908 1170 968 civium
1194 903 1290 966 simul

113 1005 210 1053 tantas
234 986 408 1052 inimicitias
433 1005 464 1053 et
489 992 558 1051 odia
582 993 735 1073 suscipere
755 994 792 1053 de
810 980 917 1053 nihilo
926 1014 990 1054 non
1008 993 1144 1067 dubitat,
1172 1001 1290 1089 quanta

48 1088 56 1097 '
89 1146 93 1151 ¹
113 1078 309 1161 improbitate
328 1091 358 1137 et
375 1077 560 1137 confidentia
577 1077 651 1137 haec
675 1098 765 1160 agere
791 1078 980 1158 putandum?
1005 1076 1103 1178 Atqui
1120 1091 1291 1149 utrumn

113 1164 217 1239 Midia,
233 1163 376 1223 dedecori
392 1175 463 1221 sunt
475 1162 598 1237 civitati,
614 1163 667 1243 qui
679 1163 752 1238 acie
754 1163 901 1223 instructa
915 1176 946 1223 et
954 1185 1054 1236 armis,
1068 1162 1180 1244 quibus
1194 1180 1291 1244 epor-
1349 1174 1352 1179 '

30 1256 34 1277 ¹
113 1248 198 1310 tebat
216 1270 278 1322 eos,
298 1271 350 1330 qur
341 1246 506 1307 hostibus
522 1249 678 1309 occursuri
696 1263 807 1322 essent,
826 1248 936 1322 ornati,
953 1248 1187 1329 transfretarunt
1206 1258 1238 1308 et
1253 1266 1299 1307 se·
1336 1294 1339 1299 .

115 1357 185 1397 cum
203 1334 292 1396 sociis
312 1332 559 1394 coniunxerunt:
569 1356 607 1394 an
625 1355 698 1395 vero
712 1347 757 1410 tu,
775 1335 829 1415 qui
842 1334 873 1393 in
885 1333 1050 1394 sortitione
1061 1326 1298 1409 rotafaciebas,

88 1448 93 1455 ·
115 1440 154 1482 ne
165 1420 222 1482 tibi
240 1417 438 1479 militandum
446 1432 534 1494 esset,
548 1441 582 1480 ac
594 1419 718 1481 thorace
731 1442 888 1501 nunquam
901 1419 1022 1494 induto,
1036 1421 1120 1493 mulo
1132 1431 1240 1481 rectus
1252 1436 1292 1479 ex

19 1518 22 1523 '
99 1506 234 1590 'Argura
252 1496 396 1566 Euboeae
415 1522 483 1564 cum
502 1505 597 1566 laenis
617 1520 652 1566 et
666 1506 793 1590 cymbiis
813 1519 844 1566 et
862 1505 952 1580 cadis,
970 1526 1047 1606 quae
1065 1503 1273 1586 publicani
1240 1526 1289 1585 pr-

115 1590 306 1691 gnerabant?
324 1590 407 1651 Haec
431 1590 511 1650 enim
536 1591 573 1651 ad
598 1613 654 1652 nos
679 1591 862 1674 legionarios
887 1591 959 1677 (nec
984 1591 1065 1651 enim
1091 1592 1128 1652 ad
1152 1588 1326 1651 eundem?

19 1685 26 1706 ⁴
115 1699 185 1738 eum
203 1676 268 1736 istis
287 1676 399 1737 locum
405 1672 616 1760 perierimus)
629 1676 868 1759 perimebantur.
911 1677 999 1737 lta'
973 1698 1001 1736 ιι
1017 1689 1048 1738 te
1067 1690 1196 1758 propter
1211 1676 1297 1735 haec·

116 1761 222 1823 derisit
239 1760 409 1823 Archetion
427 1777 479 1823 aut
482 1763 605 1864 'aliquis
625 1764 718 1839 alius,
733 1777 843 1825 omncs
862 1768 925 1847 agri
902 1763 1003 1837 lasti?
1031 1763 1152 1823 Nam
1126 1785 1154 1822 ιι
1171 1760 1224 1821 illa
1236 1761 1287 1821 --se

108 1848 212 1951 ιιίιιί,
224 1868 301 1928 quae
321 1849 358 1908 de
377 1863 407 1909 te
427 1849 502 1909 socii
521 1850 645 1930 equites
659 1850 826 1925 iactabant,
852 1863 883 1910 et
900 1864 934 1909 ιιι
954 1850 991 1909 de
1009 1862 1040 1907 te
1060 1848 1119 1908 dici
1138 1842 1289 1948 quereba-

115 1933 182 2009 ris,
204 1933 274 2021 iura
288 1933 366 1993 male
384 1934 540 1995 audiebas.
578 1936 691 2001 etenim
710 1949 741 1997 ct
757 1936 827 1996 illos
847 1934 951 1996 ethos
965 1947 1002 1995 et
1019 1944 1114 1994 totam
1133 1932 1289 1996 cirinum

116 2014 235 2080 iniuriis
255 2032 286 2079 et
302 2019 434 2101 probris
440 2019 600 2091 afficiebas.
643 2022 697 2081 Sin
715 2035 745 2082 te
763 2022 825 2081 t'ale
837 2008 933 2081 nihil·
930 2020 1145 2102 designantem
1163 2017 1289 2100 quidam

117 2105 326 2178 confixerunt,
356 2106 392 2165 de
411 2119 441 2164 te
460 2107 661 2181 mentientes,
689 2107 862 2188 reliquique
882 2105 993 2166 milites
1013 2104 1081 2164 illos
1101 2125 1163 2163 non
1180 2102 1289 2164 obiur-

48 2223 52 2232 =
91 2189 245 2274 gabant,
264 2191 317 2251 sed
335 2182 387 2251 tua
404 2190 526 2251 infamia
543 2192 745 2269 laetabantur:
764 2193 958 2273 perspicuum
977 2203 1038 2263 est,
1056 2204 1087 2250 te
1104 2189 1202 2249 visum
1221 2206 1298 2269 esse*

116 2289 244 2358 propter
257 2275 392 2362 reliquae
408 2288 479 2335 tuae
494 2277 574 2337 vitae
590 2263 789 2359 petulantiam
806 2277 881 2338 talia
891 2232 1053 2336 maledicth
1065 2273 1292 2335 commeruisse

117 2361 215 2422 Maius
238 2360 334 2444 igitur
351 2361 461 2421 habere
479 2363 647 2422 modestiae
666 2363 801 2428 studium
817 2370 850 2422 te
859 2363 1037 2443 decuisset,
1057 2372 1128 2419 non
1151 2359 1221 2419 illos
1241 2379 1292 2418 ca-
1297 2374 1300 2379 ’

55 2506 59 2528 ι
118 2447 267 2507 lumniari
291 2449 340 2506 Tu·
357 2450 429 2506 vero'
449 2446 597 2525 minitaris
616 2447 788 2529 omnibus,
794 2449 924 2530 exagitas
942 2468 1066 2519 omnes,
1084 2444 1239 2525 postulas,
1257 2455 1295 2504 ut

118 2531 190 2606 alii,
213 2533 286 2617 quid
304 2546 347 2593 tu
341 2525 448 2606 velis,
474 2533 717 2593 considerentt·
696 2554 790 2615 tpse,
818 2534 891 2613 quid
909 2533 977 2604 sine
994 2531 1142 2591 molestiis
1159 2530 1293 2591 aliorum

117 2619 227 2678 facere
235 2619 343 2705 possis,
355 2639 426 2679 non
443 2619 626 2680 consideras.
644 2622 705 2679 lam
724 2620 808 2700 quod
825 2616 1068 2701 indignissimum
1089 2629 1180 2676 estet
1197 2614 1293 2676 inari-

108 2725 300 2778 ¹mum,u1eo
319 2704 443 2786 quidem
462 2704 593 2795 iudicio,
611 2704 796 2806 petulantiae
815 2704 946 2786 signum,
962 2715 1012 2763 tot
1029 2701 1190 2803 homines,
1199 2721 1218 2760 o
1235 2720 1294 2760 ne-

90 2842 99 2851 .
118 2789 227 2850 larium
246 2788 353 2872 caput,
370 2803 405 2859 tu
424 2790 540 2861 simul
530 2814 562 2850 ιιι
581 2791 731 2852 concione
749 2791 924 2850 accusabas:
943 2790 1026 2868 quod
1041 2788 1113 2868 quis
1132 2787 1219 2846 alius·
1215 2806 1293 2845 ιι-οιι

118 2866 310 2936 horruisset?
354 2880 415 2937 lam
434 2877 559 2939 caeteris
579 2876 782 2936 hominibus
773 2899 804 2935 m
823 2874 969 2935 iudicium
988 2873 1143 2945 adductis,
1161 2871 1305 2943 ludices,

43 2977 65 3017 .’
119 2982 218 3022 unum
235 2975 330 3044 atque
354 2957 482 3031 alterum
507 2964 623 3023 crimen
643 2950 735 3023 obiici
753 2961 860 3035 video,
886 2972 978 3040 atque
996 2959 1064 3018 illis
1075 2959 1149 3019 tales
1167 2978 1294 3017 excusa—

118 3047 219 3108 tiones
239 3048 359 3110 abunde
377 3060 564 3132 suppetere(
590 3050 680 3131 «quis
699 3061 833 3110 vestrum
856 3045 924 3106 talis
940 3065 1038 3116 norae
1056 3044 1133 3104 mihi
1152 3041 1294 3103 conscius

96 3133 186 3193 est?
205 3134 272 3234 quis
291 3149 426 3197 vestrum
443 3137 514 3196 talia
533 3156 581 3196 me
599 3137 698 3196 facere
716 3135 810 3197 vidit?
828 3135 899 3193 Non
915 3131 959 3192 ita
978 3144 1037 3204 est,
1052 3131 1134 3190 sed
1124 3150 1156 3189 sn
1174 3149 1235 3187 me
1229 3125 1295 3186 isti

121 3239 157 3278 ex
175 3218 341 3280 inimicitiis
361 3221 565 3283 mentiuntur·
595 3222 677 3281 salsis
695 3220 878 3295 testimoniis
897 3230 1103 3300 oppugnor»
1100 3214 1231 3275 eteius
1219 3231 1295 3295 ge·
1323 3270 1327 3281 ,

120 3303 201 3364 neris
221 3305 284 3365 alia.
328 3306 381 3366 lsti
400 3328 472 3367 vcro
491 3307 644 3368 contrario
663 3309 756 3368 modo
779 3329 828 3368 res
853 3326 926 3369 sese
937 3303 1058 3363 habent
1101 3304 1181 3360 Vos
1186 3314 1292 3357 omnes
1322 3359 1328 3365 ,

35 3388 96 3446 356
122 3391 203 3449 enim
221 3391 298 3451 scire
315 3390 448 3452 arbitror
465 3414 564 3456 mores
584 3394 649 3454 eius
669 3406 700 3454 et
716 3392 914 3494 petulantiam
928 3391 1069 3470 vitaeque
1088 3384 1296 3453 insolentiam,

48 3535 51 3541 ,
88 3540 90 3545 ,
122 3488 153 3535 et
177 3477 350 3563 iamdudum
375 3479 538 3559 plerosque
563 3479 665 3538 mirari
691 3479 846 3552 existimo,
871 3498 931 3537 cur
936 3475 1113 3577 quaedam,
1133 3490 1210 3553 quae
1234 3465 1297 3548 ipsi

120 3575 254 3635 norunt,
272 3585 353 3625 nunc
372 3585 408 3624 ex
426 3587 473 3625 me
493 3586 557 3627 non
575 3565 734 3626 audierint
768 3564 883 3629 Multos
902 3563 1001 3633 etiam
1010 3559 1130 3620 iniuriis
1150 3565 1294 3616 oneratos

121 3667 177 3706 nec
202 3668 258 3726 pro
283 3643 460 3709 tes'timonio
489 3648 589 3711 dicere
613 3649 692 3709 velle
717 3649 818 3709 omnia
841 3648 948 3748 tideo,
974 3667 1051 3728 quae
1076 3645 1113 3704 ab
1138 3643 1198 3702 isto
1223 3648 1296 3699 sunt

80 3736 84 3741 '
120 3732 275 3814 perpessi,
300 3755 367 3793 eum
394 3735 605 3797 violentiam
596 3735 683 3795 istius
711 3747 741 3794 et
766 3733 1038 3834 importunitatem
1054 3731 1178 3791 videant
1203 3738 1297 3804 atque

46 3824 50 3832 ‘
121 3826 212 3899 d'pes,
230 3841 307 3899 quae
325 3830 482 3919 potentem
503 3833 533 3881 et
551 3821 749 3881 metuendum
768 3819 945 3879 nefarium
936 3831 1028 3879 astum
1047 3815 1192 3876 efficiunt
1219 3810 1301 3873 Nam'

122 3904 205 3984 quod
229 3905 408 3976 auctoritate
435 3907 608 3986 divitiisque
633 3906 752 3987 pollens
777 3904 954 3985 improbus
951 3915 1006 3965 est
1031 3914 1062 3961 et
1084 3899 1226 3982 petulans
1248 3910 1299 3966 eo,

122 3989 208 4068 quasi
232 3990 504 4093 propugnaculum
521 3992 675 4070 quoddam
693 3991 785 4051 habet
803 4002 907 4051 contra
941 3979 1053 4049 ubilos
1058 3978 1260 4047 vindictae
1249 3998 1300 4039 rna

74 4146 77 4153 1
122 4074 227 4134 sultus.
271 4075 375 4135 Sedsr
393 4077 422 4136 ei
438 4099 487 4136 res
506 4076 667 4157 familiaris
679 4076 844 4153 adimatur.
870 4011 999 4134 foriasse
1018 4072 1121 4132 hetin
1138 4069 1300 4167 pos'terbm

85 4178 90 4191 ·
123 4159 308 4236 modestior,
342 4174 510 4245 posteaque
535 4161 662 4222 minoris
688 4161 847 4242 putabitur
872 4181 962 4239 quam
972 4158 1126 4258 ιιιιιιιίιιιιι
1153 4151 1300 4214 minimus

92 4317 100 4327 θ
124 4244 205 4346 apud
222 4267 284 4306 vos.
314 4247 451 4306 ¹Frustra
470 4247 552 4306 enim
571 4245 793 4307 conviciabitur
809 4258 841 4304 et
856 4243 1054 4305 clamitabit:
1064 4258 1090 4304 ιι
1080 4240 1195 4323 quid
1203 4235 1310 4298 adrui

85 4346 96 4386 ι·
124 4331 213 4406 serit,
240 4333 362 4405 eadem,
388 4354 445 4412 qua
465 4345 603 4406 nomm
628 4332 755 4413 aliquis,
782 4351 882 4413 poena
907 4329 1064 4391 afficietur·
1099 4322 1212 4424 Nunc
1221 4331 1304 4404 prise
