2722 4754
216 216 220 222 ·
276 156 976 287 *aurursusuaeaaraeuu
1095 157 1104 174 ‘
1163 180 1255 269 ιιι
1317 171 1321 175 ’

59 352 124 414 illi?
141 351 318 414 Polemonis
336 352 433 428 filius,
450 340 606 434 Hagnias,
617 366 649 413 et
666 352 850 432 Eubulides,
867 350 1080 428 Philomachae
1096 357 1185 419 filius
1195 372 1228 421 et

58 437 211 522 Philagris
235 461 275 499 an
300 439 535 538 Theopompus,
561 434 735 498 Charidemi
759 441 855 516 fliius,
882 443 1004 503 Stratii·
1001 443 1126 524 nepos?
1157 445 1225 527 Ego

60 524 211 598 existimo,
230 523 400 597 ludices,
376 545 401 583 ιι
420 523 543 602 quidem
561 536 593 583 et
610 523 691 585 filius
708 525 806 584 multo
825 527 1019 589 coniunctior
1037 542 1082 588 est
1094 536 1130 590 et
1146 528 1226 608 fidia:

58 631 164 670 rursus
183 631 199 670 c
216 610 284 669 filio
303 622 334 669 et
351 630 368 668 e
382 609 447 668 filia
465 618 579 668 natum
587 609 701 709 fidium,
719 609 789 669 hos
786 620 861 679 esse
880 612 1117 697 coniunctiores,
1135 636 1225 701 ιιιιιιιι

61 697 181 775 nepotis
208 716 230 756 e
249 696 340 755 fratre
357 693 454 753 filium
473 706 504 753 et
522 712 608 766 eum,
634 694 688 774 qui
706 707 752 754 est
769 715 806 755 ex
823 696 880 756 alia
896 692 1015 773 familia
1058 701 1104 760 Ac
1121 693 1225 760 Theo·
1250 746 1254 753 .

60 800 182 862 ιιοιιιιιο
192 781 273 839 fidius
288 781 488 879 ιιιιιιιιιιιιιι,
506 778 676 839 Eubulidae
694 793 811 855 autem,
833 769 1047 851 Philomaehae
1063 784 1144 860 filio,
1162 786 1227 866 qui,
1309 808 1313 819 ¹

60 879 200 946 respectu
219 865 311 966 patris
329 865 479 946 Philagri,
495 863 631 946 Hagniae
648 865 793 944 patruelis
812 865 885 941 fuit,
902 886 980 947 puer
996 866 1046 926 hic
1063 880 1151 930 natus
1169 883 1227 946 est,

62 952 197 1033 Hagniae
215 951 405 1023 coniunctus,
422 961 457 1009 ut
473 949 553 1010 fitius
570 951 714 1030 patruelis
728 951 844 1011 fratris:
861 952 1008 1032 quoniam
1019 951 1228 1030 Philomaehe,
1257 946 1260 950 ¹

61 1049 158 1097 mater
174 1036 362 1135 Ειιιιιιιίιιιιι,
393 1047 424 1094 et
440 1034 583 1108 Polemo,
610 1049 697 1115 pater
713 1036 864 1118 Hagniae,
893 1037 999 1111 fratres
1016 1036 1141 1099 fuerunt
1157 1048 1232 1121 ger-‘

63 1123 144 1182 marri
163 1135 193 1180 et
210 1120 331 1192 uteriui
365 1121 529 1179 Macartato
547 1130 665 1193 autem,
687 1119 752 1180 filio
769 1121 977 1203 Theopompi,
995 1107 1072 1181 nihil
1089 1124 1228 1206 genitum

31 1251 35 1258 .
63 1220 126 1279 est,
145 1206 232 1285 quo'd
247 1206 287 1265 sit
304 1205 335 1275 ιιι
353 1203 464 1263 familia
484 1204 573 1264 huius
592 1217 624 1264 et
640 1203 761 1266 Stratiis
784 1207 870 1287 Quae
888 1228 958 1266 cum
975 1205 1017 1267 ita
1034 1207 1113 1284 sint,
1123 1228 1228 1289 puero

62 1292 134 1351 huic
152 1311 265 1349 nomen
284 1302 331 1349 est
348 1308 384 1348 ex
402 1310 509 1349 eorum
527 1306 674 1363 numero,
692 1310 768 1368 quae
786 1282 904 1372 legibus
922 1291 1081 1393 iubentur,
1106 1306 1137 1353 et
1154 1314 1228 1373 qua-

18 1422 21 1427 ·
62 1386 152 1437 tenus
177 1375 227 1435 lex
248 1374 506 1473 propinquitatem
532 1374 654 1433 extendi
663 1371 782 1433 iubet:-
799 1375 976 1435 consobrini
994 1375 1074 1437 enim
1092 1377 1229 1465 Hagniae

61 1461 216 1524 filiustest.
247 1461 337 1518 Pater
361 1459 443 1517 enim
470 1457 550 1530 eius,
575 1457 759 1532 Eubutides,
786 1459 989 1520 consobrinus
1006 1461 1065 1522 fuit
1082 1460 1230 1545 Hagniae,
1288 1484 1292 1489 ·

64 1546 151 1608 cuius
177 1557 224 1604 est
247 1544 406 1603 hereditas
438 1541 484 1602 At
499 1538 736 1624 Theopompus,
761 1557 848 1629 pater
864 1545 1034 1620 Macartati,
1058 1546 1228 1619 nullum
1200 1568 1229 1608 er

23 1655 28 1662 ·
63 1651 177 1690 nomeu
195 1630 268 1710 lege.
287 1629 435 1688 sancitum
459 1627 616 1708 imponere
642 1629 807 1727 potuisset:
832 1651 868 1689 ex
890 1629 946 1689 alia
973 1625 1054 1691 enim
1071 1632 1130 1692 fuit
1147 1631 1230 1692 Stra·
1318 1687 1322 1695 .

61 1717 144 1776 tiana
162 1712 283 1774 familia.
324 1714 433 1793 Neque
449 1734 523 1772 vero
542 1712 702 1787 convenit,
715 1711 863 1793 ludices,
887 1726 924 1773 ut
938 1714 1100 1807 quisquam
1119 1730 1233 1777 morta

66 1802 157 1899 lium,
177 1798 229 1879 qui
247 1799 286 1858 sit
305 1819 341 1858 er
358 1798 414 1857 alia
430 1781 529 1857 samri‘
515 1820 556 1870 a,
574 1797 710 1880 Hagniae
726 1783 926 1861 hereditatem
938 1794 1067 1876 habeat,
1085 1801 1158 1862 dum
1176 1802 1232 1862 ιιι-

66 1885 134 1984 ιιιιὶε
153 1882 364 1964 superfuerit
354 1905 386 1941 m
405 1884 565 1966 Hagniana
579 1881 691 1943 familia
708 1895 815 1969 natus,
834 1897 894 1944 aut
913 1884 941 1944 vi
959 1894 1142 1986 quemquam
1155 1887 1232 1954 inde

66 1969 183 2029 eiiciat:
218 1969 249 2028 id
267 1968 378 2047 quod
369 1968 419 2027 rsti
437 1980 547 2050 agunt,
565 1978 643 2026 eum
661 1964 723 2027 sint
733 1977 773 2027 et-
782 1984 914 2067 genere
905 1970 1101 2030 remotiores
1119 1983 1154 2030 et
1168 1992 1233 2031 non

65 2054 110 2113 in
110 2054 221 2111 eadem
244 2053 364 2112 familia.
398 2053 466 2112 Hoc
493 2052 572 2112 enim
587 2051 679 2111 iilud
686 2063 749 2126 est,
774 2052 908 2126 ludices,
922 2073 987 2154 quo
1005 2054 1235 2137 Theopompus,

64 2138 232 2199 Macartati
238 2151 339 2236 pater,
361 2136 464 2196 fucum
484 2133 637 2196 iudicibus
652 2135 749 2196 fecit·
767 2134 929 2213 qunam
914 2139 1015 2220 agitur
1030 2151 1160 2212 restant,
1179 2141 1233 2219 qui

65 2222 164 2283 adhue
182 2222 244 2281 siut
262 2221 293 2279 in
311 2221 448 2302 Hagniae
465 2220 597 2281 familia?
624 2217 845 2295 Philomache,
854 2239 954 2281 uxor
950 2242 1038 2295 mea,
1061 2222 1233 2301 Eubulidae

64 2320 168 2369 autem
186 2306 258 2377 filia,
275 2305 420 2385 patruelis
438 2305 591 2387 Hagniae,
614 2305 712 2365 ethic
730 2326 816 2386 puer,
833 2304 1025 2367 introductus
1042 2294 1149 2368 iilius
1140 2330 1172 2367 an
1190 2311 1235 2369 sa·
1257 2317 1318 2399 166

66 2386 184 2454 ιιιίιίιιιι
199 2390 419 2450 Eubulidaeam
438 2404 468 2451 et
486 2391 681 2475 Hagnianam.
708 2390 926 2492 Theopompus
943 2405 1061 2465 autem,
1079 2388 1292 2454 Macar-tati

67 2491 168 2559 pater,
188 2492 268 2536 'cum
276 2497 312 2536 ex
329 2476 466 2558 Hagniae
483 2475 595 2535 familia
613 2495 676 2535 non
695 2488 784 2550 esset,
802 2476 920 2558 ingenti
937 2477 1097 2537 mendacio
1112 2478 1237 2561 decepit
1303 2548 1305 2554 ¹

28 2610 32 2615 -
69 2562 194 2635 iudices,
214 2574 244 2620 et
262 2562 300 2620 de
314 2560 719 2632 Ph1lomacha,Polemoms
734 2581 858 2635 sorore
875 2561 965 2621 amrta
978 2562 1137 2644 Hagnrae,
1144 2580 1235 2642 quam
1283 2575 1288 2585 '

70 2660 244 2735 negaret
215 2667 280 2705 esse
298 2645 486 2718 Polemonis,
504 2645 640 2727 Hagniae
654 2644 725 2719 filii,
742 2666 915 2733 germanam
933 2659 965 2706 et
981 2648 1132 2707 uterinam
1150 2668 1239 2708 soro-

70 2755 152 2806 rem,
171 2744 202 2791 et
219 2725 341 2804 rursuS,
360 2754 428 2817 cum
446 2730 588 2804 iactaret,
612 2752 644 2790 se
662 2751 728 2790 esse
747 2727 883 2813 Hagniae
903 2731 1079 2832 gentilem,
1084 2733 1138 2812 qui
1155 2754 1263 2813 nun-1x

72 2839 161 2898 quam
186 2816 251 2876 suit
287 2810 388 2876 Haec
392 2836 467 2876 vero
491 2815 710 2916 Theopompus
732 2827 838 2876 secure
863 2815 965 2876 omnia
991 2816 1124 2877 dicebat:
1150 2818 1238 2879 nullo

62 2903 195 2984 quidem
214 2913 292 2961 teste
310 2901 463 2976 adhibito,
482 2922 536 2979 qm
527 2899 671 2960 ''nobis
662 2922 693 2960 ιιι
711 2897 826 2960 iudicio
843 2901 993 2961 rationem
1010 2902 1167 2994 redderet,
1184 2903 1239 2962 sed
1295 2939 1303 2967 .-

63 2989 158 3068 'quod
176 3005 357 3046 assensores
368 2985 498 3045 habebat
515 2984 626 3058 socios,
644 2986 697 3066 qui
714 2999 833 3047 mutuas
848 2984 1054 3047 tradebant
1023 3008 1129 3069 operas
1146 3000 1238 3066 atque

71 3075 148 3134 adeo
179 3071 334 3132 communi
362 3071 490 3131 consilio
518 3066 649 3152 agebant
677 3071 803 3151 omnia,
823 3083 859 3130 ιιι
883 3071 1035 3152 eriperent
1059 3094 1076 3132 a
1101 3073 1240 3148 muliere,
1304 3078 1315 3086 “

28 3224 33 3233 ,
72 3154 165 3219 huius
188 3157 276 3238 pueri
300 3169 411 3228 matre,
436 3155 652 3245 hereditatem,
676 3177 769 3235 quam
796 3155 828 3223 ei
843 3176 897 3216 vos
915 3154 1123 3217 decreveratis.
1151 3158 1239 3221 Volo

55 3243 178 3326 igitur,
195 3241 329 3313 ludices,
348 3262 479 3340 eorum,
490 3240 567 3319 quae
586 3239 663 3313 dixi,
681 3241 760 3321 apud
779 3240 833 3300 vos
848 3240 1023 3302 testimonie
1041 3242 1188 3322 proferre,
1204 3254 1241 3302 ut

72 3340 210 3401 constet,
244 3324 409 3406 primum
404 3325 529 3385 evicisse
556 3323 754 3384 hereditatem
780 3326 915 3406 Hagniae
940 3326 1111 3386 Eubulidae
1137 3327 1240 3400 filiam,

72 3412 315 3484 Philomacham,
341 3431 453 3493 genere
471 3408 655 3491 proximam:
687 3423 758 3491 post
775 3410 813 3470 de
832 3411 956 3471 caeteris
975 3409 1136 3486 omnihus,
1158 3413 1240 3492 tege

72 3498 290 3559 testimonium.
864 3512 869 3525 ’

411 3611 864 3699 ἰιιιιιιιοιιιιιιι

158 3755 332 3824 Testantur,
350 3770 383 3810 se
398 3749 520 3809 affuisse
534 3750 613 3829 apud
628 3749 783 3824 arbitrum,
800 3748 997 3831 Nicophemo
1006 3761 1159 3829 praetore,
1172 3768 1242 3808 eum

75 3838 201 3915 evicerit
219 3834 434 3938 Philomaehe,
466 3833 636 3894 Eubulidae
653 3836 733 3909 filia,
767 3835 965 3896 hereditatem
984 3835 1120 3918 Hagniae
1138 3846 1243 3894 eontra

76 3947 200 3997 omnes,
222 3924 275 4004 qui
294 3921 322 3980 ei
340 3919 577 3981 controversiam
594 3919 788 3981 faciehant

38 4022 41 4029 ’
97 4071 100 4074 ,
160 4010 207 4070 Ac
225 4007 351 4068 evicisse
368 4002 611 4078 Philonehchaau,
639 4005 809 4075 Eubulidae
826 3994 955 4079 ιιιῑιιιι,
954 4003 1162 4064 hereditatem
1181 4005 1243 4063 Ha-

76 4095 184 4178 gniae,
210 4092 355 4164 audistis,
378 4091 504 4159 ludices.
538 4089 637 4153 Evicit
654 4102 754 4151 autem
781 4091 880 4151 nullo
891 4090 1033 4171 improbo
1057 4101 1168 4150 conatu
1192 4099 1245 4149 aut

77 4180 305 4241 coniuratione:
330 4177 384 4238 sed
403 4199 470 4237 cum
490 4198 563 4248 nos,
581 4198 671 4255 quam
689 4176 783 4236 fieri
774 4177 937 4239 iustissime
955 4188 1075 4258 potest,
1093 4170 1245 4235 ostendis-

77 4287 195 4366 semus,
222 4286 287 4324 eam
312 4285 377 4324 esse
401 4280 531 4346 genere
539 4261 716 4342 proximam·
723 4260 879 4365 Hagniae,
904 4262 989 4325 cuius
1014 4273 1060 4320 est
1082 4259 1246 4331 hereditas,

78 4351 193 4434 quippe
210 4370 287 4432 quae
305 4349 355 4411 sit
362 4347 507 4430 patruelis
524 4346 586 4407 tilia
610 4359 642 4408 et
664 4368 681 4408 e
698 4342 810 4410 tanitta
827 4347 1000 4432 Ηιιιιίιιι.Ι
997 4344 1053 4405 si
1065 4347 1274 4408 attenuent
