2722 4754
403 118 570 235 ruo
585 119 899 185 nnonuroun
1085 160 1089 211 :
1192 82 1298 235 ιιιξ

55 281 235 351 rogatote.
270 263 336 332 Nec
359 273 451 333 enirn
464 273 540 336 illud
559 265 666 352 dicet,
681 295 716 334 ea
741 276 915 337 testamenti
939 297 1005 353 esse
1027 288 1107 351 rata,
1126 272 1261 365 quibus,

60 368 213 435 &sictone
230 371 327 438 patre,
344 358 454 419 melior
471 379 524 417 sua
543 358 583 418 sit
600 358 746 432 conditio,
765 374 881 422 caetera
898 361 989 423 irrita
1010 359 1087 424 Cum
1104 379 1180 424 vero
1196 349 1255 423 hu
1326 431 1330 436 ,

65 445 136 502 ius
149 464 184 500 se
203 441 479 540 pollicitationibus
498 444 670 524 deceptum
677 465 742 505 esse
761 446 874 504 dicet:
884 447 1099 522 memineritis,
1124 469 1181 513 nos
1199 464 1255 514 ιο,

69 525 128 586 bis
148 516 345 607 produxisse
351 540 445 589 testes
464 539 533 602 ¹eos,
559 529 629 608 qui,
647 550 715 588 cum
733 528 804 588 huic
822 529 935 590 iamdiu
953 533 1029 592 nihil
1046 555 1116 593 cum
1133 534 1193 594 isto
1211 533 1257 602 rei
1282 536 1321 592 96

73 624 165 672 esset
184 614 333 717 amplius,
351 613 416 673 ab
406 613 471 674 rstis
491 626 522 672 et
539 634 672 674 mensam
691 627 722 674 et
740 613 892 674 officinam
912 599 1129 679 conduxerunt.
1158 616 1310 697 Atqui
1303 632 1312 642 ‘

77 709 167 768 tum,
187 720 256 758 cum
277 706 325 758 e‘as
343 698 403 757 illis
421 698 581 784 locavit,
572 712 642 768 rsta
647 719 663 758 e
681 698 811 780 vestigio
830 698 908 759 dicta
927 720 993 759 esse
1012 703 1165 781 oportuit,
1183 723 1256 783 pro-

43 794 152 864 pter
170 783 280 868 quae,
286 805 320 842 re
338 797 403 842 tum
422 774 587 855 transacta,
605 805 687 849 nnnc
706 804 734 843 er
725 783 837 843 litem
854 797 965 854 movet.
996 785 1045 844 Ac
1062 799 1098 845 ut
1114 808 1162 849 me
1181 783 1260 848 haec

57 887 155 932 vere
182 854 285 928 dicere
307 881 447 967 constet,
475 881 506 928 et
531 888 600 928 enm
625 861 831 951 praerogativa
858 869 964 930 aetatis
987 860 1076 933 aedes
1101 891 1137 930 ex
1163 882 1255 932 testa·
1312 925 1317 935 .

83 965 192 1013 mento
212 953 382 1034 accepisse,
406 964 438 1011 et
455 951 537 1012 hunc
555 954 631 1014 adeo
650 974 713 1014 non
732 950 853 1014 duxisse
871 955 1089 1028 accusindum,
1112 967 1148 1014 ιιι
1165 956 1257 1016 etiam

84 1037 247 1111 laudarit,
257 1059 332 1140 cape
347 1036 589 1101 testimonium.
1311 1034 1314 1039 ’

396 1238 399 1246 q
471 1179 876 1237 ιιιιιΜοιιυΜ
951 1196 1027 1252 ,ι

175 1297 217 1354 Ut
235 1304 335 1354 autem
353 1289 472 1366 sciatis,
498 1291 720 1373 Athenienses,
751 1307 861 1373 quanta
878 1293 1008 1379 pecunie
1026 1307 1057 1355 et
1075 1311 1123 1354 ex
1117 1283 1256 1355 locatio-
1302 1290 1306 1294 ’

87 1380 181 1440 nibus
206 1392 237 1438 et
257 1398 293 1436 ex
311 1396 379 1435 aere
398 1375 497 1436 alieno
515 1377 662 1439 redacta
652 1378 787 1458 mopiam
805 1401 889 1441 suam
915 1391 946 1438 et
968 1379 1062 1438 totius
1068 1372 1293 1494 patrimonii

88 1466 235 1525 iacturam
253 1462 451 1526 lamentetur:
480 1462 646 1532 auscultate
664 1462 775 1543 paucis
818 1465 878 1524 Iste
897 1461 973 1522 aeris
992 1463 1084 1523 aliem
1102 1463 1195 1543 simul
1210 1476 1256 1524 ta·-

88 1550 171 1609 lenta
165 1542 299 1630 viginti
316 1545 435 1627 redegit
453 1568 489 1606 ex
505 1546 634 1619 tabulis,
670 1569 743 1627 quas
760 1560 846 1628 pater
864 1547 941 1607 eius
946 1547 1103 1630 reliquit,
1125 1569 1255 1627 quorum
1340 1594 1344 1603 .

88 1633 216 1694 dimidio
235 1632 303 1713 plus
321 1630 429 1689 habet·
446 1631 549 1690 multis
568 1631 648 1692 enim
667 1632 802 1711 partibus
819 1633 942 1692 fratrem
959 1633 1092 1695 fraudat.
1112 1632 1256 1693 elocutio-

88 1717 184 1794 nibus
201 1730 299 1777 antem
319 1728 389 1774 octo
408 1735 574 1786 annorum,
593 1715 859 1794 quibusPhormio
879 1724 1013 1778 mensam
1032 1717 1153 1792 habuit,
1170 1730 1273 1785 octo·
1325 1757 1330 1769 ι

91 1824 186 1904 genas
203 1801 307 1873 minas,
325 1799 483 1858 semissem
499 1800 592 1858 ιοιίιιι
601 1799 785 1861 locationis.
809 1815 839 1861 et
856 1801 930 1862 haec
948 1814 1020 1862 sunt
1038 1804 1142 1877 decem
1159 1802 1283 1862 talen-
1336 1843 1337 1846 ι

43 1905 66 1963 ᾗ
88 1900 122 1946 ta
140 1891 170 1947 et
188 1884 412 1967 quadraginta
401 1883 517 1943 minae:
554 1884 734 1944 decennium
753 1907 824 1945 vero
842 1899 927 1965 post,
952 1907 1012 1985 quo
1032 1887 1173 1970 Xenoni,
1194 1888 1298 1947 Eri-»¹

64 1970 223 2059 phrase,
240 1967 402 2050 Euphroni
421 1981 452 2027 et
471 1965 657 2028 Callistrato
648 1965 787 2043 locavit,
814 1971 977 2070 quotannis
996 1964 1151 2039 talentum.
1197 1973 1257 2028 lam

52 2123 55 2129 Ι
87 2069 212 2136 praeter
224 2055 328 2114 haece
345 2053 515 2117 domibus
505 2052 594 2114 initio
613 2051 767 2113 distributi
783 2054 968 2153 patrimonii,
987 2054 1098 2132 quod
1088 2074 1153 2134 rpse
1173 2076 1272 2113 cura

88 2141 159 2213 bat,
183 2141 319 2214 reditus,
344 2139 472 2218 amplius
490 2138 620 2197 tricenas
633 2138 741 2200 *minas
775 2137 925 2212 Quodsi
916 2159 957 2204 ιιι
966 2148 1112 2207 summam
1129 2138 1257 2218 redege-

87 2226 164 2287 ritis,
177 2225 299 2298 omnia,
329 2245 405 2322 quae
425 2235 456 2283 et
474 2244 490 2287 e
510 2222 659 2285 divisione
679 2235 710 2283 et
726 2222 848 2282 redacto
868 2242 937 2281 aere
954 2222 1054 2280 alieno
1075 2233 1105 2279 et
1124 2241 1159 2280 ex
1175 2221 1271 2281 loca„
1326 2218 1333 2223 ’

45 2322 51 2326 ’
87 2309 227 2370 tionibus
246 2310 378 2408 aceepit:
414 2329 484 2368 enm
510 2307 638 2387 amplius
662 2307 859 2388 quadraginta
885 2305 998 2366 talenta
1015 2304 1165 2385 accepisse
1184 2326 1258 2365 con·
1334 2299 1338 2307 ’

77 2380 209 2477 stabit,
216 2395 350 2474 exceptis
370 2393 424 2466 iis,
443 2413 520 2472 quae
540 2392 634 2451 hic
607 2412 635 2450 er
654 2391 792 2464 donavit,
812 2405 843 2451 et
859 2390 1002 2454 maternis
1022 2387 1131 2469 opibus
1150 2403 1181 2448 et
1198 2389 1291 2448 illis

89 2493 225 2560 quatuor
248 2479 369 2546 talentis
394 2500 463 2539 cum
483 2475 608 2536 dimidio
628 2488 659 2535 et
676 2475 824 2536 sexcentis
844 2473 1017 2546 drachmis,
1038 2494 1114 2551 quae
1138 2484 1267 2563 accepta
1319 2523 1327 2528 .

80 2565 129 2624 ‚de
149 2585 251 2627 mensa
270 2585 333 2622 non
352 2563 460 2622 reddit
495 2561 538 2620 ht
555 2560 629 2619 haec
646 2558 856 2638 respublica,
847 2558 983 2637 inquiet,
1001 2557 1132 2636 accepit,
1151 2570 1182 2616 et
1198 2556 1257 2617 ini·
1298 2590 1302 2600 ‹

57 2672 63 2688 ι
92 2662 152 2729 que
170 2670 288 2708 mecum
307 2661 407 2707 actum
426 2657 492 2718 est,
500 2667 553 2743 qur
545 2643 691 2703 '‘mult'a
683 2666 714 2702 ιιι
732 2641 950 2722 rempublicam
969 2640 1171 2714 contulerim?
1193 2643 1258 2700 lmo

69 2782 71 2786 ⁷
95 2752 181 2815 quae
190 2730 381 2811 reipublicae
406 2728 598 2810 praestitisti,
625 2747 659 2788 ea
672 2729 711 2803 de
730 2726 884 2786 communi
907 2724 1036 2805 pecunia
1061 2739 1094 2785 tu
1114 2738 1146 2784 et·
1166 2725 1260 2785 frater
1325 2740 1331 2746 ’

92 2810 301 2915 impendistis:
328 2837 405 2894 qnae
423 2834 496 2874 vero
515 2808 770 2884 deinde,tantum
789 2811 883 2883 abest,
900 2823 936 2883 ιιι
953 2810 1096 2869 duorum
1100 2805 1259 2884 talentum,

89 2914 126 2961 nt
144 2921 184 2960 nc
200 2900 311 3001 viginti
330 2900 452 2979 quidem
471 2897 620 2957 minarum
640 2897 785 2956 reditum
790 2906 927 2994 aequent
961 2894 1034 2953 Ne
1025 2894 1120 2976 igitur
1136 2915 1259 2976 rempu-
1299 2891 1303 2898 ’

90 2985 200 3045 blicam
220 2985 397 3044 criminare:
423 3005 497 3058 nec,
525 3003 601 3061 quae
625 2995 677 3041 tu
685 2983 722 3040 de
743 2979 930 3061 patrimonio
953 2976 1107 3064 flagitiose
1133 2991 1164 3038 ct
1182 2979 1259 3039 male

89 3069 295 3170 perdidisti,
286 3089 421 3149 impensa
440 3087 506 3126 esse
525 3065 618 3125 dicito
635 3065 831 3164 reipublicae
853 3066 895 3122 Ut
909 3075 1010 3122 autem
1028 3063 1145 3136 sciatis,
1162 3061 1259 3123 Athe.
1306 3083 1307 3086 ’

50 3153 57 3161 ’
88 3154 234 3227 irienses,
261 3168 292 3213 et
317 3152 542 3218 multitudinem
568 3150 783 3230 pecuniarum,
811 3171 883 3229 quas
909 3147 1041 3228 accepit,
1067 3159 1098 3208 et
1116 3170 1260 3246 munera,

80 3237 170 3318 'quae
188 3239 276 3311 obiit,
294 3238 481 3320 singulatim
484 3235 571 3296 vobis
588 3234 636 3294 hic
653 3233 774 3293 libellus
791 3234 919 3315 legetur,
937 3245 969 3291 et
983 3232 1160 3314 provocatio
1177 3232 1269 3352 haec,
1291 3262 1296 3265 ·
1330 3251 1341 3270 ’-

57 3333 124 3414 -ιέι
142 3323 216 3383 haec
234 3323 418 3383 testimonia.

192 3515 200 3520 ,
247 3464 462 3518 assuctus
499 3456 789 3547 rnorocnrso
831 3457 1121 3554 ιιιιιιιιιιιιιι.Ι
1162 3514 1164 3531 ,
1269 3450 1329 3513 ‘97

160 3578 334 3637 Tantam
325 3577 419 3659 igitur
434 3574 625 3657 pecuniam
619 3597 688 3635 cum
711 3559 878 3654 acceperit,
904 3586 936 3632 et
953 3571 1080 3654 nomina
1095 3565 1303 3633 multorum

88 3635 242 3729 talentirm
260 3662 360 3725 adhuc
378 3662 503 3735 haheat,
522 3681 653 3740 quornm
672 3658 728 3720 alia
747 3681 761 3718 a
781 3659 966 3719 volentibus
973 3656 1084 3738 exigit,
1107 3655 1163 3715 alia
1180 3655 1261 3715 iudi

39 3744 143 3815 chio
168 3759 347 3825 extorquet,
372 3766 464 3825 quae,
491 3758 580 3806 extra
596 3766 719 3804 mensae
741 3744 924 3804 locationem
949 3756 979 3803 et
1003 3754 1133 3802 caeteras
1153 3761 1225 3821 opes
1245 3763 1259 3800 a

49 3839 54 3843 ⁴
91 3830 227 3913 Pasione
243 3830 381 3903 relictas,
410 3831 438 3891 ei
457 3829 662 3903 debebantur,
690 3849 831 3909 quaeque
848 3833 928 3891 nunc
934 3827 1010 3887 ad'
1001 3839 1075 3886 rstos
1094 3825 1279 3908 redierunt„
1332 3833 1338 3846 ‘

92 3935 226 3994 cumque
245 3915 385 3974 tantillos
398 3928 514 3975 sumtus
533 3915 654 3987 lecerit,
688 3915 850 3993 quantulus
868 3933 923 3974 vos
941 3910 1115 4012 audivistis,
1146 3931 1185 3970 ne
1203 3909 1260 3985 rni-
1297 3939 1300 3943 Δ

40 4019 57 4028 “
92 3999 175 4058 ιιίιιιι
194 4001 318 4080 quidem
335 4000 489 4059 redituum
507 4013 602 4080 parte,
613 3999 731 4059 nedum
751 4013 833 4064 sorte
851 3998 927 4096 ipsa,
947 3998 978 4056 in
996 3995 1118 4096 publica
1136 4014 1261 4062 munere

93 4083 248 4164 impensa:
274 4097 374 4143 tamen
393 4084 587 4165 gloriabitur,
607 4098 637 4143 et
654 4084 870 4156 instructiones
884 4082 1059 4142 triremium
1077 4093 1108 4140 et
1125 4078 1261 4140 aedilita-

94 4181 139 4226 tes
166 4167 297 4228 iactabit.
337 4169 403 4250 Ego
430 4190 502 4228 vero
528 4189 561 4227 ea
585 4169 660 4228 salso
693 4169 845 4229 dicturum
871 4166 1001 4226 ostendi.
1033 4168 1145 4241 Quae
1144 4165 1170 4224 si
1191 4183 1262 4223 vera
1302 4238 1311 4248 ⁹

39 4333 41 4336 Ι
95 4266 198 4318 essent
224 4252 342 4325 omnia,
369 4252 528 4312 honestius
551 4265 652 4324 tamen
678 4267 708 4312 et
729 4251 855 4324 iustius,
881 4251 1016 4331 opinor,
1034 4250 1146 4320 suerit,
1170 4245 1261 4308 istum

963 4344 1059 4410 29
