2722 4754
46 178 71 228 ²
122 183 203 268 ιιι
272 243 307 293 .·
427 174 1025 321 nuuosrnnnrsonArro
1072 166 1168 295 ’,ᾖ
1239 201 1246 254 ³

30 413 42 434 ,
77 360 86 374 ‘
140 375 177 448 ut
193 363 351 446 Philippus
369 290 488 444 proelio
507 363 609 424 victor
623 378 709 426 esset
734 366 808 428 Eius
828 366 908 427 enirn
926 390 972 430 rer
964 368 1085 429 tinis'
1075 390 1109 427 ιιι
1126 365 1186 428 Dei
1201 364 1357 427 'volun-

58 462 85 485 ·“
140 461 223 522 tate,
249 471 317 510 non
331 457 424 528 penes
443 468 491 507 me
509 446 576 510 suit
618 451 680 511 Sed
698 473 746 512 me
764 474 829 512 ιιοιι
847 454 967 550 emnia,
993 475 1069 533 quae
1088 453 1223 513 humano
1239 470 1345 533 ·-ιιιιι

59 555 63 559 ·
141 534 238 597 videri
264 534 393 607 consilio
417 549 563 615 possent,
574 536 805 631 exquisivisse,
839 543 896 599 nec
923 561 957 599 ca
982 551 1065 599 recte
1092 551 1123 600 et
1149 537 1319 621 diligenter

49 643 60 651 “
131 621 259 703 egisse,
286 632 318 680 et
334 619 483 680 industria
501 610 638 696 maio're,
652 644 741 701 quam
761 644 828 724 pro
836 624 966 697 viribus,
992 639 1126 685 autnon
1132 623 1317 705 praeclaras

139 727 204 767 ιιι
201 718 246 765 et
264 727 280 765 e
298 705 446 805 dignitate
469 706 688 788 reipublicae
679 710 852 769 rnstituisse
872 723 903 770 et
920 711 1117 779 necessarias:
1134 709 1218 768 haec
1236 706 1344 766 mihi'

141 813 211 853 curn
230 791 419 866 ostenderis,
436 804 501 851 tum
521 792 642 880 demum
660 807 816 855 accusato.
851 794 906 854 Sin
924 807 1024 855 autern
1043 797 1180 857 delatum
1194 793 1322 853 fulmen

57 908 60 912 ¹
140 891 193 938 aut
216 889 377 958 tempestas
404 866 469 936 nb'n
493 862 594 938 modo
612 879 713 952 vobis,
738 881 804 940 sed
817 880 960 951 omnibus
976 881 1074 954 etiarn
1100 880 1165 940 aliis
1186 878 1316 942 Graecis

71 983 73 987 ’
140 963 238 1025 maror
255 963 328 1023 lurt
355 963 429 1041 quid
444 972 511 1023 erat
528 964 721 1025 sacrendumP
757 966 888 1026 Perinde
907 965 939 1041 id
958 934 1080 1047 qhidem
1099 967 1207 1039 suerit,
1235 960 1329 1024 acsi*

85 1049 209 1150 ‘quis
224 1040 460 1121 navicularium,
486 1072 539 1128 qur
530 1049 774 1111 incolumitatis
793 1073 881 1111 causa
906 1036 1028 1112 fecisset
1047 1053 1147 1111 omnia
1179 1062 1210 1110 et
1227 1048 1315 1109 navi-

73 1134 228 1218 giam
242 1133 333 1214 rebus
353 1133 496 1193 omnibus
520 1135 715 1209 adornasset,
742 1158 815 1217 quas
842 1137 878 1196 ad
903 1137 967 1197 eius
987 1137 1251 1204 conservationem
1269 1135 1313 1194 la-

96 1246 99 1251 ·
140 1241 209 1282 cere
234 1199 397 1301 putabat,
405 1232 511 1299 postea
535 1232 714 1318 tempestate
737 1221 962 1296 conflictatum,
993 1236 1023 1282 et
1045 1217 1259 1292 fatiscentibus
1282 1196 1314 1279 ei

87 1305 301 1394 aliquibus
317 1302 526 1366 instrumentis
552 1319 605 1366 aut
600 1314 746 1388 prorsus
766 1307 855 1368 etiam
872 1308 1065 1379 tonsractis,
1076 1306 1229 1389 naufragii
1253 1305 1313 1366 cri-

87 1380 281 1452 minetur.
315 1389 360 1450 At
376 1410 476 1471 neque
495 1378 662 1474 gubernavi
675 1415 805 1466 ·,navem
823 1394 958 1472 inquiet,
977 1393 1246 1473 quemadmodum
1254 1410 1312 1450 nec

57 1488 60 1497 ’
140 1486 201 1560 ego
218 1477 383 1536 exercitum
391 1476 489 1536 duxi:
521 1498 622 1558 neque
634 1479 781 1539 fortunae
796 1437 845 1539 lui
863 1480 1020 1579 dominus,
1047 1481 1101 1539 scd
1117 1479 1179 1538 illa
1188 1476 1312 1537 domina
1327 1520 1350 1551 .-

140 1577 187 1623 est
204 1563 348 1622 omnium.
382 1563 442 1620 lam
459 1563 537 1623 illud
556 1565 715 1624 considera
734 1566 867 1637 etvide,
884 1587 910 1623 ιι
901 1564 1033 1638 nobis,
990 1563 1204 1624 iThebanis
1223 1562 1311 1622 adiu
1303 1572 1347 1660 ἰ,

86 1647 303 1721 toribus,
294 1669 319 1706 rs
338 1647 448 1730 proelii
467 1649 563 1711 exitus
583 1650 614 1708 in
633 1650 702 1709 fatis
720 1650 793 1709 fuit:
810 1607 886 1751 quid
905 1650 1012 1711 luisset
1031 1650 1267 1730 expectandum,
1286 1646 1313 1706 si

139 1755 196 1807 nec
213 1733 283 1792 illos
302 1733 422 1806 socios,
441 1735 494 1792 sed
513 1745 591 1794 c'urn
601 1734 742 1816 Philippo
762 1737 961 1808 coniunctos,
979 1736 1166 1826 adversarios
1179 1732 1311 1792 habuis-
1333 1774 1343 1784 ·

138 1818 262 1887 semus?
279 1815 406 1902 (quade
417 1840 452 1879 re
469 1819 544 1898 quid
560 1832 625 1879 tum
643 1821 694 1880 ille
712 1842 776 1903 non
795 1820 910 1904 dixitP)
924 1835 963 1894 et,
981 1812 1014 1880 si
1018 1825 1111 1895 nunc,
1129 1822 1198 1880 cum
1216 1817 1314 1879 tridui

138 1905 251 1965 itinere
267 1903 420 2004 proelium
437 1903 474 1964 ab
492 1905 594 1968 Attica
613 1907 808 1966 commissum
826 1906 936 1980 suerit,
953 1918 1071 1966 tantum
1090 1905 1270 1991 periculum
1281 1916 1314 1965 et

100 2002 240 2053 terror
259 1989 373 2050 civitati
398 1988 537 2052 incessit:
562 1991 646 2071 quid,
664 1993 789 2053 sicubi
777 2015 812 2051 ιιι
831 2013 908 2075 agro
931 2005 1037 2052 nostro
1058 2013 1098 2050 ea
1111 1988 1211 2052 clades
1231 1988 1312 2048 acci-

72 2076 244 2150 disset,
262 2075 321 2134 fuit
340 2076 577 2155 expectandum?
600 2077 757 2178 Numquid
775 2078 895 2158 putatis
893 2078 1042 2137 futurum
1060 2076 1165 2150 fuisse,
1182 2087 1220 2135 ut
1210 2056 1313 2135 lice-

116 2173 188 2229 ret
204 2161 299 2221 nobis
314 2161 478 2221 etiamnum
496 2170 592 2237 stare,
610 2164 774 2224 convenire
782 2163 978 2248 ,respirare't‘
995 2160 1126 2223 Multum
1143 2182 1225 2221 unus
1244 2160 1312 2219 dies

59 2251 61 2255 ’
139 2259 171 2308 et
189 2247 251 2317 duo
271 2259 302 2307 et
318 2259 379 2306 tres
397 2247 583 2329 reipublicae
601 2250 808 2333 contulerunt
815 2251 859 2309 ad
871 2248 1007 2338 salutern.
1043 2250 1128 2308 Turn
1147 2230 1250 2310 autem
1268 2279 1313 2291 -

130 2333 193 2393 'sed
212 2332 296 2392 dictu
313 2333 438 2414 indigna
456 2347 529 2394 sunt
546 2356 598 2409 ea,
623 2349 757 2414 quaene
785 2332 1003 2416 experiremur,
1030 2334 1164 2394 numinis
1182 2330 1314 2391 alicuius

69 2418 74 2429 ’
136 2417 327 2500 benignitate
351 2418 464 2479 facturn
488 2433 534 2480 est
559 2434 589 2480 et
609 2421 735 2482 obiectu
760 2420 913 2483 societatis
940 2420 1048 2493 huius,
1085 2440 1186 2500 quam
1199 2431 1237 2478 tu
1260 2437 1314 2476 ac·-

138 2524 232 2564 cusas.
266 2503 350 2564 Haec
375 2516 476 2572 a'utem
503 2505 604 2577 omnia
621 2506 732 2568 advos
754 2506 907 2589 pertinere
925 2505 1016 2582 volo,
1051 2505 1188 2578 ludices,
1224 2502 1313 2563 etad

111 2588 383 2651 circumstantem
400 2588 474 2650 foris
494 2612 639 2652 coronam
659 2605 690 2652 et
705 2592 893 2652 audientem:
925 2613 994 2651 narn
1019 2591 1083 2650 ad'
1073 2603 1167 2650 istum
1185 2588 1313 2671 quidem

41 2690 47 2706 ⁸
129 2672 329 2753 inquinatum
354 2675 509 2737 hominem
538 2677 636 2738 brevis
656 2692 687 2739 et
706 2679 867 2759 perspicua
892 2677 963 2738 satis
988 2688 1069 2735 esset
1086 2675 1191 2736 oratio.
1230 2672 1340 2732 Nam'

90 2800 92 2804 ·
138 2782 164 2818 ιι
155 2759 239 2819 tibi
257 2761 408 2842 explorata
426 2762 551 2822 suerunt
568 2763 685 2837 futura,
710 2763 881 2838 Aeschine,
904 2762 980 2836 soli,
996 2783 1065 2822 cum
1084 2759 1253 2846 respublica
1272 2758 1312 2816 de

137 2843 174 2904 iis
202 2845 406 2921 deliberabat,
441 2861 506 2913 tum
524 2849 733 2949 'praedicenda
757 2846 897 2909 luerunt:
934 2848 981 2908 sin
1007 2847 1086 2907 haud
1109 2842 1311 2942 praesciebas,

138 2929 273 2994 eiusdem
290 2953 360 2992 reus
381 2954 411 2993 es
430 2933 568 2994 inscitiae
587 2956 656 2994 curn
675 2935 747 3011 aliis
783 2932 874 2994 Gur
864 2935 959 3036 igitur
977 2933 1016 2993 ob
1036 2954 1070 2992 ea
1087 2945 1123 2992 tu
1140 2953 1190 2991 me
1213 2927 1311 3011 magis

105 3028 276 3115 accusas,
301 3032 391 3098 quam
410 3041 467 3102 ego
484 3020 539 3080 te?
563 3022 662 3081 Tanto
688 3023 768 3091 enim
793 3041 850 3104 ego
875 3021 907 3080 in
931 3020 968 3079 iis
985 3018 1064 3099 ipsis
1089 3031 1120 3078 te
1139 3013 1294 3077 melior
1267 3035 1314 3073 cr·

136 3100 181 3183 vis
207 3103 270 3176 fui,
306 3126 384 3183 quae
410 3105 479 3165 dico
504 3103 519 3188 (
527 3108 702 3186 nequedum
728 3108 766 3168 de
792 3106 864 3166 aliis
885 3103 1038 3188 dissero),
1072 3123 1144 3184 quo
1163 3101 1311 3162 maiorem
1338 3176 1341 3181 .

136 3206 194 3268 ego
222 3188 331 3250 navavl
354 3210 476 3270 operam
503 3191 536 3250 in
562 3192 599 3253 iis
623 3193 733 3266 rebus,
760 3213 838 3273 quae
863 3191 1006 3252 omnibus
1031 3189 1214 3251 videbantur
1237 3206 1310 3267 pro-

83 3322 86 3341 ,.
135 3271 275 3347 futurae,
314 3275 428 3336 nullius
459 3278 570 3359 privati
600 3279 747 3364 periculi
762 3292 847 3339 metu
881 3290 933 3337 aut
966 3289 1107 3358 respectu
1137 3273 1308 3335 deterritus
1333 3306 1337 3310 ·

135 3359 184 3418 Tu
202 3382 274 3421 vero
293 3382 395 3440 neque
394 3359 469 3437 alia
487 3362 534 3422 his
560 3357 686 3424 meliora
712 3365 832 3428 dicebas
858 3359 988 3446 (alioqui
1011 3361 1087 3422 meis
1111 3375 1175 3420 non
1192 3357 1240 3418 usi
1259 3377 1307 3415 es-

49 3436 53 3458 *
135 3458 205 3505 sent
223 3444 391 3529 consiliis),
425 3470 526 3530 neque
545 3451 582 3510 ad
600 3449 702 3510 haec
693 3472 757 3531 rpsa
777 3449 968 3548 exsequenda
987 3448 1150 3527 quicquam
1167 3440 1310 3517 utilitatis

136 3544 167 3591 et
184 3532 279 3591 studii
298 3533 492 3633 conferebas:
519 3536 572 3595 sed
592 3536 675 3616 quod
693 3535 787 3596 homo
806 3533 1011 3615 nequissimus
1029 3533 1138 3592 feccrit
1156 3542 1187 3590 et
1204 3527 1309 3608 reipu-

51 3613 111 3672 188
134 3615 258 3677 blicae
249 3617 492 3694 rnimicissimus,
510 3621 554 3681 id
557 3617 675 3681 fecisti:
678 3634 773 3701 post
791 3633 932 3682 eventum
950 3619 1106 3718 prodiistis
1133 3630 1167 3676 et
1182 3612 1311 3674 simulac

134 3702 302 3767 Aristratus
325 3705 406 3765 Naxi
433 3720 465 3767 et
489 3706 660 3766 Aristolaus
685 3707 797 3779 Thasi,
832 3718 961 3766 nostrae
981 3704 1105 3763 urbis
1096 3696 1312 3770 inimicissimi,

38 3863 42 3878 1
133 3786 372 3860 Atheniensium
390 3792 503 3853 amicos
521 3792 642 3853 indiciis
662 3805 780 3866 verant,
799 3792 888 3852 etiarn
906 3789 1038 3851 Athenis
1056 3780 1228 3849 Aeschrhes
1246 3785 1311 3843 De-

117 3875 327 3936 mosthenem
346 3891 471 3938 accusat.
507 3881 623 3938 Verum
641 3879 691 3937 cui
710 3878 897 3938 Graecorum
916 3875 1099 3962 calamitates
1118 3874 1155 3933 ad
1174 3868 1314 3952 nominis

36 3972 38 3975 ’
122 3959 342 4022 ιιιιιιιίιιιιιιι
368 3976 400 4025 et
425 3963 659 4025 exsultationem
685 3964 941 4034 reservabantur,
978 3981 1047 4020 eum
1073 3957 1201 4038 aequius
1229 3965 1314 4016 essct

133 4047 234 4126 ipsum
252 4046 401 4122 int'ersrci,
426 4070 515 4130 quam
534 4049 610 4109 alios
628 4056 785 4150 ycu'sare:
811 4063 841 4108 et
860 4070 909 4107 cur
900 4047 1035 4107 ’eadem
1048 4058 1207 4145 tempora,
1231 4061 1312 4122 quae

110 4130 319 4212 ‘reipublicae
345 4133 529 4209 hostibus,
525 4134 772 4216 prosuerunt,
763 4156 788 4194 rs
816 4135 915 4193 bonus
943 4153 1008 4192 esse
1035 4130 1108 4191 civis
1136 4141 1167 4188 et
1193 4126 1312 4215 patriae

134 4237 236 4276 amans
255 4217 336 4279 haud
354 4235 474 4301 potesta
496 4220 588 4301 idque
615 4220 747 4280 declarat
772 4231 802 4278 et
825 4219 886 4280 vita
908 4232 960 4278 tua
979 4231 1010 4277 et
1026 4215 1103 4276 facta
1123 4227 1154 4272 et
1172 4226 1239 4273 acta
1257 4225 1314 4271 tua

37 4320 41 4333 ⁸
133 4302 167 4363 in
184 4305 341 4384 republica
363 4318 399 4366 et
417 4325 482 4369 non
505 4311 576 4367 acta
620 4305 733 4388 Agitur
757 4304 896 4405 aliquid,
917 4305 1000 4385 quod
1025 4323 1041 4361 e
1064 4323 1097 4361 re
1121 4314 1224 4360 vestra
1243 4299 1315 4357 fore

17 4443 23 4463 ,
49 4462 52 4467 ,
89 4406 139 4475 ι’
135 4388 293 4453 videatur.P
318 4393 422 4454 Mutus
440 4391 618 4453 Aeschines.
650 4391 722 4451 Nou
741 4389 900 4461 successit
897 4388 1019 4470 aliquid
1038 4401 1069 4449 et
1087 4406 1184 4448 secus
1195 4365 1316 4473 evenit,

922 4521 932 4548 t
1003 4528 1006 4531 '
1089 4533 1093 4539 ⁴
