2722 4754
153 169 220 243 ⁵44,
375 112 1025 271 -ιιιΜιιιιιιιιιιιοιιιιο

51 307 76 385 ,Ι
153 333 185 383 et
203 323 246 381 eis
264 333 291 380 ι’
297 339 345 378 rue
358 261 591 398 denuntiatum,
609 292 709 383 statim
726 318 913 399 recepissent
920 316 965 399 p),
983 317 1090 379 harum
1106 339 1209 405 rerum
1228 322 1315 435 testi-

68 427 77 432 ·
144 406 255 466 *monia
268 403 358 511 vobis
375 392 616 498 recitabuntur.
655 467 658 470 ‚

555 550 943 599 TESTIMONIA

72 722 76 727 ¹
238 640 315 716 Cum
334 663 450 727 autem,
474 666 670 739 posteaquam
690 655 732 715 'eis
757 656 981 731 denuntiatam,
999 652 1136 731 ludices,
1161 670 1198 718 ut
1216 679 1319 732 anum,

137 797 139 801 ι
156 763 244 840 quam
263 738 338 800 male
354 739 547 811 mulctatam,
563 737 699 804 adductis
714 741 836 801 medicis
852 754 1000 815 curarent,
1018 763 1082 801 rem
1098 743 1318 823 neglexerunt:

30 869 39 880 .
62 885 66 895 ,
143 829 212 908 ‘ego
232 826 295 906 ipse
310 824 481 895 medicum,
500 841 561 902 quo
578 812 687 882 multos
703 845 797 886 annos
818 827 932 885 fueram
943 849 1038 900 usus,
1056 827 1109 905 qui
1124 849 1190 887 eam
1209 849 1319 908 aegro-

44 981 45 987 ,
153 923 267 975 tantem
287 922 417 981 curaret,
443 906 598 979 arcessivi,
623 907 728 986 eique,
752 910 981 970 utillaaflecta
1000 923 1097 989 esset,
1115 912 1247 989 testibus
1266 913 1331 984 ιιι-Ι

102 991 105 996 ’
154 995 252 1055 ductis
272 986 399 1054 ostendi.
419 993 459 1048 Ε
478 1013 550 1070 quo
558 1013 625 1051 cum
644 993 803 1066 audissem,
822 984 964 1076 graviter
971 1013 1041 1058 eam
1053 954 1192 1064 laborare
1212 1018 1247 1055 ac
1266 997 1319 1055 de-

153 1081 280 1160 plorata
288 1099 352 1137 esse
369 1077 558 1136 valetudine:
584 1099 687 1136 rursus
698 1077 770 1138 aliis
788 1079 918 1139 testibus
935 1079 1096 1154 adhibitis,
1122 1081 1165 1140 eis
1180 1081 1320 1154 ostendi,

112 1193 114 1198 s
153 1177 190 1223 ut
206 1164 311 1223 assecta
331 1176 426 1233 esset,
445 1173 477 1219 et
492 1161 557 1220 istis
567 1162 768 1236 denuntiavi,
785 1177 821 1223 ιιι
839 1169 903 1222 eaor
921 1177 1083 1225 curarent.
1103 1165 1197 1227 Sexto
1217 1179 1338 1226 autem.

51 1219 152 1309 234
138 1249 214 1322 die,
232 1248 391 1343 postquam
404 1246 454 1315 isti
470 1245 502 1305 in
520 1223 637 1304 aedes
628 1267 755 1327 mgressr
747 1247 902 1320 fuerant,
921 1248 998 1308 obiit
1015 1249 1119 1308 ιιιιιιίιι
1137 1271 1212 1308 mea.
1232 1251 1319 1325 Quae

71 1408 77 1417 β
153 1345 189 1393 ut
206 1354 275 1394 vera
294 1352 359 1392 esse
378 1343 506 1403 constet,
512 1327 697 1398 testimonia
714 1331 801 1430 vobis
818 1332 1057 1393 recitabuntur.
1097 1376 1102 1388 .

466 1454 958 1559 .ἰιιιιΜὸιιι
976 1483 982 1496 ’
1077 1542 1081 1555 ¹

239 1583 293 1643 Ea
287 1548 451 1657 defuncta,
468 1582 692 1660 iureconsultos
710 1582 784 1656 adii,
798 1597 833 1644 ut
851 1548 1078 1667 cognoscerem,
1097 1585 1185 1685 quid
1190 1605 1222 1646 ea
1240 1583 1318 1658 mihi

154 1672 242 1735 dere
261 1669 432 1756 faciendum
451 1679 545 1741 esset,
568 1680 606 1727 et
618 1664 670 1731 eis
680 1687 801 1727 omnem
818 1688 883 1731 rem
900 1684 1015 1754 gestam
1031 1669 1179 1769 exposui,
1200 1670 1315 1736 adven-

115 1822 124 1829 *
152 1765 218 1816 tum
231 1749 370 1814 istorum
382 1765 424 1814 et
430 1713 672 1817 benevdlentiam
688 1752 843 1844 mulieris,
877 1765 911 1815 et'
933 1769 968 1816 ut
986 1777 1051 1816 eam
1069 1756 1102 1814 ιιι
1120 1754 1250 1823 aedibus
1260 1754 1315 1814 ba-

153 1841 297 1913 buissem,
315 1853 359 1913 et
362 1852 397 1899 ut
413 1850 538 1919 propter
555 1835 711 1920 cymbium
724 1849 879 1899 retentum
893 1840 1036 1925 obiisset.
1044 1841 1101 1898 His
1115 1838 1325 1917 iureconsulti,

152 1925 264 1991 auditis
282 1938 330 1984 me
354 1924 596 2004 interrogarunt,
626 1934 769 1985 utrumne
794 1923 869 1983 mihi
887 1921 1008 1985 denne
1025 1923 1175 1985 duntaxat
1188 1943 1317 2003 respon·
1338 1917 1342 1923 ’

154 2011 245 2083 deri,
253 2032 290 2070 au
308 2009 398 2068 etiam
416 2007 577 2069 consillum
596 2005 661 2066 dari
675 2007 803 2067 vellem?
828 2008 1118 2090 Merrespondente,
1134 2021 1319 2088 utrumque:

153 2095 286 2155 Proinde
303 2093 410 2159 tibiet
427 2094 464 2153 de
482 2093 547 2151 iure
556 2090 744 2169 ‚inquiam
758 2094 1027 2172 respondebimus,
1052 2107 1082 2154 et
1099 2093 1186 2154 utilia
1204 2114 1319 2153 consu-

137 2181 258 2253 tlemus
292 2177 436 2250 Primum,
453 2189 489 2235 ut
507 2175 538 2237 in
557 2175 714 2235 efferendo
726 2175 840 2236 funere
855 2177 973 2247 bustam
991 2174 1148 2253 adhibeas,
1163 2190 1194 2237 et
1210 2178 1250 2237 'ad
1270 2194 1318 2236 se-

151 2265 291 2346 pulcrum
308 2260 539 2342 proclames,
515 2283 541 2319 ει
560 2259 627 2340 quis
646 2260 674 2320 ei
693 2260 732 2319 sit
749 2275 911 2342 cognatus:
935 2263 1064 2337 deinde,
1089 2275 1126 2322 ut
1141 2263 1318 2342 sepulcrum

57 2338 68 2351 ⁴
152 2351 189 2409 ad
207 2347 341 2410 triduum
360 2345 520 2406 custodias
544 2345 627 2404 Haec
644 2344 702 2404 tibi
719 2346 890 2419 suademus,
909 2348 1059 2425 quando
1050 2369 1114 2429 rpse
1131 2367 1196 2406 non
1212 2344 1318 2405 adfui-

151 2434 209 2505 sti,
234 2431 288 2491 sed
300 2444 382 2490 uxor
407 2431 550 2489 duntaxat
568 2442 599 2489 et
621 2428 710 2488 liberi
727 2429 792 2502 tui,
816 2431 935 2527 aliique
954 2445 1055 2503 testes
1064 2431 1121 2492 tibi
1142 2452 1207 2490 non
1226 2442 1318 2490 sunt:

75 2548 79 2557 ·
153 2518 188 2578 ut
213 2516 365 2593 neminem
391 2514 569 2573 nominatim
596 2512 686 2586 cites,
712 2513 772 2573 sed
783 2528 884 2581 sontes
904 2516 1178 2577 etinterfcctores:
1204 2514 1315 2574 deinde

58 2606 66 2611 ’
117 2607 137 2644 ,·
153 2603 190 2662 ad
208 2614 367 2682 regemne
386 2598 514 2657 deseras.
544 2598 652 2676 Neque
671 2597 751 2656 enim
768 2598 799 2664 id
817 2599 885 2680 lege
902 2599 960 2660 tibi
977 2601 1060 2674 licet,
1077 2622 1146 2661 cum
1166 2621 1182 2659 e
1200 2599 1316 2698 tuqsa.

117 2686 240 2750 ,milia
244 2701 315 2744 uon
332 2682 426 2742 fuerit
442 2703 476 2741 ea
499 2681 622 2755 mulier,
647 2703 746 2760 neque
770 2684 942 2757 aneilla,
917 2707 943 2743 ιι
961 2685 1002 2745 ita
1020 2698 1083 2758 est,
1102 2695 1144 2745 ut
1160 2697 1196 2743 tu
1221 2682 1311 2758 dreis:
1332 2700 1337 2705 “

151 2772 234 2852 leges
253 2781 352 2829 autem
369 2766 505 2848 cognatis
524 2778 554 2825 et
571 2766 700 2825 dominis
717 2766 866 2827 actionem
885 2769 964 2828 dant
992 2768 1169 2829 Proinde
1145 2790 1170 2828 ιι
1189 2768 1227 2828 ad
1244 2767 1312 2826 Pal-

153 2855 292 2915 ladium
284 2852 390 2912 tuearis
409 2851 484 2931 ipse,
502 2871 588 2928 uror,
606 2850 714 2924 liberi,
733 2865 764 2910 et
781 2872 835 2910 vos
854 2852 1056 2952 familiamque
1074 2866 1205 2925 vestram
1224 2853 1311 2913 devo-

151 2940 285 3010 veritis,
295 2935 397 2995 multi
402 2948 433 2995 et
450 2935 534 3015 peius
554 2936 591 2994 de
609 2946 640 2994 te
665 2893 896 3010 existimabunt,
924 2950 971 3011 et,
993 2961 1019 2997 st
1010 2938 1083 2997 illi
1108 2938 1310 3013 absolventur,
1339 2949 1343 2956 '

122 3015 303 3109 ’Ῐιιιιιιίιιειε
318 3033 348 3081 te
352 3016 532 3100 putabunt:
556 3019 602 3079 sin
620 3040 688 3079 reos
707 3018 876 3102 peregeris,
903 3020 1014 3083 invidia
1032 3035 1063 3082 te
1083 3021 1230 3094 onerabis
1264 3025 1309 3081 Tu

80 3153 85 3157 -
152 3129 244 3181 vero,
269 3106 344 3165 lacta
360 3117 394 3162 ct
410 3125 465 3182 pro
484 3116 514 3162 te
534 3116 580 3163 et
575 3124 637 3184 pro
664 3104 776 3175 familia
802 3105 990 3184 expiatione,
1016 3129 1120 3206 quam
1131 3106 1310 3186 aequissimo

116 3194 253 3276 *animo
235 3151 583 3249 serto‘calamttatem:
607 3187 679 3247 alibi
688 3201 816 3261 autem,
840 3189 938 3248 sicubi
955 3191 1085 3262 voles,
1076 3191 1219 3250 iniuriam
1237 3190 1312 3250 ulci-

152 3272 251 3338 sceris.
286 3274 341 3332 His
361 3290 418 3353 ego
437 3293 472 3331 ex
489 3271 704 3332 iureconsultis
722 3273 842 3346 auditis,
862 3274 1056 3356 etinspectis.
1070 3275 1219 3335 Draconis
1238 3275 1312 3356 legi-

54 3349 96 3411 s
150 3361 258 3421 busin
274 3359 344 3438 prla,
362 3379 431 3416 cum
449 3356 551 3416 amicis
570 3356 781 3429 deliberabam,
798 3357 941 3436 quidnam
961 3373 1041 3419 esset
1057 3361 1215 3442 agendum
1252 3360 1313 3434 Qui

83 3451 85 3455 ’
153 3468 220 3506 cum
238 3444 417 3514 suaderent,
435 3453 470 3500 ut
479 3454 519 3508 et
537 3462 588 3513 ea,
607 3462 682 3520 quae
699 3443 737 3501 ad
756 3442 958 3526 expiationem
977 3444 1098 3504 aedium
1115 3444 1312 3525 pertinerent,

120 3600 125 3605 ,
153 3543 187 3591 et
207 3542 341 3590 caetera·
354 3527 503 3598 facerem,
539 3546 616 3606 quae
654 3525 854 3586 iureconsulti
887 3526 961 3587 mibi
993 3529 1242 3608 respondissent,
1275 3529 1312 3588 ita

150 3615 225 3674 feci:
257 3613 293 3671 iis
318 3632 390 3671 vero
416 3611 453 3669 de
479 3611 587 3686 rebus,
619 3611 794 3689 quaemihi
820 3632 912 3690 porro
937 3613 1055 3694 legibus
1083 3635 1149 3673 non
1168 3612 1311 3689 licebant,

54 3772 56 3774 Ι
121 3727 133 3738 -·
152 3698 260 3782 quievi
288 3696 384 3755 Iubet
402 3694 482 3754 enim
501 3695 565 3792 ιιι,
593 3694 727 3768 ludices,
756 3697 930 3777 utcognati
955 3698 1061 3757 caedes
1080 3711 1312 3779 persequantur,

150 3805 248 3884 usque
266 3783 316 3841 ad
321 3779 476 3839 sobriuos:
495 3793 525 3838 et
542 3778 575 3837 in
592 3779 787 3839 iureiurando
806 3794 936 3881 cavetur,
955 3782 1123 3855 debere,
1097 3805 1123 3842 sa
1143 3783 1192 3842 vel
1211 3802 1309 3842 servos

62 3886 65 3890 “
151 3869 191 3928 art
207 3865 348 3928 mtersec
336 3877 423 3937 us,
413 3863 469 3922 hos
488 3864 610 3922 eosdem
629 3865 750 3925 caedem
769 3867 923 3965 persequi.
929 3866 1031 3926 Mrhr
1041 3888 1121 3926 vero
1142 3889 1244 3947 neque
1261 3887 1310 3948 ge
1340 3867 1344 3879 '

131 3974 222 4036 xnere
248 3951 409 4031 quiequam
440 3940 606 4023 coniuncta
627 3961 692 4008 erat
715 3950 839 4049 mulier,
865 3950 924 4010 nisi
948 3965 1095 4029 quatenus
1122 3953 1227 4036 nutrix
1249 3971 1312 4011 mea

149 4037 262 4110 fuerat,
287 4055 388 4113 neque
409 4033 497 4091 etiam
516 4019 637 4106 ancilla:
662 4035 843 4094 manumissa
867 4035 947 4094 enim
964 4057 980 4095 a
996 4045 1082 4116 patre
1109 4033 1179 4096 meo
1197 4036 1309 4113 fuerat,

68 4127 129 4182 235
152 4134 182 4180 et
199 4121 327 4183 seorsim
344 4117 510 4189 habitarat,
520 4131 554 4177 et
568 4117 707 4178 maritum
726 4117 878 4179 babuerat
897 4119 1021 4193 Mentiri
1038 4133 1141 4181 autem
1160 4122 1244 4202 apud
1258 4139 1306 4218 vqs
1327 4117 1353 4138 ’“

91 4202 99 4210 ’
152 4218 183 4264 et
198 4205 263 4284 ipse
282 4205 351 4263 loco
370 4202 426 4261 filii
444 4214 475 4260 et
496 4203 599 4262 uxoris
624 4203 754 4276 iurare,
767 4225 830 4263 ιιοιι
848 4225 937 4265 ausus
965 4225 1076 4278 essem,
1102 4219 1224 4268 netum
1244 4202 1305 4302 qui-

89 4289 278 4362 ·dem„·'
254 4311 280 4349 ιι
299 4298 381 4349 oerto
400 4285 538 4397 scissem,
556 4308 603 4349 me
622 4286 696 4360 istos
714 4301 907 4390 peracturum
924 4309 989 4351 esse
1007 4309 1093 4351 reos:
1110 4310 1214 4414 neque
1231 4288 1303 4383 eninr
