2722 4754
116 136 301 241 ΙΤΤΤ
303 134 309 141 ’
359 170 363 176 ’
418 172 782 242 ΤΤΤΤΤΤΤΤΤΤΤΤΤ
824 160 1066 245 ΤΤΤΤΤΤΤ

150 301 268 390 delerri
281 342 312 390 et
328 329 360 387 in
379 349 529 390 carcerem
542 328 664 404 abduci.
685 309 779 391 Sed
769 315 863 410 ipsam
880 330 983 411 potius
1000 333 1101 414 legem
1120 331 1226 407 recita,
1246 355 1318 413 quae

149 415 180 476 id
200 416 296 475 multo
316 413 498 489 evidentius,
516 437 605 502 quam
625 435 692 498 ego,
712 415 843 477 docebit

675 567 789 627 nex.⁴
872 539 875 544 ’

233 667 373 769 Auditis,
405 669 545 742 ludices,
577 669 660 752 leges
686 669 759 749 quid
786 670 1034 732 calumniatorem
1060 671 1147 731 luere
1172 671 1319 734 iubeant?

110 767 111 779 ¹
149 754 295 828 Quare
270 777 310 815 st
315 754 389 834 quid
408 775 532 828 eorum,
552 776 628 834 quae
647 755 678 814 in
696 755 900 817 indicatione
894 758 1053 817 Miconem
1071 757 1182 816 iecisse
1201 757 1319 855 scripsit

146 839 343 914 'sheocrines,
361 840 450 912 fecit,
468 839 693 921 praevaricatus
707 853 765 912 est,
784 862 910 920 remque
929 863 997 901 cum
1017 863 1053 901 eo
1068 837 1239 924 transegit.
1265 864 1317 902 vo-

147 923 194 983 bis
222 924 363 985 omnibus
387 924 491 985 facit'
482 924 639 996 iniuriam,
672 925 842 1004 meritoque
868 927 951 986 mille
976 926 1125 987 drachmis
1149 927 1317 987 mulctatur.

20 1076 26 1087 .
93 1085 96 1090 ἴ
147 1010 202 1068 Sin
221 1031 268 1084 eo,
287 1014 349 1090 quo
368 1006 509 1082 decebat,
527 1009 685 1090 navigante
702 1010 819 1093 (utrum
839 1009 919 1070 enim
938 1012 994 1071 iste
1011 1012 1096 1071 volet
1103 1010 1281 1093 ,largiar)
1272 1033 1316 1071 ΤΤΤ-

148 1095 228 1155 dicat
246 1109 278 1155 et
294 1094 419 1155 arcesstt
447 1108 477 1154 et
503 1095 702 1154 calumniatur
726 1095 941 1155 navicularios:
966 1096 1065 1196 legem
1092 1119 1156 1155 non
1185 1117 1250 1155 eam
1268 1117 1315 1154 so

146 1182 226 1252 lum,
246 1193 322 1260 quae
340 1179 442 1259 prius,
461 1181 514 1238 sed
533 1178 659 1245 hauet
629 1200 644 1238 e
646 1179 734 1252 tiam,
754 1202 831 1259 quae
849 1183 941 1241 modo
959 1194 1082 1241 recitata
1103 1195 1168 1253 est,
1186 1181 1315 1255 violavit,

147 1279 178 1327 et
195 1287 251 1324 suo
277 1265 343 1345 ipse
368 1263 545 1324 testimonio
573 1265 778 1338 confirmavit,
805 1287 837 1325 se
855 1267 919 1325 sani
945 1266 1107 1346 quicquam
1134 1287 1194 1325 nec
1219 1287 1314 1347 agere,

144 1372 202 1410 nee
220 1351 328 1411 dicere
363 1349 441 1423 Quis
460 1348 540 1407 enim
560 1371 666 1408 causae
693 1351 828 1410 bonitate
843 1343 947 1410 fretus
972 1352 1120 1432 pecuniae
1147 1363 1263 1431 partem
1281 1373 1314 1412 ex

57 1442 60 1450 '
122 1437 213 1520 lege
231 1435 367 1514 accipere
385 1434 489 1504 nolit,
497 1446 564 1505 aut,
583 1456 615 1494 re
627 1448 792 1507 transacta,
809 1457 934 1515 parvum
953 1437 1097 1497 lucellum
1117 1437 1213 1508 malit,
1230 1458 1312 1517 prae-

56 1519 62 1563 Ϊ
146 1521 250 1595 sertim
268 1519 387 1601 legibus
408 1539 471 1577 eam
491 1519 531 1577 ob
550 1540 613 1577 rem
633 1541 746 1599 poenas
765 1521 906 1597 daturus,
926 1542 992 1581 cum
1012 1523 1129 1593 liceret,
1149 1522 1233 1611 quod
1252 1543 1312 1581 mo-

62 1608 122 1669 346
143 1608 186 1666 do
206 1604 358 1676 dicebam,
377 1603 532 1663 semissem
550 1602 747 1664 iudicatarum
766 1616 866 1665 rerum
886 1607 1042 1686 accipere?
1077 1607 1178 1665 Nemo
1188 1628 1311 1680 ,nemo,

80 1763 82 1766 ι
144 1691 294 1769 inquam,
313 1687 447 1760 ludices,
474 1688 577 1767 quise
597 1689 844 1750 calumniatorem
862 1711 952 1773 agere
970 1712 1034 1750 non
1052 1696 1245 1778 compertum
1262 1692 1311 1751 ha-

65 1849 71 1858 Ι
89 1838 94 1844 ,
144 1775 237 1837 beret
254 1773 366 1834 Duae
356 1773 452 1854 igitur
469 1773 525 1841 hae
543 1773 626 1854 leges
645 1788 725 1848 sunt,
745 1797 818 1854 quas
835 1777 904 1848 iste,
921 1771 1101 1837 violatarum
1120 1778 1223 1858 legum
1242 1776 1312 1835 alios

144 1880 213 1920 reos
229 1880 321 1960 agere
340 1858 468 1932 solitus,
486 1858 619 1945 violavit
655 1860 771 1919 Restat
769 1874 809 1921 et
826 1863 932 1934 ΤΤΤΤίΤ,
951 1883 1028 1941 quae
1047 1883 1145 1940 aeque
1165 1860 1266 1932 iubet,
1286 1875 1313 1922 et

77 1989 80 1994 -
144 1945 283 2005 aerarios
293 1967 309 2004 a
327 1943 435 2034 quovis
460 1940 571 2003 civium
599 1942 727 2018 deserti,
752 1946 825 2004 etsi
844 1947 911 2026 quis
930 1947 1084 2006 Minervae
1111 1947 1239 2025 debeat,
1264 1959 1312 2005 aut

144 2043 333 2091 caeterorum
352 2029 478 2088 deorum
497 2041 549 2088 aut
576 2028 703 2091 heroum
723 2030 830 2089 alicui
854 2032 974 2091 Debere
993 2045 1094 2091 autem
1114 2032 1173 2091 iste
1193 2051 1310 2110 compe.
1332 2089 1344 2098 ,

143 2117 255 2188 rietur,
284 2127 315 2176 et
332 2135 396 2174 non
414 2113 550 2174 solvisse
570 2113 777 2196 septingentas
803 2116 976 2189 drachmas,
1003 2117 1127 2195 quasin
1130 2116 1309 2175 referendis

143 2201 313 2263 rationibus
333 2220 370 2258 ex
386 2199 497 2258 mulcta
516 2199 623 2279 debuit
639 2221 722 2260 suae
729 2199 827 2260 tribus
846 2201 939 2260 heroi.
964 2201 1043 2284 Age,
1061 2201 1166 2262 hanc
1157 2223 1252 2282 ipsam
1270 2200 1310 2259 le-

120 2333 123 2337 *
144 2286 189 2415 gis
208 2299 352 2368 partem
342 2282 443 2343 recita.
1092 2304 1099 2316 ‘

291 2494 294 2500 1
673 2420 785 2480 nux.

227 2539 348 2600 Desine.
351 2492 482 2637 Audis,
492 2495 567 2601 haec
579 2539 655 2620 quid
670 2539 771 2603 dicata
787 2539 820 2599 Si
836 2505 1095 2602 heroumalicui?
1105 2541 1211 2642 Recita
1224 2539 1306 2599 etiam

142 2605 300 2686 tribulium
317 2623 536 2684 testimonium

459 2830 462 2834 ¹
494 2735 933 2851 ΤΤΤΤΤΤΤΤΤΤΤΤΤ

214 2834 379 2940 Curabit
370 2892 428 2940 rste
444 2879 528 2939 scrlu
531 2890 570 2952 et,
588 2842 717 2952 ludices,
733 2900 846 2960 paucos
865 2879 1015 2955 homiues,
1033 2895 1086 2940 aut
1102 2902 1167 2954 eos,
1185 2880 1238 2959 qui
1250 2902 1306 2940 ma·
1344 2910 1347 2920 ·

141 2965 251 3036 ximam
269 2964 373 3023 aetatis
391 2976 507 3045 partem
526 2963 711 3064 navigando,
730 2977 765 3024 ut
783 2965 896 3039 ΜίΤοΤΤ,
915 2978 1109 3066 consumunt,
1127 2988 1198 3026 cum
1215 2966 1304 3024 trihu-

43 3055 67 3087 ’“
86 3052 110 3085 ²'
141 3050 185 3109 les
204 3070 275 3109 suos
294 3063 467 3129 praesentes
486 3070 544 3108 nec
544 3049 723 3128 metuerit,
750 3048 806 3108 nec
831 3047 979 3117 reveritus
1005 3051 1050 3110 sit
1086 3052 1165 3110 Nam
1185 3064 1216 3109 et
1230 3072 1304 3110 rem

140 3133 299 3215 publicam
318 3155 436 3197 eorum
442 3136 483 3199 itt
507 3133 661 3221 tractavit,
683 3147 721 3193 ut
738 3135 900 3214 peculatus
910 3157 983 3195 eum
1008 3136 1254 3195 condemnarint:
1278 3146 1306 3194 et

79 3288 81 3292 μ
140 3231 212 3299 post
230 3219 533 3291 condemnationem,
561 3219 696 3298 quamvis
714 3220 785 3281 satis
805 3219 894 3292 sciat,
910 3221 1022 3302 legum
1039 3221 1205 3280 interdicto
1223 3241 1255 3282 se
1271 3219 1305 3278 ab

140 3304 309 3363 accusando
328 3304 489 3378 removeri,
507 3305 605 3363 donec
622 3305 764 3363 mulctam
782 3304 962 3377 ΤοΙΤΤΤίΤ,’
934 3328 995 3365 vim
1010 3319 1113 3365 tamen
1132 3305 1205 3378 facit
1221 3319 1304 3384 atque

85 3390 90 3401 ‘
141 3382 306 3462 existimat,
334 3402 469 3449 caeteros
495 3389 618 3489 quidem
642 3389 772 3448 aerarios
800 3390 884 3448 omui
902 3412 1028 3451 munere
1054 3390 1181 3471 publico
1189 3389 1306 3482 depelli

49 3538 53 3546 ,
142 3486 301 3554 oportere,
325 3495 357 3533 se
376 3490 450 3536 vero
460 3459 661 3554 superiorem
674 3496 739 3534 esse
758 3474 886 3557 legibus.
911 3476 1038 3547 Dicet,
1053 3498 1160 3547 avum,
1187 3466 1305 3547 house,

107 3567 112 3579 '
141 3580 207 3619 esse
225 3558 256 3619 iu
274 3557 408 3619 tabulam
425 3561 571 3631 relatum,
597 3560 683 3620 etde
703 3559 762 3619 hoc
780 3560 874 3618 multa
898 3560 988 3620 verba
1006 3561 1113 3634 saciet,
1138 3561 1227 3619 illum
1246 3579 1305 3619 esse

140 3642 296 3707 aerarium.
331 3644 398 3728 Ego'
416 3663 490 3703 vero
508 3655 577 3722 uter
594 3643 644 3716 sir,
662 3657 746 3704 certo
765 3644 943 3704 confirmare
962 3667 1025 3704 uon
1043 3667 1189 3726 possum:
1206 3646 1260 3705 sed
1275 3656 1307 3703 ut

140 3729 184 3791 ita
200 3729 251 3802 sit,
267 3741 303 3788 ut
315 3730 376 3789 ‘iste
393 3729 480 3800 dicit,
497 3728 594 3788 multo
611 3728 720 3789 iustius
739 3729 856 3788 avohis
867 3731 1139 3803 condemnabitur,
1157 3732 1184 3789 si
1203 3751 1252 3789 res
1269 3729 1306 3788 ita

140 3835 174 3876 se
191 3814 307 3880 habet.
324 3815 401 3873 Nam
416 3812 445 3873 si
463 3813 595 3872 aerarius
622 3814 686 3874 eius
711 3836 782 3874 avus
809 3813 975 3888 tuitolim,
1002 3830 1033 3875 et
1049 3816 1098 3875 lex
1116 3817 1200 3875 illius
1220 3817 1306 3874 istun

139 3899 339 3959 hereditatem
358 3919 464 3978 capere
483 3897 586 3971 iubet,
604 3911 694 3979 atque
712 3899 794 3980 ipse,
812 3921 880 3958 cum
900 3899 928 3957 ei
946 3922 1003 3959 nec
1022 3901 1094 3960 olim
1112 3922 1255 3961 accusare
1271 3899 1306 3959 li-·

85 4011 91 4029 ·
126 3982 410 4057 ·ceret,.accusavit,
428 3996 651 4064 proptereaque
670 4005 701 4044 se
720 3984 937 4046 absolvendum
956 3996 1060 4065 putat,
1079 3987 1163 4065 quod
1182 4008 1199 4045 a
1218 3985 1306 4045 tertio

140 4068 213 4129 inde
231 4067 350 4150 generis
368 4069 463 4150 gradu
482 4069 532 4128 sit
536 4068 707 4148 improbus:
726 4069 803 4131 nihil
815 4091 904 4149 aequi
896 4070 1010 4142 dicet,
1028 4090 1046 4129 o
1061 4072 1188 4131 ludices.
1207 4073 1306 4152 Ipsum

141 4157 242 4213 autem
255 4153 462 4221 sheocrinem
480 4154 631 4227 confiteri,
649 4175 713 4213 eam
732 4155 840 4213 durare
857 4155 1017 4229 mulctam,
1036 4156 1088 4234 qui
1107 4170 1173 4216 tum
1180 4177 1306 4238 prose,

137 4248 215 4303 tum.
225 4257 292 4316 pro
298 4237 389 4298 fratre
413 4238 613 4318 spoponderit
631 4237 826 4311 tribulibus,
839 4260 894 4300 nec
913 4254 1026 4300 servata
1044 4238 1243 4310 iurisiurandi
1254 4261 1305 4300 re-

94 4328 95 4332 ’
138 4318 259 4405 ligitur
272 4342 309 4391 tc
326 4322 535 4427 eiustabuia
550 4323 739 4444 delationem
751 4324 829 4387 hauc
846 4345 936 4406 posse
948 4324 1086 4401 absolvi,
1108 4327 1156 4388 uti
1173 4336 1306 4421 constet.
1340 4351 1343 4359 ¹
