2722 4754
990 34 1074 85 ,Ἴ

202 190 235 247 r
340 134 995 247 anvsnsus‘mno‘cnarun
1192 162 1268 247 ιιι

170 349 249 402 tum·
260 336 374 399 sactum
391 350 454 412 est,
469 351 506 399 ut
523 338 658 400 bostium
675 361 767 401 naves
784 332 914 421 praedae
931 310 1050 414 essent,
1067 349 1098 399 et
1115 336 1255 399 aestima-

141 445 187 485 es
205 424 367 484 furtorum
376 423 516 505 publicae
533 424 648 486 fierent
685 423 762 485 Cum
780 438 880 486 autem
899 425 1065 500 Mausolus,
1084 418 1189 484 Cariae
1207 444 1255 484 sa·
1328 479 1334 488 .

90 541 96 559 ·
165 554 166 560 ι
186 489 375 570 ulteriores
393 508 505 572 insulas
524 524 661 586 vexaret,
679 523 710 571 et
727 510 760 586 ii,
779 533 832 591 qur
823 510 1055 612 laedebantur,
1073 509 1256 590 quiritaten-

106 628 107 639 ι
176 585 182 599 ’
208 593 446 675 Atheniensium
471 614 561 676 opem
587 596 801 677 implorarent:
823 595 921 656 visum
946 610 1000 658 est
1017 595 1156 669 interim,
1182 596 1256 655 dum

78 680 123 742 be
207 662 387 762 parabatur,
404 701 460 760 per
477 680 592 764 legatos
612 678 719 742 Carem
738 701 804 742 esse
821 680 1030 741 incusandum.
1060 684 1166 762 ltaque
1184 680 1256 741 mit-

78 779 152 828 tun·
212 765 408 866 drotiopcm,
426 765 622 847 Melanopum
648 778 679 827 et
697 767 875 827 Glaucetam
889 767 929 826 ad
946 764 1114 852 principem
1131 762 1256 827 Mauso-

77 850 149 912 lum
249 849 372 911 emisiae
396 851 536 911 maritum
563 864 594 913 ct
617 852 757 927 fratrem,
784 864 1006 932 conquesturos
1025 851 1063 910 de
1087 851 1283 912 insularum

116 937 140 985 '›
246 936 330 1016 quod
349 935 423 1009 is',
414 959 446 996 ιιι
462 936 543 1019 regis
560 932 720 1000 Persarum
737 938 903 1020 gratiam,
898 936 1033 999 Graecis
1057 936 1278 1037 malefaceret

114 1023 123 1040 ⁹
213 1055 215 1070 ι
241 1020 274 1080 in
292 1041 400 1080 navem
412 1021 657 1098 Naucratiticam,
675 1022 837 1107 Aegyptias
854 1023 1016 1084 mercibus
1024 1034 1189 1095 oneratam,
1205 998 1278 1080 in-

100 1107 136 1161 ἰΧ
206 1118 232 1165 t
247 1104 413 1205 (vebebant
431 1120 531 1167 autem
558 1109 675 1191 legatos
693 1108 866 1170 Archebius
892 1121 924 1174 et
939 1106 1113 1193 Lysithi'des
1123 1106 1255 1167 trierar-

79 1192 121 1253 cb
202 1211 285 1252 vem
301 1191 499 1272 interceptam
517 1193 549 1252 in
563 1194 723 1254 Piraeeum
741 1194 904 1274 appellunt
922 1192 1071 1290 Aegyptii
1088 1192 1145 1254 etsi
1161 1190 1255 1252 verba

122 1311 128 1330 ι
199 1277 303 1357 apud
328 1278 477 1357 populum
496 1291 527 1339 et
543 1279 730 1359 supplicant:
754 1279 851 1339 nihilo
870 1278 971 1339 minus
994 1291 1096 1338 ιιιιιιιι
1114 1276 1263 1338 (Ιιιιιιιί-Ι

108 1396 112 1414 ι
201 1360 301 1422 'sillas
319 1381 385 1423 esse
403 1362 555 1442 publicas,
584 1364 668 1444 quod
685 1362 834 1465 Aegyptii
849 1363 954 1424 hostes
973 1376 1082 1424 essent
1124 1362 1254 1424 lubente

82 1470 116 1510 a
202 1446 290 1530 lege,
308 1458 358 1520 ut,
384 1469 438 1528 qur
429 1446 577 1529 publica
593 1450 722 1529 pecunia
739 1469 796 1530 per
811 1449 965 1532 integrum
982 1471 1095 1509 aunum
1112 1470 1185 1509 usus
1205 1467 1254 1509 es-

179 1566 191 1586 ,
209 1533 292 1592 dem
311 1531 434 1613 duplam
451 1534 644 1595 restitueret:
661 1533 782 1617 legati
772 1535 841 1608 asti,
859 1535 943 1615 quod
960 1555 1072 1596 novem
1089 1532 1203 1595 talenta
1222 1545 1255 1594 et

91 1649 98 1667 ·
177 1629 208 1678 ta
225 1616 338 1692 minas,
363 1618 526 1679 divenditis
546 1639 582 1679 ex
599 1641 674 1680 nave
691 1620 743 1680 illa
759 1620 911 1681 mercibus
929 1621 1081 1695 redactas,
1108 1618 1253 1681 retinuis-

63 1734 66 1741 ·
87 1750 90 1756 .
172 1701 312 1763 obnoxii
324 1703 440 1763 aerario
459 1704 552 1785 duplo
566 1705 769 1785 persolvendo
787 1706 873 1767 fiunt
891 1700 969 1766 Cum
982 1717 1084 1766 autem
1101 1703 1255 1786 respubli-¹

197 1819 199 1840 ι
218 1787 276 1848 1'ae
293 1786 398 1869 inopia
416 1788 583 1851 laboraret:
600 1790 802 1872 Aristophon,
819 1813 899 1852 unus
914 1813 930 1852 e
943 1789 1179 1875 magistratibus,
1198 1790 1253 1850 de-

163 1895 205 1934 m
200 1872 299 1945 facit,
316 1885 352 1934 ut
369 1873 565 1955 inquisitores
585 1876 758 1959 deligantur
775 1897 897 1951 eorum,
916 1876 970 1957 qui
987 1877 1102 1936 aerario
1121 1874 1254 1936 debeant

164 1972 229 2020 tere
239 1957 395 2033 studeant,
411 1972 507 2040 utque
526 1960 595 2021 illos
613 1961 758 2022 deserant
786 1961 902 2023 Iudicat
919 1961 1090 2022 Euctemon
1107 1958 1176 2043 (qui
1195 1960 1253 2021 du-

175 2066 255 2104 cum·
252 2041 454 2104 Androtione
472 2045 621 2128 litigaret,
647 2068 728 2107 nunc
746 2068 814 2107 curn
833 2044 1036 2128 Timocrate),
1061 2045 1173 2106 habere
1191 2043 1253 2104 Ar-

148 2127 224 2187 ium
243 2140 275 2189 et
276 2129 485 2230 Lysithidem
506 2151 542 2190 ex
560 2126 727 2214 Aegyptia
736 2150 813 2192 nave
840 2131 978 2201 oneraria
1001 2130 1114 2190 talenta
1140 2149 1252 2190 novem
1340 2198 1342 2202 ,

140 2246 151 2267 ἰ
162 2212 228 2274 ἰιι
245 2211 376 2296 triginta
421 2214 549 2296 Scripsit
574 2228 692 2277 autem
694 2215 738 2276 sic
756 2237 813 2290 co,
839 2216 924 2296 quod
941 2227 1046 2296 aperto
1065 2215 1162 2274 Marte
1181 2232 1252 2274 cum

138 2305 143 2349 t
165 2296 275 2373 ιιίοιι
294 2298 460 2382 confligere
477 2299 654 2377 verebatur,
674 2314 719 2375 et,
736 2299 972 2363 trient-chorum
989 2301 1067 2361 sacta
1084 2297 1283 2374 mentione,

137 2431 139 2435 ,
160 2383 294 2446 ominus
307 2385 406 2444 eidem
423 2385 630 2447 insidiabatur.
648 2387 694 2446 Re
713 2386 901 2468 disceptata
891 2398 973 2447 mter
984 2386 1102 2484 legatos
1118 2397 1149 2445 et
1160 2384 1251 2445 trier

141 2490 199 2543 os,
218 2469 311 2552 legati
328 2470 401 2530 victi
418 2471 578 2562 pecuniam
596 2471 713 2532 solvere
732 2470 884 2532 iubentur.
925 2469 987 2531 Sed
1005 2469 1076 2551 quia
1094 2469 1163 2552 lege
1181 2490 1250 2531 sau-

155 2586 167 2605 ·=
195 2567 270 2628 erat,
289 2578 342 2634 qu1
332 2550 501 2615 secundo
512 2577 594 2616 anno
612 2557 748 2631 deberet,
765 2568 800 2617 nt
812 2557 843 2617 in
856 2556 986 2617 vinculis
1003 2554 1176 2629 haberetur,
1195 2555 1252 2615 do-

138 2639 311 2703 solvisset:
331 2640 420 2701 etiam
431 2636 572 2743 legata
540 2664 573 2701 ιιι
589 2641 708 2703 vincula
725 2641 910 2703 coniieiendi
928 2653 1020 2702 eraut.
1038 2642 1084 2700 Eo
1103 2651 1254 2738 tempore,

134 2759 146 2772 ι
171 2725 249 2786 alter
265 2746 361 2786 annus
379 2725 537 2807 inciperet,
559 2747 621 2807 quo
641 2727 731 2787 etiam
748 2727 857 2787 vincire
847 2726 990 2809 legatos
1009 2725 1181 2806 oportebat,
1198 2722 1252 2783 Ti-

147 2840 158 2860 s
178 2816 183 2823 '
200 2814 231 2871 ts
246 2810 340 2871 talem
357 2811 461 2894 legem
480 2811 616 2892 scripsitr
650 2810 684 2871 Si
703 2813 769 2892 quis
788 2811 829 2873 ob
855 2811 992 2871 debitum
1010 2807 1213 2910 publicum
1184 2829 1252 2870 mn-

135 2894 161 2955 is
177 2895 219 2956 sit
236 2896 446 2970 (1ιιιιιιιιιιι,
421 2916 485 2956 save
503 2917 539 2956 ex
546 2897 668 2997 'lege'
642 2918 706 2957 srve
724 2917 760 2958 ex
778 2895 1056 2968 senatusconsulto,
1073 2906 1127 2955 aut
1143 2895 1176 2955 iu
1194 2912 1251 2976 po-

97 3012 100 3022 .
154 3002 198 3040 ·rn
216 2981 391 3042 damnetur.
416 2981 554 3042 licere'
527 3001 573 3055 er,
598 2981 696 3044 tribus
714 2982 840 3042 vadibus
867 2981 959 3041 (1ιι1ι
968 2979 1142 3062 approbatis
1160 3001 1176 3040 a
1194 2999 1252 3079 po·
1298 3014 1303 3027 ι

82 3064 167 3147 pulo,
184 3085 217 3126 se
235 3065 317 3127 bona
334 3066 395 3126 fide
410 3066 635 3127 satisfacturum
652 3067 837 3167 reipublicae
855 3065 1067 3148 promittenti,
1084 3065 1165 3127 exire
1183 3063 1252 3126 vin-

83 3150 174 3211 culis:
197 3149 315 3213 sivero
333 3172 396 3212 non
414 3151 611 3226 satisfecerit,
636 3152 711 3212 vel
702 3174 802 3233 rpse,
810 3152 860 3214 vel
878 3152 983 3226 vades,
1010 3171 1111 3235 eum,
1124 3151 1178 3231 qui
1195 3171 1251 3233 per
1273 3149 1343 3212 «143Δ

64 3305 66 3310 ¹
82 3256 267 3335 sponsores
262 3237 408 3297 liberatus
425 3237 567 3311 fuerat,
558 3258 603 3307 ιιι
608 3236 736 3298 vinculis
755 3227 946 3313 babendum,
964 3226 1085 3298 radium
1103 3258 1175 3298 vero
1195 3235 1266 3297 bo·

68 3328 120 3381 'na
136 3308 331 3424 publicanda·
344 3322 430 3383 Hanc
447 3323 547 3405 legem
565 3321 721 3383 Diodorus
740 3335 772 3384 ct
787 3280 970 3398 Euctemob,
987 3334 1023 3382 ut
1038 3322 1158 3405 legibus
1176 3342 1251 3383 con-

82 3406 226 3482 miani,
235 3421 271 3468 ut
288 3407 448 3481 iniustam,
470 3420 506 3469 ut
522 3407 725 3489 perniciosam
744 3406 926 3469 detulerunt
969 3403 1048 3467 Cum
1065 3421 1167 3468 autem
1184 3407 1252 3467 An-

67 3488 219 3566 ·drotion,
236 3492 383 3553 Glauceta
397 3506 429 3552 et
439 3494 618 3574 Melanopus
631 3492 917 3565 animadverterent,
935 3492 1158 3553 accusationem
1172 3492 1253 3553 hanc

53 3626 58 3643 ,
81 3594 137 3636 sua
154 3598 243 3639 causa
270 3599 336 3638 esse
353 3577 476 3638 factam:
501 3598 612 3640 novem
629 3578 742 3638 talenta
761 3591 794 3638 et
815 3577 940 3660 triginta
958 3576 1053 3638 minas
1080 3589 1253 3650 numerant,

78 3658 208 3723 fortasse
226 3683 291 3723 non
308 3664 511 3738 numeraturi,
536 3664 594 3724 nisi
612 3676 801 3725 accusatores
820 3663 915 3746 lege'
905 3663 1156 3724 intercessissent
1191 3661 1253 3722 Sed

78 3760 245 3808 numerant
260 3760 371 3809 tamen.
389 3749 553 3809 ¹Diodorus
573 3760 604 3809 et
619 3749 790 3810 Euctemon
808 3769 948 3810 accusare
965 3763 1108 3832 pergunt,
1124 3746 1253 3830 perinde

31 3884 34 3889 .
78 3849 115 3891 ac
132 3854 159 3892 ιι
149 3832 225 3893 lex
252 3847 378 3914 propter
396 3834 511 3917 legatos
534 3833 644 3914 scripta
663 3834 718 3894 sit:
746 3834 802 3895 etsi
820 3834 901 3895 enim
927 3834 1088 3895 interiecto
1113 3847 1251 3913 tempore
1296 3878 1299 3883 .

23 3952 26 3957 -
77 3917 280 3991 numerarint,
297 3919 330 3979 id
347 3919 459 3979 factum
478 3939 544 3978 esse
562 3930 680 3994 tamen,
697 3919 890 3981 accusatione
908 3919 967 3981 iam
984 3919 1139 3980 instituta:
1158 3936 1252 4000 quare

77 4003 244 4065 consilium
263 4002 444 4086 legislatoris
461 4018 536 4064 ¹esse
561 4002 752 4083 culpandum
795 4005 860 4067 Nec
877 4005 977 4066 minus
1004 4004 1127 4064 interim
1141 4002 1252 4086 legent

76 4087 231 4151 examinat
249 4101 369 4161 orator,
386 4102 422 4149 ιιι
439 4109 516 4169 quae
535 4088 626 4148 etiam
644 4089 705 4149 alio
723 4089 816 4149 modo
834 4089 875 4150 sit
892 4089 1106 4171 improbanda·
1132 4109 1201 4149 nam
1220 4100 1253 4149 et

75 4187 183 4235 contra
203 4193 297 4254 quam
313 4174 397 4257 leges
414 4173 637 4259 praescribapt,
666 4193 732 4234 esse
750 4174 856 4248 latam,
875 4187 906 4235 et
923 4174 992 4235 aliis
1007 4173 1126 4274 legibus
1144 4175 1252 4235 adver-

72 4260 154 4334 sari,
174 4273 209 4320 et
226 4278 283 4340 per
301 4279 352 4335 ea,
369 4279 446 4340 quae
465 4238 591 4332 iubeat,
601 4277 713 4320 nocere
732 4271 764 4319 et
779 4259 922 4321 iniuriam
939 4260 1039 4331 lacere
1056 4257 1251 4340 reipublicae.

72 4343 291 4423 Quamobrem
310 4356 342 4415 et
357 4343 504 4407 orationis
523 4355 700 4427 argumenta
718 4357 751 4407 et
766 4346 963 4411 fundamenta
980 4342 1053 4409 bina
1069 4355 1158 4407 sune:
1174 4342 1250 4407 alte
