2722 4754
1048 124 1155 138 ,,.

136 157 214 278 'eso
259 176 263 184 ’
423 170 802 303 nnmosnpnms
836 177 1064 300 ona-mo

115 408 119 415 ·
153 371 277 454 quidem
296 361 462 430 diemesed
480 378 532 426 aut
549 367 640 448 dupla
656 351 785 448 pecunia
803 364 1027 442 annumeranda
1038 377 1124 441 erat,
1142 379 1200 427 ant
1213 363 1324 428 vinciri

94 438 104 453 „
152 457 253 519 statim
279 451 455 535 oportebat,
481 464 572 532 atque
585 451 816 527 Undecimum·
835 451 1031 595 istcinqicio
1056 471 1120 510 non
1145 452 1323 514 convictum

153 538 191 604 eo
209 531 347 619 tempore
365 535 510 598 tradebat
544 536 634 598 Nuuc
651 560 743 612 vero,
760 549 815 609 ut,
835 555 912 617 quos
932 538 951 597 d
970 536 1160 611 mnaveritis,
1180 537 1213 596 hi
1231 537 1324 603 liberi

71 614 76 648 ²
107 613 112 625 ⁴
151 624 367 699 obambulent,
386 624 487 704 legem
504 621 589 695 serre²
602 645 666 684 non
683 621 847 698 dubitavit,
866 639 993 702 eamque
1011 634 1078 682 cum
1097 642 1153 682 suo
1172 623 1323 703 periculo,

120 736 123 740 *
151 712 332 772 Sed—tamen
350 708 474 769 ethaeo
497 721 528 768 et
551 708 602 768 illa
620 729 653 767 se
670 707 763 770 vestri
780 706 889 774 secisse
907 706 1009 766 studio
1029 706 1221 769 dictitabunt
1257 711 1323 769 Vos

122 794 455 880 “igitur-„concedetis
483 793 517 852 in
534 806 663 854 vestram
681 792 806 876 gratiam
826 811 860 851 ea
878 811 944 851 csse
961 790 1055 863 lacta,
1084 803 1117 871 et
1131 792 1259 853 audacia
1277 804 1331 854 at-

151 883 216 964 quc¹
236 878 374 968 improba
398 880 528 939 istorum
551 877 686 939 facinora
710 879 813 958 aequis
840 876 946 937 animis
969 875 1094 937 seretis?
1122 876 1222 957 Atqui
1248 879 1332 940 odio

145 978 251 1043 uestro
270 966 373 1048 potius
388 985 480 1045 vquam
494 963 559 1023 ⁴vita
577 963 662 1045 digni
678 976 750 1023 sunt
767 962 799 1022 id
816 983 912 1045 genus
931 959 1079 1020 homines.
1096 961 1172 1039 Nam
1192 963 1248 1044 qui
1267 964 1336 1024 ali.

151 1048 226 1134 qnid
244 1051 385 1133 publico,
400 1048 525 1108 nomine
545 1048 738 1109 administrat
764 1060 794 1108 et
819 1050 948 1108 vestram
968 1046 1169 1116 clementiam
1188 1049 1334 1130 experiri

150 1138 269 1210 studet,
293 1156 363 1196 eum
372 1133 471 1194 buius
490 1133 618 1194 civitatis
636 1133 772 1194 moribus
790 1132 959 1214 praeditum
978 1152 1043 1193 esse
1062 1132 1157 1197 decet
1197 1133 1227 1193 ¹Ii
1246 1155 1334 1195 verr»

132 1226 134 1231 ’
148 1244 204 1304 qm
218 1220 311 1282 sunt?
330 1218 691 1293 Imbecilliummisereri,
708 1219 865 1284 firmorum
883 1230 914 1278 et
929 1216 1101 1299 potentium
1117 1219 1329 1299 petulantiam

34 1332 36 1337 ’
70 1374 77 1380 ,
149 1313 307 1368 co'e’rcerer
324 1326 396 1364 uon
415 1303 579 1373 crudeliter
595 1304 773 1388 grassari-in
790 1301 911 1385 plebem
928 1303 1084 1375 miseram,
1103 1312 1225 1385 semper
1239 1305 1327 1365 'adu-

53 1370 68 1391 ‘
119 1439 120 1442 ,
149 1392 205 1452 lari
223 1402 254 1453 et
272 1388 373 1452 colere
392 1389 601 1490 potentiores:
618 1390 752 1469 idquod
769 1402 804 1450 tu
821 1388 912 1461 facis,
929 1387 1123 1449 Timocrates.
1167 1388 1218 1448 Ob
1241 1410 1325 1471 quae

47 1470 51 1485 '
77 1502 101 1560 ’,Β
136 1476 257 1537 merita
274 1475 307 1534 bi
324 1465 449 1550 mirato,
473 1496 512 1545 ne
526 1468 631 1535 ‘audita
650 1475 773 1555 quidem
792 1471 987 1547 excusatione
1004 1484 1073 1546 tua,
1095 1486 1196 1534 morte
1214 1476 1320 1557 potius
1342 1475 1353 1492 ⁶

60 1630 63 1637 ,
147 1560 396 1640 tesmulctarent,
420 1580 509 1641 quarn
533 1559 565 1619 in
587 1561 712 1642 gratiam
731 1558 933 1620 Androtionis
952 1557 1145 1619 dimitterent
1181 1559 1246 1620 lam
1266 1580 1319 1623 eos

55 1672 62 1676 ·
109 1712 114 1722 „
147 1643 255 1720 necin
274 1646 424 1728 erigendo
441 1664 510 1704 aere
526 1643 626 1704 alieno
642 1657 779 1705 vestrum·
791 1655 943 1725 spectasse
957 1644 1170 1718 commodum,
1189 1644 1227 1705 id
1240 1665 1315 1727 quo·
1338 1686 1340 1690 ι

129 1743 208 1813 “quc
223 1731 314 1793 ¹uobis
332 1731 434 1794 statirn
447 1727 618 1791 declarabo.
649 1729 681 1788 Si
700 1730 767 1809 quis
786 1729 938 1789 enim-vos
955 1741 1060 1811 roget,
1076 1741 1181 1789 utrum
1200 1751 1313 1792 nocen·
1348 1788 1353 1793 .

146 1818 240 1878 tiores
263 1815 448 1897 reipublicae
472 1826 582 1894 putent
600 1814 745 1896 agricolas
770 1826 802 1887 et
817 1833 940 1896 parcos,
967 1814 1019 1893 qui
1037 1828 1164 1894 propter
1181 1810 1313 1876 'educam
1328 1857 1336 1863 --

139 1902 215 1963 dam
233 1889 657 1981 sobolem‘,domesticosque
682 1902 815 1972 sumtus,
838 1911 869 1959 ct
886 1898 943 1957 alia
968 1919 1094 1975 munera
1119 1894 1244 1981 publica
1261 1902 1347 1978 trias

119 1987 221 2062 „buta
239 2007 308 2051 non·
320 1985 553 2068 praestiterunt,
586 2007 624 2045 an
641 1989 732 2058 vero,
764 1984 818 2065 qui
835 1982 993 2064 pecuniam
1013 1997 1145 2059 eorum,
1167 1987 1222 2066 qui
1240 2007 1331 2047 con·-

138 2071 225 2133 ,ferre
240 2070 425 2145 uoluerunt,
451 2084 482 2132 et
507 2092 524 2131 a
548 2071 638 2131 sociis
651 2070 774 2130 ‘nostris
791 2075 943 2150 acceptam
960 2069 1100 2147 lunanum
1117 2082 1148 2129 et
1165 2071 1312 2150 perdunt:

144 2175 208 2219 non
226 2155 428 2217 unstrutam
446 2167 508 2228 est,
536 2156 670 2236 quamvis
688 2156 821 2215 frontem
838 2153 1068 2236 perfricueriiat,
1096 2175 1205 2215 eornm
1220 2157 1311 2217 anda·

103 2276 107 2284 f
145 2241 208 2315 cia',
234 2253 270 2300 ut
287 2239 406 2314 dicant,
431 2239 526 2323 magis
545 2259 610 2301 esse
628 2241 775 2314 iniurius,
801 2241 930 2320 ,quisue
944 2240 1114 2313 retineant,
1139 2249 1234 2320 quam
1250 2253 1313 2317 eos,

49 2335 120 2396 '479
137 2326 199 2405 qui
214 2323 433 2404 rempublicam
453 2326 678 2402 depeculentur.
722 2325 787 2401 Qul
803 2326 838 2385 fit
855 2325 964 2408 igitur,
992 2326 1180 2386 Timocrates
1199 2339 1231 2402 et
1248 2327 1313 2410 An:

124 2407 285 2483 ''drotion,
304 2427 373 2466 cum
390 2406 519 2488 amplius
537 2407 662 2490 triginta
680 2409 742 2468 sint
758 2409 845 2482 anni,
862 2431 901 2470 ex
917 2431 980 2489 quo
998 2424 1132 2471 vestrum
1150 2411 1228 2471 alter
1245 2411 1313 2492 qui-

52 2485 55 2489 ’
125 2487 212 2554 ¹dem
231 2492 264 2552 in
286 2491 442 2572 republica
466 2494 599 2574 gerenda
620 2500 771 2575 versatup,
800 2505 831 2554 et
854 2493 913 2555 hoc
936 2492 1043 2574 spatiov
1058 2496 1205 2576 temporis
1224 2495 1314 2557 multi

124 2579 236 2641 duces
253 2575 362 2638 urbem
379 2576 539 2652 laeserint,
567 2578 656 2637 multi
673 2578 746 2638 item
765 2591 918 2653 oratores,
947 2576 1000 2658 qui
1018 2582 1098 2660 apud
1116 2579 1172 2640 laos
1192 2598 1313 2654 causam

84 2683 96 2689 ·
143 2663 299 2737 dixerunt,
319 2683 450 2741 quornm
461 2662 517 2722 alii
536 2660 575 2721 db
590 2659 984 2738 'scelera'interseeti-sunt',
1001 2665 1052 2724 alii
1067 2665 1243 2739 voluntario
1262 2687 1312 2727 ex-

114 2753 116 2755 ’
141 2746 228 2823 silio,
243 2746 425 2824 ‘stimulante
449 2743 823 2822 scelernmconscientia,
838 2770 914 2810 sese
939 2749 1112 2811 imminenti
1133 2751 1226 2824 exitio
1247 2752 1312 2812 eri-

140 2845 290 2915 puerunt,
308 2844 344 2891 ut
359 2832 514 2893 neminem
530 2832 622 2892 talem
640 2833 787 2894 alteruter
801 2846 935 2895 vestrum
953 2837 1114 2908 accusarit,
1133 2844 1186 2896 a'ut
1202 2837 1321 2912 saltem·

47 2908 79 2962 -3
142 2917 247 2979 dolere
264 2937 297 2976 se
316 2916 353 2975 de
371 2916 491 2977 iniuriis
509 2918 625 2978 civitati
643 2918 729 2978 sactis
748 2920 936 2981 ostenderit?
962 2920 1021 2979 llic
1039 2914 1162 3000 quidem
1179 2943 1309 2982 vos-uo·

67 3065 69 3076 ,
102 3024 105 3030 ’
140 3002 345 3084 strigessisse
362 3001 463 3064 curam
482 3015 620 3084 apparet,
642 3005 819 3067 cummulti
836 3005 1006 3086 exagitandi
1022 3006 1153 3066 snemnt
1189 3008 1309 3068 Horum

118 3123 124 3136 =
139 3086 290 3151 sactorum
308 3086 432 3161 causam·
445 3088 610 3168 requiritis,
628 3087 854 3150 Athenienses?
870 3090 976 3149 Dicam
993 3090 1088 3151 vobis.
1104 3092 1161 3151 Ἐκ
1179 3092 1309 3168 iniuriis,

51 3231 67 3251 ,ἵ
138 3171 251 3253 'quibus
269 3190 323 3232 vos
342 3172 464 3250 quidam
482 3170 630 3247 alliciunt,
650 3174 784 3234 fructum
800 3175 860 3255 ipsi
876 3197 936 3235 una
955 3175 1088 3255 mpinnt,
1106 3189 1136 3236 et
1154 3177 1193 3237 de
1209 3177 1309 3246 tribu-

93 3315 98 3325 s
129 3255 180 3319 'tia
197 3255 403 3331 suffurantur,
433 3252 467 3318 et
485 3258 524 3335 ob
542 3258 695 3319 avaritiam
713 3259 927 3340 inexplebilem
943 3258 1081 3334 bilariam
1098 3261 1242 3322 fruuntur
1256 3282 1307 3322 re-

139 3328 269 3424 publica'.
290 3341 400 3422 Neque
412 3343 500 3426 enim
518 3344 687 3425 expeditius
706 3350 761 3418 est,
779 3347 944 3428 multorum
959 3358 999 3427 et
1012 3344 1137 3406 minutis
1154 3347 1187 3406 in
1203 3346 1305 3422 rebus,

118 3440 230 3506 ,quam
246 3447 412 3507 paucorum
437 3427 521 3489 etin
546 3429 662 3511 magnis
682 3429 927 3509 delinquentium
948 3431 1101 3511 suscipere
1123 3430 1307 3507 inimicitias,

138 3512 451 3604 neque‘popularius,
476 3512 614 3588 scilicet,
632 3514 853 3588 multitudinis,
877 3523 967 3596 quain
984 3534 1150 3598 paucorum
1169 3537 1307 3598 qnorum

64 3657 66 3659 ,
139 3596 218 3665 dam*
232 3609 354 3678 peccata
378 3619 519 3659 cerneres
544 3598 650 3660 sedin
668 3620 756 3666 cansa
775 3600 834 3660 hoc
852 3613 914 3674 est,
941 3602 1024 3680 quod
1044 3622 1102 3684 ego
1121 3602 1200 3673 dico.
1241 3604 1306 3664 Vos

109 3670 115 3685 ⁸
137 3679 315 3764 igitur„l1is
326 3682 539 3745 animadversis
558 3683 721 3765 animoque
738 3683 848 3759 infixis,
865 3685 1050 3765 quicumque
1066 3688 1208 3768 peccarit,
1228 3706 1307 3763 euna,
1348 3680 1353 3688 ’

132 3766 192 3826 ubi
210 3766 416 3849 deprehensus
432 3768 546 3844 fuerit,
564 3769 713 3848 punietis:
742 3791 861 3850 neque,
880 3783 1026 3850 quantum
1042 3771 1191 3852 temporis
1209 3771 1306 3833 inter-

137 3852 279 3926 cesserit,
306 3853 553 3929 considerabitis,
580 3855 652 3928 sed,
676 3868 779 3917 uuum
800 3855 872 3925 talia
896 3855 1030 3916 fecerint
1071 3856 1147 3918 Nam
1172 3857 1200 3917 si
1224 3877 1308 3919 nunc

136 3936 241 4017 aequis
259 3936 363 3998 ler‘etis
382 3938 490 4000 animis
508 3959 655 4020 ea,·quae
672 3953 738 4010 tunt
756 3926 846 4023 aegre
863 3939 1022 4001 serebatis:
1046 3962 1103 4022 per
1119 3942 1307 4005 iracundiam

49 4054 70 4099 χ
91 4074 103 4085 .,
132 4020 216 4095 illos,
241 4042 305 4082 non
325 4021 365 4082 ob
389 4023 481 4105 factas
505 4022 592 4085 vobis
617 4025 760 4098 iniurias,
783 4027 945 4086 mulctasse
962 4023 1194 4106 'vospdtabunt
1221 4027 1306 4091 Nam

66 4163 68 4167 .
122 4103 366 4182 iratorum,.est,
384 4117 471 4183 eum,
495 4131 511 4169 a
530 4131 592 4190 qno
610 4109 757 4170 molestiis
773 4110 983 4185 allectisunt,
999 4110 1104 4172 subito
1122 4111 1241 4194 impetn
1257 4111 1304 4171 ul-

33 4204 35 4210 *
114 4189 223 4250 ⁴scisci:
248 4191 416 4268 laesorum,
442 4195 698 4275 quandocunque¹
711 4207 833 4255 sontem
849 4196 930 4256 nacti
946 4188 1166 4270 fuerint,stum
1184 4198 1216 4257 in
1235 4194 1303 4257 edm

135 4274 308 4337 vindicare·
339 4278 411 4339 Non
427 4278 528 4362 igitur
545 4280 650 4353 decet,
674 4291 728 4352 nt,
754 4300 837 4339 nunc
855 4280 990 4356 deliniti,
1014 4282 1170 4344 tundam
1189 4278 1304 4342 iureiu-

40 4386 45 4390 ·
67 4373 73 4423 ζ
134 4353 231 4441 tandei
249 4362 410 4446 neglecto,
434 4363 523 4427 vobis
546 4363 620 4447 ipsis
642 4376 763 4451 praeter
784 4364 891 4427 ius-et
908 4383 1040 4447 aequum
1056 4365 1228 4461 gritificatif
1238 4377 1304 4450 eset
