2722 4754
390 179 588 251 ornato·
616 178 896 244 sunroum
942 150 966 248 ζ
1162 193 1224 251 ssa

58 348 175 407 reatur,
201 347 234 395 et
252 335 309 396 diis
328 355 428 394 carum
443 332 567 407 ¹videri,
591 347 624 412 ⁴et
641 333 817 398 hominibus
841 333 949 416 partim
967 337 1224 418 propter'sernet-

58 421 169 501 ipsum,
186 420 295 499 partim
313 431 438 500 propter
451 418 606 479 fortunam
623 418 816 480 admirationi
835 439 907 480 esse.
935 419 1030 480 Acin
1048 421 1224 483 universum

58 507 96 566 de
112 506 249 586 plurimis
267 504 326 564 tuis
345 505 382 563 ad
400 504 542 563 virtutem
559 504 739 564 adiumentis
758 504 844 584 plura
863 505 1005 586 deinceps
1019 506 1132 569 uariari
1147 509 1223 591 eon·
1258 578 1262 588 Ι

57 592 173 650 veniet:
188 611 264 669 ¹quas
282 609 355 649 vero
373 588 547 670 singulatim
565 589 668 650 laudes
686 588 799 647 referre
817 610 960 669 possum,
971 611 1019 665 eas
1037 612 1107 652 vere
1120 607 1155 654 ut
1173 608 1224 655 ex'-

57 685 180 756 ponam,
200 696 322 754 operam
341 673 427 733 dabo.
463 674 597 735 Primum
617 687 717 734 autem
736 695 800 733 eam
819 674 940 736 laudare
959 675 1117 756 incipiam,
1131 701 1224 759 quam

56 759 231 821 ridentibus
251 758 391 822 omnibus
409 755 538 839 primum
555 778 739 842 cognoscere
757 759 839 832 licet,
856 772 938 820 tuam
956 760 1225 840 pulchritudinem,

58 845 185 924 eiusque
208 846 362 922 colorem,
389 864 487 922 equo
506 857 536 921 et
559 843 693 903 membra
719 856 750 902 et
767 856 866 909 totum
890 837 1000 924 corpus
1024 846 1131 937 clupet,
1166 845 1225 909 Cui
1258 910 1261 913 Α

58 952 149 1011 quam
167 929 399 990 convenientem
418 926 646 989 similitudinem
664 927 843 1002 adhibeam,
858 950 926 989 cum
941 928 1122 1006 ‚cousiderm
1139 934 1225 994 inve·
1281 963 1285 969 ·

47 1003 112 1094 ,nio
131 1015 263 1074 nullam:
282 1014 334 1074 sed
353 1013 385 1072 in
402 1025 536 1072 mentem
548 1014 628 1073 mihi
646 1012 745 1087 venit,
763 1014 915 1096 rogandos
934 1034 1000 1075 esse
1018 1015 1149 1078 lectores
1167 1019 1225 1079 hu-

59 1098 106 1159 ius
125 1099 290 1172 orationis,
315 1111 351 1158 ut
368 1098 427 1177 ipsi
443 1111 474 1157 te
498 1111 636 1178 spectent
653 1111 685 1158 et
707 1098 970 1178 contemplentur,
994 1113 1033 1160 'ut
1046 1102 1134 1162 venia
1145 1103 1242 1182 milri„

60 1185 159 1258 detur,
178 1184 256 1243 nihil
272 1183 330 1243 tibi
348 1182 444 1242 simile
471 1183 625 1243 adserenti.
661 1180 738 1245 Cum
758 1179 816 1262 qua
834 1183 914 1243 enim
932 1185 964 1243 id
987 1187 1159 1248 mortalium
1176 1209 1225 1249 re·
1323 1247 1331 1262 ,

58 1291 126 1328 rum
145 1281 350 1348 comparetur,
370 1267 452 1347 quod
478 1267 648 1329 immortale
671 1262 908 1353 adspicientibus
931 1270 1228 1354 desideriumparit',
1282 1341 1290 1354 Ἴ

59 1355 143 1434 qnod
161 1355 305 1434 adspectu
323 1352 371 1412 sui
390 1358 453 1410 non
472 1353 574 1425 satiat,
593 1354 687 1432 quod,
705 1374 773 1412 cum
791 1350 943 1412 remotum
963 1366 1026 1427 est,
1044 1356 1151 1416 animis
1171 1358 1227 1418 olr-

27 1443 33 1447 ’
58 1450 212 1510 uersatur,
239 1439 321 1516 quod
339 1436 470 1497 divinam
491 1436 610 1496 obtinet
626 1437 660 1496 iu
677 1456 804 1521 corpore
822 1434 955 1496 humano
973 1437 1169 1520 dignitatem,
1188 1453 1229 1520 ut
1268 1498 1271 1503 ,

59 1522 204 1583 floridum
223 1518 370 1603 elegantia
386 1521 564 1594 venustatis,
582 1521 623 1581 ita
638 1521 736 1581 omnis
750 1519 932 1601 suspicionis
950 1524 1078 1607 expers?
1096 1527 1157 1586 lam
1170 1547 1228 1614 neg

35 1607 164 1674 ‚illata
181 1606 257 1666 faci-e
275 1619 327 1666 tua
346 1604 459 1699 culpari
484 1618 617 1684 queunt,
641 1626 717 1685 quae
736 1606 838 1665 multis
856 1604 1084 1685 pulchritudine
1108 1606 1228 1690 praedi·
1250 1611 1310 1665 399

22 1760 26 1765 ,
59 1693 99 1753 tis
118 1691 310 1763 acciderunt,
332 1689 434 1749 utvel
453 1688 493 1750 ob
511 1688 646 1770 eorporis
670 1689 940 1750 inconcinnitatem
963 1692 1103 1771 universa
1121 1695 1227 1761 eortina
1296 1757 1300 1762 ,

52 1775 212 1858 elegantia
230 1774 418 1846 turbaretur,
430 1774 478 1832 vel
496 1787 623 1856 propter
640 1774 837 1835 calamitatem
855 1769 985 1856 aliquam
1003 1779 1096 1840 etiam
1111 1780 1227 1861 reliqua
1265 1769 1268 1779 ’

60 1882 116 1940 per
134 1881 166 1919 se
184 1859 333 1938 praeclara
352 1857 451 1919 minus
470 1859 638 1938 placerent:
657 1872 783 1937 quarum
800 1859 1071 1940 reprehensionum
1092 1866 1228 1927 omniurn
1286 1881 1288 1885 ’
1328 1875 1329 1880 ’

61 1945 270 2016 ῐηειιῐιῖῑαείειιι
289 1955 441 2024 expertem
461 1949 525 2002 esse
542 1944 735 2024 reperiemus.
762 1945 866 2025 ''l'anta
883 1945 965 2008 'enim
984 1969 1070 2026 eura,
1089 1950 1227 2032 quisquis
1254 1956 1266 1962 ”

62 2029 114 2090 ille
133 2031 260 2088 deornm
278 2028 350 2100 fuit,¹
364 2028 418 2107 qui
434 2028 637 2089 sormam-tihi
649 2029 779 2110 largitus
795 2041 850 2103 est,
868 2031 1167 2095 omnes-huiusmodi
1185 2038 1227 2097 las

62 2115 116 2175 bes
135 2115 228 2187 cavit,
246 2112 379 2176 ut-nihil·
393 2112 613 2193 vituperatione
632 2113 775 2194 dignum,
793 2113 984 2194 suspicienda
1001 2118 1034 2176 in
1051 2131 1083 2178 te
1100 2120 1229 2199 plurima

63 2199 208 2267 effecerit.
242 2197 318 2257 Nam
339 2202 405 2257 curn
425 2197 457 2257 in
476 2197 540 2268 his,
567 2216 645 2276 quae·
662 2199 805 2277 adspectu
823 2199 1014 2281 sentiuntur,
1032 2203 1166 2264 unanime
1185 2207 1229 2265 fa.
1301 2232 1307 2246 ,

50 2274 126 2345 'cies
146 2285 286 2355 emineat,
305 2296 395 2361 atque
414 2282 445 2341 in
464 2281 519 2341 hac
537 2281 600 2362 ipsa
619 2281 727 2366 oculi:¹
740 2282 839 2364 magis
854 2283 943 2344 etiam
962 2285 994 2346 in
1013 2285 1161 2349 hissuam
1181 2310 1228 2367 er,

33 2389 35 2394 ·
64 2379 106 2452 ga
119 2382 150 2428 te
170 2365 411 2438 benevolentiam
430 2387 542 2426 numen
562 2367 703 2427 ostendit.
728 2365 798 2426 Non
817 2367 897 2429 enim
917 2389 970 2429 eos
984 2371 1025 2431 ad
1044 2375 1230 2436 necessarios

67 2456 207 2514 duntaxat
224 2473 298 2511 usus
315 2450 444 2511 idoneos
462 2451 701 2531 praebuitsed,
720 2454 998 2532 cumquorundam
1015 2457 1111 2519 virtus
1128 2459 1177 2519 vix
1194 2478 1231 2520 ex

68 2537 237 2599 actionibus
256 2548 406 2616 appareat,
424 2546 523 2596 mores
541 2538 617 2596 tuos‘
628 2530 858 2617 prolia—tissima
876 2561 931 2620 per
948 2539 1035 2600 visus
1047 2532 1158 2604 indtita
1177 2546 1230 2606 des
1312 2552 1319 2561 ‘

67 2622 198 2694 claravit,
217 2621 271 2701 qui
289 2620 329 2680 sis
349 2634 380 2700 et
396 2620 586 2701 mitis-atque
604 2623 753 2682 humanus
772 2625 933 2704 adspectu,
946 2638 986 2685 etv
994 2627 1182 2710 magnificus,
1200 2636 1233 2691 o't

57 2708 163 2791 *gravis
182 2707 214 2765 in
227 2702 555 2779 vitaeeonsuetndine,
573 2721 604 2766 et
617 2708 704 2775 fortis
718 2730 751 2768 ac
764 2711 937 2769 moderatus
952 2710 1095 2772 adversus
1110 2718 1232 2776 omnes}
1300 2791 1306 2795 .

67 2793 200 2872 id‘quod
218 2790 355 2872 inprimis
381 2790 536 2850 admirere.
570 2792 646 2852 Nam
664 2787 739 2853 xcum
764 2791 1039 2877 aliorum-comitas
1059 2797 1091 2856 in
1109 2799 1232 2859 humili·
1328 2838 1331 2845 -

66 2877 146 2950 tatis,
164 2877 292 2958 gravitas
311 2876 341 2933 in
360 2875 453 2934 fastus
472 2876 652 2958 opinioneln'
666 2877 814 2960 incurrat,
833 2889 962 2959 ¹cumque
980 2880 1091 2956 iidem,
1109 2898 1144 2944 nt
1156 2902 1241 2966 'pro-¹

65 2976 134 3044 pter
152 2957 553 3036 fortitudinem'temerarii,
574 2961 616 3020 sic
634 2966 761 3042 propter
770 2965 1039 3025 mansuetudinem
1057 2967 1233 3044 inertes'vi'·

67 3050 213 3107 deantur:
237 3058 285 3105 tot
301 3058 349 3105 res
368 3045 452 3105 inter,
465 3066 498 3105 se
525 3047 693 3127 contradas
713 3061 812 3108 nacta!
822 3049 961 3123 fortuna,
973 3050 1026 3111 'ita
1042 3044 1093 3112 uti
1106 3075 1160 3134 par
1178 3058 1234 3128 es't,

68 3132 171 3191 omnia
190 3129 411 3190 consentientia
427 3151 530 3190 secum
550 3131 669 3205 effecit,
688 3131 773 3212 quasi
792 3143 896 3192 votum
908 3129 1095 3209 absolueret,
1112 3151 1165 3198 aut
1183 3161 1233 3201 ex·
1295 3200 1300 3208 ὀ

69 3216 203 3296 emplum
222 3214 287 3274 aliis
313 3215 475 3274 ostendere
493 3216 602 3290 vellet,
626 3237 696 3276 non<
708 3217 794 3296 quasi
818 3218 976 3299 mortalem
999 3242 1056 3300 pro
1075 3219 1162 3282 more
1177 3245 1234 3285 suo

68 3299 208 3361 naturam
227 3299 433 3359 constitueret
453 3300 574 3374 Quodsi
591 3313 672 3360 tuam
688 3302 948 3382 pulchritudinem
966 3307 1086 3385 assequi
1104 3303 1234 3380 dicendo
1319 3302 1321 3305 ⁸

64 3387 187 3458 liceret,
205 3389 370 3445 autunum
388 3384 448 3443 hoe
465 3383 496 3442 in
515 3397 546 3443 te
564 3386 745 3445 laudandum
758 3383 850 3459 esset,
868 3386 945 3468 nihil
964 3389 996 3448 in
1014 3389 1073 3450 boc
1090 3384 1137 3451 trii
1156 3393 1235 3453 cele·
1313 3462 1318 3469 q

69 3471 178 3532 brandi
196 3469 355 3550 proposito
375 3468 468 3529 e'tuis
488 3468 611 3530 dotibus
628 3471 882 3555 praetereundum
896 3473 1065 3534 videretur:
1085 3466 1172 3537 nurid
1179 3499 1235 3538 ve-

69 3577 151 3629 reor,
169 3576 208 3614 ne
226 3554 384 3630 auditores>
399 3553 609 3635 defatigemus,
627 3556 773 3637 utminns
792 3555 932 3617 'alacriter
948 3558 1096 3640 accipiant
1110 3562 1236 3642 reliqua,

71 3642 97 3702 si
116 3642 153 3700 de
173 3640 231 3698 hoc
249 3639 360 3702 frustra
377 3659 535 3720 ungemur.
571 3640 648 3714 Quis
668 3640 749 3701 enim
771 3639 903 3721 speciem
928 3656 1010 3703 tuam
1030 3646 1167 3714 oratione
1186 3668 1237 3708 ex'-
1274 3709 1278 3715 ,

71 3725 199 3806 primat,
225 3745 314 3803 quam
332 3745 390 3784 nac
414 3724 512 3804 pictae
537 3737 588 3782 aut
614 3725 702 3784 fictae
726 3725 887 3808 imagines,
903 3730 1236 3808 praestantissimorum
1327 3776 1329 3781 -

72 3809 222 3870 artificum
241 3808 389 3868 industria
407 3808 595 3880 elaboratae,
620 3814 762 3889 superare
781 3807 917 3890 queant?
950 3810 1058 3893 Neque
1077 3815 1107 3875 id
1127 3816 1268 3876 miram*

73 3896 154 3955 dum.
171 3893 247 3952 Nam
266 3893 334 3952 illae
353 3892 732 3979 immobilesspectaintur,
749 3907 785 3954 ut
803 3895 965 3957 obscurum
984 3900 1041 3973 sit,
1059 3899 1243 3979 cuiusmodi,

73 3979 99 4039 si
117 3979 270 4050 viverent,
297 3989 492 4058 apparerent:
517 3977 570 4036 sed
588 3978 680 4038 animi
698 3978 744 4038 tui
762 3984 963 4042 mansuetudo
982 3994 1014 4042 et
1029 3983 1190 4061 dexteritas
1208 3986 1240 4046 in
1259 4005 1263 4011 “

75 4062 217 4123 omuibus
236 4062 296 4122 tuis
320 4062 405 4122 factis
430 4075 618 4126 venustatem
645 4064 782 4144 corporis
801 4065 910 4140 mirum
936 4067 1118 4128 in'rnodum
1143 4062 1255 4154 augeas

73 4147 121 4207 Ac
139 4151 209 4207 tuae
227 4147 341 4207 formae
359 4148 463 4220 laudes
480 4143 674 4228 (quamquam
692 4150 837 4229 praeterii
852 4149 975 4235 multas)
992 4151 1045 4212 has
1063 4154 1169 4233 liabeo.
1195 4157 1255 4231 De*

73 4231 276 4313 temperantia
291 4253 394 4305 ¹vero,¹
412 4231 614 4312 pulcherrima
636 4232 703 4292 lans
726 4234 777 4294 illa
802 4236 949 4312 occurrit,
974 4239 1075 4316 quod,
1100 4245 1167 4301 cum
1186 4238 1266 4304 ista*

74 4312 157 4379 aclas
184 4315 344 4378 calumniis
367 4316 502 4415 exposita
520 4317 577 4391 ait,
600 4316 660 4379 tibi
676 4341 735 4379 usu
760 4321 870 4394 venit,
884 4333 922 4382 ut
945 4322 1046 4402 potius
1071 4313 1244 4409 laudarere:

994 4411 1041 4484 42
