2722 4754
40 168 45 190 ι
126 130 286 246 ιω*
337 183 349 225 ι
426 117 1012 272 ιιΕιιοΕΕιιΕιιιΕοιιιιιο

7 336 23 361 ’“’
51 398 55 403 ,
136 330 233 397 ιιιοιιίἰ
251 320 402 390 actionem
419 323 568 396 instituit,
601 283 646 384 de·
657 347 718 405 quo
738 347 803 386 vos
802 326 899 386 ἰιιιιιί
898 283 1190 421 pronuntiabitis,
1194 334 1299 386 tamen

128 419 203 482 eius
222 410 390 475 testimonii
407 409 582 484 veritatem,
608 412 691 489 quod
716 432 768 471 sua
794 409 985 492 potissimum
1009 411 1134 484 refert,
1148 400 1299 490 explorare

138 499 316 596 quaestione
334 494 570 577 subterfugerit,
591 494 735 579 falsoque
754 496 880 570 dicat,
878 518 910 556 se
928 497 1013 577 illurn
1032 496 1158 594 propter
1175 495 1232 555 alia
1251 499 1300 556 de-

17 572 25 588 ⁰
90 584 321 670 spoposcisse.
357 579 440 655 Quid
458 601 531 638 vero
549 579 726 654 absurdius,
745 603 836 660 quam
855 585 937 657 eoru,
956 604 1024 641 cum
1044 581 1227 661 quiritetur,
1245 581 1301 642 ini·

130 691 197 760 ,quc
216 688 325 729 secum
339 685 403 724 usse
421 659 551 738 actum,
573 688 626 744 qur
617 659 799 727 hominem
824 665 952 726 liberum
972 668 1158 747 deposcens,
1193 679 1229 726 ut
1247 688 1300 749 ego

132 748 223 816 vobis
248 752 407 846 perspicue
433 750 621 841 ostendam,
633 767 697 809 non
714 752 898 831 acceperit,
906 751 1021 812 testes
1025 772 1090 811 non
1116 750 1220 830 iniqua
1240 753 1353 832 pati}

12 894 16 908 ι
87 851 90 854 ’
138 848 259 938 putare:
278 849 346 896 cunt
365 855 448 908 euru,
467 832 558 913 qu'em
576 855 695 894 servum
715 856 779 895 esse
798 820 969 908 constabat,
987 858 1036 896 me
1055 837 1092 895 de
1112 835 1201 896 dictis
1219 836 1288 897 testi

138 924 249 987 moniis
269 914 416 991 dedente,
443 919 577 998 accipere
595 919 661 998 ipse
678 921 844 980 recusarit?
879 923 943 998 Nec
959 921 1040 985 illud
1062 921 1178 980 causari
1196 933 1305 1002 potes⁴

79 1013 97 1080 s
140 1006 340 1103 quibusdam
338 1005 375 1063 de
393 1004 500 1076 rebus,
536 1025 609 1081 quas
628 1003 692 1084 ipse
702 1005 809 1085 cupit,
844 1006 1031 1086 perspicuam
1058 1018 1088 1065 et
1105 1006 1166 1065 fide
1185 1006 1296 1088 dignam
1304 1040 1327 1061 .
1357 1052 1361 1071 ,

103 1145 106 1149 ,
140 1114 218 1156 esse
216 1089 450 1172 quaestionem:
467 1088 506 1146 de
526 1087 706 1187 quibusdam
724 1110 796 1149 vero
816 1090 973 1167 obscuram
993 1103 1024 1150 et
1040 1091 1186 1164 fallacem
1217 1091 1326 1152 Prae*

139 1195 238 1250 terea,
267 1174 415 1245 ludices,
424 1172 548 1232 frater
540 1173 645 1246 istius,
670 1170 798 1247 Aesius,
824 1174 938 1254 primus
963 1174 1032 1236 hoc
1047 1197 1103 1256 pro
1129 1175 1348 1239 testimoniu-

84 1262 94 1271 ”
141 1265 226 1335 dixit,
245 1260 297 1339 qui
316 1279 413 1331 nunc,
432 1247 597 1316 adiutor'
563 1264 654 1330 ems,
672 1258 697 1317 it
714 1260 834 1334 infitias,
853 1260 905 1320 sed
924 1273 988 1320 tum
1005 1282 1066 1319 una
1086 1283 1155 1320 cum
1174 1256 1251 1320 aliis
1259 1283 1315 1320 as-

142 1347 253 1431 seruit,
283 1344 366 1423 quod
387 1363 492 1422 neque
517 1342 670 1422 peierare,
694 1365 795 1424 neque
820 1365 890 1404 mox
917 1367 934 1404 e
958 1346 1087 1427 vestigio
1115 1367 1131 1405 a
1158 1345 1297 1405 iudicibu.

58 1496 64 1507 ,
142 1423 339 1496 condemnari
355 1428 493 1493 volebat:
512 1447 613 1507 quem,
631 1450 657 1492 sr
647 1429 757 1489 falso
767 1429 944 1489 testimonio
962 1430 1018 1490 niti
1036 1430 1211 1510 placuisset,
1229 1429 1322 1490 hau·

141 1517 250 1596 utique
268 1514 301 1572 in
318 1506 410 1574 testes
434 1515 623 1610 retulissem,
645 1536 712 1573 cum
731 1516 880 1587 viderem,
904 1535 973 1581 eum
991 1514 1125 1596 Aphobo
1144 1534 1219 1574 esse
1238 1537 1262 1572 ιι
1284 1515 1291 1530 ’

132 1602 139 1613 ’
142 1623 194 1662 a
209 1599 440 1660 necessitudine
451 1597 752 1673 coniunctissimum,
777 1619 833 1658 nec
851 1601 1040 1682 ignorarem,
1066 1594 1274 1661 advocatum'
1265 1622 1276 1658 ι

72 1696 76 1763 ῥ
142 1688 290 1762 futurum,
307 1696 523 1782 praetereaque
540 1703 642 1742 meum
661 1704 726 1743 esse
743 1684 953 1750 adversarium.
977 1684 1041 1744 Nec
1052 1686 1140 1748 enim
1160 1707 1231 1747 cum
1249 1684 1281 1746 ul

102 1809 106 1813 -
132 1771 261 1832 ratione
281 1768 449 1840 consentit,
467 1767 623 1826 inimicum
641 1789 729 1826 suum
748 1782 789 1829 et
795 1770 961 1828 adversarii
973 1762 1096 1841 fratrem
1114 1770 1153 1829 ad
1169 1769 1287 1830 testim

123 1854 355 1917 =n1umsalsum
373 1853 535 1912 dicendum
553 1845 737 1912 inscribere.
756 1850 835 1912 Cum
853 1867 953 1915 autem
966 1853 1078 1913 harum
1095 1876 1200 1915 rerum
1216 1866 1361 1962 test?

76 1944 118 2002 25
144 1940 233 2003 multi
251 1939 324 1998 sint:
350 1958 413 1997 non
431 1938 548 1999 minora
563 1937 656 1996 nobis
675 1938 764 1996 etiam
783 1952 958 2019 argumenta
976 1941 1157 2023 suppetunt.
1181 1939 1231 1999 ΑΕ
1247 1940 1357 2019 pri

13 2033 25 2042 '
145 2048 244 2096 mum,
264 2023 323 2082 nisi
341 2044 375 2081 ea
394 2042 463 2095 vere
481 2022 674 2094 affirmasset,
689 2044 755 2081 non
774 2044 855 2083 nunc
874 2025 993 2083 demum
1005 2033 1156 2108 negaret,
1173 2025 1225 2085 sed
1243 2036 1348 2097 tun,

99 2125 110 2161 λ
144 2111 247 2173 statim
270 2107 408 2178 lecisset,
434 2128 502 2165 cum
527 2107 559 2166 in
584 2105 697 2166 iudicio
715 2107 923 2167 testimouium
942 2103 1112 2194 legeretur,
1138 2109 1191 2169 ubi
1214 2112 1337 2207 magfs

144 2192 304 2264 infitiatio,
322 2210 420 2270 quarn
438 2211 536 2264 nunc,
555 2213 583 2249 Ει
575 2191 772 2270 'profuisset
806 2193 930 2257 Deinde
944 2215 1008 2253 ιιοιι
1026 2194 1239 2273 conquiesset,
1258 2194 1328 2260 s'ed

25 2345 28 2350 ,
58 2270 63 2279 ’
142 2276 323 2340 ictionem'
314 2275 493 2335 iniuriarum
512 2288 616 2334 contra
636 2295 684 2333 me
707 2276 904 2349 instituisset,
931 2279 1039 2357 quod
1039 2299 1070 2338 se
1089 2279 1177 2347 falso
1187 2277 1290 2338 dicti
1278 2299 1316 2341 ur

80 2434 82 2437 v
144 2363 268 2424 fratrem
285 2360 352 2420 falsi
369 2361 538 2420 testimonii
554 2380 643 2423 reum
658 2356 812 2420 fecissem:
844 2383 904 2440 quo
924 2362 1037 2422 iudicio
1058 2360 1088 2423 et
1105 2362 1238 2443 pecunia
1255 2360 1308 2423 ho-

143 2449 262 2509 minum
289 2457 320 2505 et
344 2444 478 2526 dignitas
492 2445 599 2543 agitur
642 2445 751 2503 Iam
727 2464 837 2504 sarem
863 2447 1052 2546 explorare
1038 2460 1068 2506 et
1086 2448 1230 2518 evincere
1248 2458 1306 2506 stn-

57 2538 72 2608 “,
103 2561 106 2566 ·
146 2533 278 2593 duisset:
303 2550 450 2609 puerum,
475 2529 719 2609 quitestimonia
737 2530 936 2630 scripserat,
940 2536 1022 2622 arp'e
1040 2520 1245 2612 postulasset,
1267 2545 1305 2607 nt,

146 2638 184 2679 eo
208 2637 289 2675 ιιοιι
296 2614 425 2688 tradito,
450 2615 587 2674 vanitatis
608 2625 648 2671 et
655 2613 821 2673 iniustitiae
839 2601 1042 2691 convinceier.
1068 2616 1167 2675 Nunc'
1192 2627 1303 2676 tautum

53 2722 58 2727 '
82 2696 84 2701 ¹
145 2697 259 2770 abluit,
285 2711 320 2758 ut
337 2699 396 2758 tale
415 2699 576 2798 quicquam
594 2698 721 2770 fecerit,
741 2711 777 2757 ut
800 2719 873 2770 nec,
899 2687 1037 2760 tradente
1055 2722 1120 2801 me!
1150 2713 1305 2780 postquam

26 2782 32 2791 ’
65 2830 67 2834 ⁴
136 2788 202 2862 =iste
221 2784 358 2844 infitias
349 2785 421 2857 ivit,
447 2784 581 2863 accipere
604 2782 741 2842 voluerit
785 2782 874 2842 Adeo
897 2804 961 2844 non
986 2778 1093 2844 minus
1103 2786 1136 2845 in
1155 2784 1202 2845 his
1221 2785 1307 2845 etiam

144 2871 353 2953 quaestionem
370 2868 542 2929 formidant
577 2868 659 2926 ΗΕΕΕ
681 2880 716 2928 ut
740 2887 755 2924 a
780 2869 828 2926 me
850 2868 1015 2943 veredici,
1032 2883 1131 2949 atque
1151 2870 1239 2957 eum,
1258 2870 1328 2929 di-

67 2973 71 2979 ’
145 2969 194 3016 cto
213 2954 295 3012 inter
310 2952 463 3031 reliquos
456 2964 555 3011 testes
575 2949 762 3023 testimonio,
780 2972 843 3010 non
860 2973 985 3034 negasse
1004 2955 1105 3013 haec
1096 2976 1128 3017 ιιι
1146 2935 1224 3018 hoc
1223 2973 1307 3035 prae-

145 3039 227 3101 torio
245 3039 432 3109 adstantem,
451 3058 519 3107 cum
537 3036 745 3095 testimonium
763 3035 932 3116 legeretur,
952 3051 999 3111 et,
1017 3059 1065 3097 me
1085 3038 1216 3098 dedente
1233 3058 1308 3118 pue-

81 3123 94 3168 ’·
125 3147 212 3183 *rum
230 3121 463 3200 torquendum
454 3120 687 3200 rstis,·.accipere
706 3120 858 3202 noluisse,
878 3135 1009 3183 constet:
1026 3123 1201 3205 singulatim
1220 3122 1309 3183 etiam

145 3208 232 3268 vobis
250 3219 343 3268 testes
361 3207 533 3287 producam,
577 3207 705 3264 Arcesse
724 3205 799 3264 milri
818 3226 877 3265 eos.

584 3357 827 3402 TEers

69 3530 72 3535 g
193 3413 324 3540 Quod
342 3470 459 3533 autem,
479 3460 614 3533 ludices,
631 3453 767 3520 omnium
787 3481 907 3534 eorum,
926 3481 1003 3541 quae
1023 3461 1167 3536 diximus,
1185 3461 1311 3522 euiden-¹

78 3584 80 3589 ,
144 3543 301 3610 tissimum
321 3544 441 3686 signum
467 3565 532 3604 esse
556 3556 648 3634 puto,
676 3567 737 3624 quo
757 3546 940 3619 declaretur,
967 3546 1074 3606 hae'c
1064 3543 1157 3607 rstuui
1182 3567 1310 3629 respon

117 3674 120 3679 ,
146 3630 244 3702 disse,
267 3628 298 3687 id
316 3650 349 3688 re
351 3629 451 3688 seram,
486 3625 563 3691 Cum
582 3612 737 3714 hominem
755 3643 825 3710 post
841 3631 1064 3691 consessionem
1084 3652 1208 3720 eorum,
1235 3651 1310 3713 quae

88 3790 91 3795 ,
119 3742 122 3751 ¹
146 3735 162 3774 a
179 3713 308 3775 testibus
328 3713 406 3772 dicta
426 3726 513 3788 suut,
533 3736 549 3773 a
567 3735 615 3774 me
633 3715 826 3796 postularet,
835 3729 924 3795 atque
944 3736 1001 3799 ego
1021 3717 1134 3782 illum
1119 3742 1158 3777 ιιι
1177 3738 1215 3778 eo
1235 3737 1310 3797 quo-

74 3842 76 3847 ·
112 3831 115 3840 ·
147 3819 206 3880 que
224 3797 337 3858 fraudis
355 3797 469 3875 vellem
483 3796 680 3872 convincere,
699 3801 772 3879 quid
790 3800 900 3860 facio?
904 3801 1043 3862 Provoco
1063 3823 1133 3862 eum
1152 3804 1199 3863 ad
1194 3803 1311 3862 dicen-

19 3906 25 3925 ι
58 3936 62 3951 ,
147 3883 246 3945 dum'
237 3905 270 3942 ιιι
287 3884 468 3960 Ι)ΕιιιοιιΕιιι
466 3885 702 3958 testimonium,
730 3885 783 3964 qui
805 3898 927 3965 patruus
947 3887 1011 3946 cius
1031 3900 1078 3948 est
1090 3902 1127 3954 et
1143 3888 1248 3949 socius
1266 3886 1312 3946 in-

125 3969 303 4041 'iuriarum,
320 3978 421 4046 atque,
440 3968 515 4028 his
506 3992 537 4028 m
556 3970 799 4052 scriptarelatis,
819 3991 853 4029 ea
872 3971 970 4030 dicere
988 3957 1092 4045 iubeo,
1110 3986 1218 4054 eontra
1237 3990 1312 4052 quae

112 4064 115 4069 '
142 4073 242 4123 mune
248 4053 404 4116 actionem
413 4054 483 4113 salsi
500 4055 668 4116 testimonii
692 4055 830 4116 instituit.
866 4058 892 4114 ls
912 4076 983 4114 vero
999 4056 1132 4156 primum
1151 4059 1312 4139 impuden-

146 4149 196 4198 ter
210 4138 357 4238 negalrat.
375 4139 427 4198 scd
446 4138 573 4201 iubente
590 4128 715 4211 arbitro,
732 4141 780 4199 vel
799 4139 908 4214 dicere,
926 4140 1020 4199 vel
993 4162 1127 4224 eiurare,
1146 4143 1312 4226 aegerrime

148 4223 355 4282 testimonium
375 4224 465 4286 dixit
482 4224 622 4304 Atqui
597 4248 624 4285 Ει
642 4224 735 4284 homo
753 4225 805 4284 ille
823 4245 926 4285 servus
944 4225 1019 4300 fuit,
1031 4246 1088 4287 nec
1105 4228 1164 4288 iste
1184 4227 1311 4295 liberum

149 4325 219 4367 esse-
233 4307 316 4387 prius
335 4309 504 4370 confessus
502 4323 605 4371 erat:-
625 4309 746 4390 quid
720 4330 748 4369 er
765 4310 891 4384 accidit,
918 4324 954 4371 ut
970 4312 1183 4374 testimonium
1201 4314 1311 4374 diceret
