2722 4754
65 199 69 212 ¹
158 187 234 282 cro*
533 173 920 252 *ιιιιιιοιιιιιιιιι
1010 175 1062 260 ἡ·
1136 196 1140 209 ’

89 368 99 414 .'
156 336 270 409 dictum
288 342 450 415 videbitur,
467 355 577 402 utatur
598 341 753 422 Quicquid
772 343 852 402 enim
869 345 1036 424 prudenter
1052 335 1234 443 explicatum
1251 346 1329 407 suc·

155 430 221 511 rit,
234 436 297 499 uon
314 427 415 502 minus
433 441 582 499 vestrum,
609 427 661 507 qui
677 426 765 489 usuri
776 428 871 501 estis,
898 428 970 500 erit,
988 451 1079 508 quam
1098 424 1200 500 illius,
1219 432 1307 507 quiid

155 513 284 655 dixeriq¹
295 514 548 583 :fundamentum
575 512 716 593 quidem
722 523 805 572 certe
827 512 979 594 legitimae
1005 513 1233 574 deliberationis
1257 515 1307 576 boc

152 599 261 743 ξι,
264 600 333 657 ine
353 591 549 670 decernatur,
577 596 752 696 priusquam
772 596 824 669 ea,
851 619 887 657 ex
905 598 1026 677 quibus
1034 599 1158 657 decreta
1176 599 1307 676 pendent,

150 697 151 700 ’
194 678 255 740 dita
274 682 404 742 fuerint:
427 704 529 783 neque
548 683 627 742 enim
646 694 766 760 tempus
785 682 880 755 idem,
905 699 1005 762 neque
1022 682 1102 742 ratio
1123 693 1171 739 est
1189 694 1307 742 etcum

153 765 309 846 pioban'di
321 788 370 839 ea,
389 789 465 846 quac
484 769 544 826 visa
563 761 697 837 fuerint,
713 771 743 825 et
761 766 981 841 considerandi,
1000 767 1102 847 quid
1088 765 1231 854 ‘inprimis
1248 789 1307 846 pro

153 838 288 938 futurum
309 871 372 910 esse
394 852 536 959 videatur.
595 914 596 918 ,
647 893 667 901 --

134 935 200 969 ἰιι

561 1015 916 1024 —-———-——-——-—-—-

153 1135 346 1245 Vobiscum,
370 1161 597 1235 Athenienses,
615 1162 716 1241 prodii
734 1164 769 1221 ad
798 1163 1041 1234 deliberandum,
1067 1184 1106 1221 an
1125 1161 1200 1221 mihi
1219 1163 1306 1225 dicen·
1341 1164 1342 1169 '

154 1252 225 1309 dum
245 1261 334 1321 esset,
353 1267 409 1306 nec
428 1268 473 1306 ne.
508 1247 715 1344 Quamobrem
734 1260 833 1305 autem
852 1248 882 1304 id
902 1259 1032 1306 statuere
1052 1246 1219 1325 nequeam,
1235 1249 1315 1309 vobis·

53 1369 63 1379 =
154 1332 316 1413 explicabo.
334 1332 466 1391 Necesse
479 1331 602 1391 babet
594 1353 628 1404 is,
648 1330 699 1410 qui
718 1352 775 1390 nec
792 1331 861 1403 sibi,
879 1353 935 1390 nec
950 1332 1014 1390 aliis
1035 1330 1177 1402 blandiri,
1196 1328 1245 1393 sed
1262 1356 1306 1413 pro

115 1446 118 1451 ·
152 1417 238 1478 vobis
258 1419 369 1488 dicere,
389 1438 465 1517 quae
484 1416 610 1474 maxime
628 1415 785 1495 profutura
804 1436 979 1494 persuasum
998 1415 1135 1487 habet,
1127 1416 1268 1476 sustituit:
1283 1433 1307 1478 et

55 1574 56 1581 ι
109 1501 122 1579 j
154 1524 202 1566 ιιι
190 1497 460 1600 comprobare,
438 1521 513 1579 quae
531 1501 653 1578 utrique
671 1512 753 1560 recte
773 1501 923 1572 dixerunt,
942 1513 1109 1581 contraque
1128 1501 1306 1574 refellere,
1286 1527 1307 1562 si

153 1608 211 1666 qua
229 1586 344 1646 iniusta
359 1586 522 1683 postulant.
559 1584 679 1658 Quodsi
696 1605 749 1644 vos
774 1595 903 1664 utraque
928 1585 1001 1664 haec
1027 1584 1134 1644 audire
1153 1585 1306 1686 dignemini

151 1670 272 1753 paucis,
291 1671 387 1730 multo
405 1669 518 1730 rectius
536 1669 662 1746 reliquis
686 1669 776 1736 rebus
804 1668 984 1728 consuletis:
1011 1669 1061 1755 sin
1079 1682 1149 1731 ante
1169 1672 1304 1752 cognitio

94 1802 104 1828 a
152 1754 391 1856 nemresilietis,
410 1777 469 1814 usu
487 1752 575 1813 mibi
579 1753 691 1827 veniet,
708 1766 754 1853 pt,
770 1754 801 1813 iu
820 1766 945 1813 neutros
964 1750 1105 1827 iniurius,
1124 1755 1205 1834 apud
1222 1769 1308 1815 utros
1335 1802 1337 1807 Α

72 1852 79 1860 “
112 1858 115 1862 ’
153 1861 230 1920 que
222 1863 262 1900 ιιι
276 1838 395 1909 crimen
413 1840 548 1898 veniam:
574 1837 605 1896 iu
633 1860 692 1938 quo
712 1838 816 1918 inique
842 1860 960 1899 mecum
989 1851 1104 1920 agetur
1138 1839 1307 1899 Proinde
1287 1864 1308 1900 ss

63 1930 66 1936 '
92 1946 95 1951 ·
152 1925 275 1999 iubetis,
292 1925 392 1987 dicere
411 1947 477 1984 sum
496 1936 633 2005 paratus:
649 1925 696 1982 sin
715 1923 825 1996 minus,
845 1924 1052 1987 etiam'tacere
1071 1944 1137 1983 uon
1155 1936 1267 1984 recuso.

996 2096 1002 2125 k
1027 2076 1032 2083 ι

68 2217 129 2275 416
153 2195 229 2279 Et
218 2211 343 2292 rustum,
356 2216 571 2291 Athenienses,
586 2231 616 2277 et
628 2217 702 2276 utile
716 2191 855 2289 arbitror,
868 2230 904 2293 ut
918 2217 1042 2279 crimina
1059 2232 1091 2279 et
1105 2209 1300 2280 accusationes
1345 2274 1348 2282 ι

151 2311 219 2368 curn
239 2305 466 2365 deliberandum
487 2314 547 2373 est,
573 2303 701 2381 quisque
721 2301 860 2373 omittat,
887 2314 918 2360 et
935 2304 1103 2383 propositis
1121 2297 1160 2364 de
1178 2305 1263 2365 rebus
1280 2264 1309 2365 id

150 2394 238 2462 dieat,
258 2391 340 2468 quod
360 2388 515 2468 optimum
528 2407 592 2444 esse
612 2385 701 2445 ducit
719 2386 795 2444 Nam
815 2387 960 2465 quosdam
980 2409 1044 2446 esse
1060 2389 1093 2447 in
1109 2411 1202 2459 causa,
1218 2402 1305 2451 utres

152 2476 228 2544 male
247 2495 278 2533 se
297 2473 441 2543 babeant,
462 2491 573 2552 Ιιιιιιιιιι
599 2472 726 2530 scimus:
753 2491 813 2549 quo
832 2483 920 2551 pacto
944 2484 1045 2531 autem
1072 2475 1224 2533 emendari
1241 2495 1308 2554 que-

115 2566 116 2571 ’
144 2574 213 2630 aut,
232 2558 262 2618 id
280 2558 427 2638 explicare
447 2555 632 2615 consulentis
652 2555 787 2614 officium
807 2568 859 2614 est.
877 2555 1006 2641 Deinde,
1025 2578 1092 2616 mea
1108 2536 1229 2638 quidem
1247 2581 1308 2617 sen-

82 2684 88 2699 .
151 2643 263 2713 tentia,
281 2663 364 2706 acres
383 2638 633 2738 delinqueutium
645 2651 833 2698 accusatores
852 2635 940 2713 sunt,
959 2661 1022 2699 uon
1042 2654 1096 2721 qur
1087 2642 1224 2717 talibus
1242 2657 1309 2703 tem-

85 2735 98 2774 '-
149 2726 305 2816 poribus
297 2749 327 2785 ιιι
330 2732 410 2784 acta
428 2716 604 2802 inquirunt,
630 2724 761 2797 camilli
786 2723 882 2783 nullas
901 2744 1028 2805 poenas
1034 2721 1175 2799 dabunt,
1193 2729 1246 2786 sed
1263 2728 1308 2806 qui

149 2813 209 2874 tale
229 2811 390 2870 consilium
409 2811 479 2869 dare
502 2820 662 2888 poterunt,
687 2830 743 2908 ιιοι
767 2808 850 2888 quod
876 2809 1069 2870 incommoda
1093 2811 1169 2870 baec
1193 2813 1307 2892 propul-

150 2909 276 2967 sentur:
289 2894 398 2955 horum
417 2892 498 2952 enim
517 2913 607 2971 opera
626 2914 681 2972 per
699 2892 795 2952 otium
815 2895 900 2952 etde
919 2892 978 2952 illis
996 2917 1117 2955 sumere
1138 2896 1305 2989 supplicium

150 2976 298 3066 poteritis.
334 2978 379 3043 Ac
397 2978 453 3037 alia
474 2976 598 3055 quidem·
614 2973 720 3036 verba
733 2979 832 3049 omnia
858 2964 1079 3060 supervacanea
1102 3001 1174 3040 esse
1193 3001 1304 3041 censeo:

151 3084 227 3147 quae
247 3078 347 3125 autem
366 3063 403 3122 ad
423 3060 672 3121 deliberationem
692 3062 768 3122 ban'c
786 3062 943 3142 profutura
961 3076 1089 3144 putem,
1096 3086 1132 3124 ea
1151 3054 1264 3125 dicere
1262 3087 1306 3125 co-

150 3150 310 3231 nabor,
274 3171 301 3208 si
319 3148 401 3228 prius
420 3147 480 3205 boc
498 3159 614 3205 tantum
632 3143 880 3228 postularer0,'
856 3170 881 3206 ει
898 3146 993 3206 cuius
991 3148 1080 3213 forte
1098 3151 1172 3208 facti
1190 3151 1307 3209 mentio-

151 3240 222 3305 icem
241 3233 359 3306 lecero,
383 3253 422 3291 ne
442 3230 473 3290 id
498 3230 657 3295 accusandi
675 3231 778 3290 studio
801 3254 852 3292 me
872 3228 972 3291 dicere
989 3233 1122 3334 putetis,
1151 3235 1205 3292 sed
1221 3246 1255 3293 ut
1270 3233 1308 3304 iis,

152 3308 228 3418 qiiae
246 3331 312 3378 tum
330 3337 487 3403 perperam
507 3315 620 3399 egistis,
638 3306 807 3375 iudicandis
826 3327 961 3390 caveam,
979 3334 1024 3376 ue
1036 3317 1081 3376 ln
1087 3314 1204 3376 ‘similes
1223 3318 1307 3378 clades

151 3397 301 3463 incidatis,
641 3441 646 3464 ι

978 3594 979 3598 ’
985 3591 991 3615 l

62 3707 64 3712 ¹
154 3690 195 3776 Si
215 3717 304 3776 etiarn
324 3710 480 3795 superiore
499 3725 647 3791 ternpore,
665 3710 880 3785 Athenienses,
897 3712 990 3771 nullis
1004 3712 1118 3773 addicti
1136 3714 1272 3794 partibus
1288 3727 1313 3774 et

82 3828 100 3848 ⁸
152 3801 280 3874 studiis,
305 3801 346 3879 ita
370 3797 727 3878 tranquillisiuissemus,
753 3796 836 3855 utin
861 3796 1030 3895 praeseutia
1051 3819 1176 3858 sumus:
1205 3820 1261 3859 uec
1278 3820 1314 3868 ea,

152 3907 229 3968 quae
247 3906 329 3944 nuuc
346 3885 424 3944 sacta
442 3895 528 3954 suut,
548 3894 702 3940 eventura
707 3880 801 3939 fuisse
819 3880 947 3959 opinor,
967 3895 997 3941 et
1015 3892 1205 3949 caeterarum
1223 3904 1315 3942 rerum

56 4040 58 4045 ¹
116 3969 293 4031 =‘multae
284 3992 315 4028 ιιι
335 3969 404 4028 loco
422 3966 549 4027 meliore
574 3965 660 4025 vobis
680 3979 791 4024 essent:
822 3964 910 4025 Nunc
935 3967 1114 4046 petulantia
1130 3970 1314 4047 quorundam

150 4057 231 4128 lacit,
249 4067 284 4114 ut
301 4075 359 4113 nec
376 4052 509 4133 prodire,
527 4072 583 4110 nec
601 4071 753 4130 perorare,
771 4063 861 4149 atque
878 4051 956 4111 adeo
974 4073 1013 4110 ne
1031 4052 1181 4112 inchoare
1201 4055 1315 4133 quidem

114 4153 116 4158 “
151 4138 245 4199 liceat
259 4139 444 4199 orationem:
466 4157 528 4235 qua
548 4157 582 4194 ex
600 4157 633 4194 rc
652 4135 746 4194 multa
771 4134 935 4206 exsistunt,
965 4157 1060 4215 eaque
1086 4137 1171 4200 haud
1190 4139 1316 4200 fortassis

78 4235 80 4241 ‘
152 4224 331 4303 opportuu'a.
366 4221 514 4297 Quodsi
505 4233 561 4279 ista
578 4222 782 4299 percontanda
801 4232 889 4291 sunt,
915 4232 945 4279 ct
962 4241 1026 4279 uon
1051 4222 1318 4294 considerandum,

151 4308 228 4387 quid
255 4309 303 4387 agi
325 4306 504 4378 conveniat,
517 4305 697 4411 vestrisque
721 4305 937 4385 cupiditatibus
959 4327 1041 4365 nuuc
1063 4302 1317 4388 obsequendum:

922 4444 930 4469 Ι

924 4482 926 4489 Ι
1014 4505 1019 4528 t
