2722 4754
139 156 275 240 20⁸ss=
302 116 333 241 's
425 168 790 277 onuosruuurs
827 171 1026 269 ona'rro
1060 148 1076 204 2
1291 156 1331 244 j,

35 375 38 379 -
138 347 206 396 tur:
224 330 277 413 qui
295 311 359 392 tion
377 327 418 388 ita
435 326 554 409 pridem
572 324 706 389 'l'holum
725 326 823 392 adhuc
841 328 993 393 adorabat
1025 330 1123 403 ¹Libet
1138 344 1244 394 autem
1261 344 1336 403 ‚vo-⁴

129 421 186 498 ⁸bis
205 417 378 479 summatim
393 426 590 496 percurrere,
620 415 730 494 quibus
750 416 965 478 calliditatibus
983 432 1037 501 vot¹
1055 418 1235 502 Philippus,
1265 420 1320 482 ad-

49 499 53 505 ’
108 514 123 573 f
139 506 223 583 scitis
233 504 307 582 'istis
326 499 449 560 nefariis
467 500 676 581 adiutoribus,
696 502 935 563 circumvenerit
963 503 1098 565 Omnino
1117 519 1222 572 autem
1242 525 1320 587 ope-

139 611 191 653 rae
214 588 347 671 pretium
373 599 429 671 est,
453 588 642 669 perpendere
667 600 699 647 et
715 601 856 668 spectare
872 588 1017 656 ¹⁸fraudem
1039 591 1223 652 universam.
1261 591 1320 652 Ab

43 708 49 713 ·
140 676 230 737 initio
249 669 319 736 cum
335 694 440 756 pacem
461 686 632 754 expeteret,
666 673 838 757 latronibus
859 673 923 734 eius
941 697 1070 761 regnum
1089 676 1326 759 diripientibus,

44 756 45 759 ¹
140 760 312 842 clausisque
337 758 537 841 mercatibus,
569 772 605 818 ut
631 757 723 835 nullis
751 759 878 818 omuino
904 762 968 827 suis
992 763 1082 823 bonis
1107 762 1170 823 frui
1194 775 1321 845 posset:

140 847 225 917 misit
242 847 320 920 buc,
346 846 398 926 qni
422 845 552 904 humana
577 843 671 924 ipsius
697 844 789 904 verba
813 846 1042 923 renuntiarent,
1066 848 1323 930 Neoptolemum,

56 960 58 967 s
140 933 389 1005 Aristodemum,
408 927 646 1011 Ctesiphontem.
675 933 717 997 Ut
734 943 836 991 autem
854 952 910 992 uos
930 932 1022 1016 legati
1039 935 1196 996 venimus:
1216 935 1323 996 statim

44 1085 46 1088 ,
140 1021 234 1082 istum
253 1016 415 1090 conduxit,
442 1029 478 1076 ut
496 1010 676 1076 defenderet
699 1029 730 1076 et
754 1016 913 1078 adiuvaret
934 1019 1084 1080 nefarium
1101 1021 1322 1094 Philocratem,

68 1170 70 1179 ,
127 1121 265 1194 petitos,
284 1104 338 1185 qni
356 1101 515 1162 bonafide
533 1123 581 1161 res
601 1122 690 1184 agere
710 1094 957 1179 institueremus,
981 1120 1144 1187 superaret
1188 1105 1331 1188 Scripsit.

142 1198 174 1255 at
192 1191 352 1274 epistolam
369 1189 498 1262 advos,
536 1210 595 1268 qua
613 1208 645 1247 se
664 1187 711 1248 vel
730 1188 868 1271 inprimis
885 1212 990 1272 pacem
1008 1193 1244 1273 impetraturum
1263 1208 1326 1274 pu-

29 1291 37 1335 >
140 1275 228 1341 tavit:
255 1274 353 1352 nihilo
378 1273 473 1356 magis
496 1285 601 1334 tamen
625 1273 715 1334 etiam
739 1276 783 1337 sic
808 1276 836 1337 ei
855 1266 1017 1357 quicquam
1042 1299 1148 1360 gerere
1172 1291 1328 1361 magnum

50 1373 65 1386 ’“
141 1378 248 1441 contra
265 1383 318 1423 vos
337 1359 465 1433 licebat,
493 1358 553 1420 nisi
570 1359 744 1422 Phocenses
763 1363 952 1444 perdidisset
996 1365 1029 1424 Id
1049 1365 1121 1425 vero
1141 1365 1323 1446 expeditum

37 1490 39 1494 -
141 1473 206 1512 non
232 1460 303 1509 erat
347 1442 527 1523 Contractae
553 1446 635 1506 enim
660 1447 725 1508 eius
749 1470 797 1507 res
823 1442 909 1509 erant
932 1461 1076 1530 tanquam
1099 1445 1322 1532 satorqu'odam

40 1569 41 1572 η
127 1539 202 1600 huc
219 1535 327 1606 modo,
352 1545 389 1590 ut
405 1544 458 1592 aut
476 1531 553 1592 nihil
574 1549 706 1609 eorum,
722 1555 799 1614 quae
817 1535 926 1607 vellet,
952 1529 1056 1617 posset
1074 1526 1321 1617 conseqnistiut

76 1632 79 1637 ’
140 1642 265 1701 necesse
284 1618 411 1699 haberet
424 1617 559 1692 mentiri,
579 1619 725 1701 peierare,
745 1632 776 1679 et
793 1632 886 1682 testes
905 1642 977 1681 snae
995 1622 1201 1703 improbitatis
1219 1623 1319 1683 lacere

48 1746 52 1753 ι
141 1729 249 1769 omnes
269 1717 300 1766 et
319 1704 453 1764 Graecos
473 1717 504 1781 et
519 1704 678 1764 Barbaros.
720 1705 753 1764 Si
772 1706 854 1766 enim
871 1705 1044 1767 Phocenses
1063 1708 1164 1769 socios
1183 1707 1317 1789 recepis-

57 1840 59 1845 ,
141 1808 204 1868 set,
241 1804 273 1854 et
289 1790 448 1851 vobiscum
467 1790 510 1851 eis
529 1790 739 1850 iusiurandum
758 1786 908 1866 dedisset,
944 1793 1097 1853 Thebanis
1117 1807 1150 1854 et‘
1164 1793 1316 1855 Thessalis

143 1883 248 1941 datum
272 1877 483 1941 iusiurandum
507 1877 609 1938 statim
634 1874 748 1936 violare
774 1891 896 1938 coactus
922 1892 1027 1944 esset:
1040 1871 1173 1959 quornm
1199 1901 1233 1941 se
1259 1878 1316 1941 illis

79 1998 81 2007 ¹
141 1965 303 2039 Boeotiam
322 1963 535 2037 subacturum,
557 1962 604 2022 his
622 1962 764 2046 Pylaeam
780 1963 971 2027 redditurum
986 1965 1147 2027 iuraverat
1191 1966 1316 2033 Sineos

58 2113 60 2117 ,
142 2073 207 2114 uon
223 2049 407 2131 recepisset,
424 2048 504 2110 sient
521 2069 585 2109 non
603 2049 797 2124 admittebat,
815 2070 880 2110 nou
897 2051 1099 2131 permissuros
1116 2073 1172 2112 vos
1191 2051 1267 2125 sibi,
1284 2063 1318 2111 ut

39 2174 41 2179 s
142 2132 399 2222 progrederetur,
417 2134 559 2216 putabat,
579 2134 633 2193 'sed
651 2135 760 2195 auxilia
778 2135 924 2196 missuros
941 2135 979 2196 ad
998 2137 1103 2220 Pylas:
1130 2136 1319 2218 idque,'nisi

32 2220 33 2225 ἵ
110 2282 117 2298 ,
144 2224 266 2305 decepti
286 2221 408 2294 essetis,
435 2220 598 2281 fecissetis:
624 2222 710 2300 quod,
727 2221 754 2281 si
771 2221 874 2296 fieret,
893 2221 965 2300 sat'u
982 2223 1105 2284 videbat
1124 2224 1184 2285 sibi
1203 2223 1318 2290 aditum

36 2314 121 2370 ‚282
144 2308 211 2372 ess'e
235 2306 443 2370 interclusum.
486 2306 595 2386 Neque
620 2306 653 2366 id
680 2306 709 2366 ei
734 2319 800 2368 erat
822 2304 946 2383 ersaliis
971 2310 1239 2391 cognoscendum:
1266 2309 1338 2369 sed:

141 2396 274 2479 ipsemet
292 2393 356 2453 eius
374 2392 420 2450 rei
437 2391 496 2452 sibi
513 2392 599 2453 testis
619 2405 689 2453 erat.
732 2395 775 2453 Ut
798 2394 879 2453 enim
902 2392 1034 2473 primum
1052 2387 1240 2457 Phocenses
1247 2393 1320 2456 sub-

38 2518 40 2522 ·
142 2494 247 2566 egerat
260 2479 441 2560 Philippus,
457 2490 500 2554 ‘et
516 2477 636 2539 milites
661 2500 769 2541 eornm
794 2479 946 2540 occiderat
970 2502 1004 2540 ac
1022 2481 1131 2542 ducem
1150 2495 1245 2563 atque
1263 2480 1320 2548 im-

143 2562 315 2652 peratorem
335 2564 581 2640 onomarchum,
606 2579 689 2640 tum,
714 2566 741 2626 si
758 2566 932 2626 mortalium
951 2566 1088 2628 omnium
1106 2589 1199 2629 nemo
1218 2568 1321 2648 neque

83 2649 89 2653 ”
144 2655 298 2726 Graecus,
316 2672 428 2732 ‚neque
446 2651 594 2715 Barbarus
621 2673 710 2732 opem
735 2652 857 2712 tulisset
874 2652 1083 2714 Phocensibns
1109 2667 1233 2736 praeter
1249 2656 1326 2715 voss

33 2757 49 2798 ’.
143 2763 208 2813 nou
226 2740 319 2800 modo
339 2759 402 2797 non
420 2750 619 2820 penetrasset,
640 2751 692 2798 aut
708 2739 1007 2821 ingressus—eorum,
1027 2761 1104 2820 quae
1121 2739 1231 2814 voluit,
1249 2732 1321 2821 per-

66 2840 67 2847 ’
96 2828 99 2836 ’
143 2834 293 2911 patrasset
311 2824 497 2904 quicquam„
508 2824 563 2885 sed
580 2845 638 2883 nec
655 2844 751 2905 prope
769 2825 913 2885 accedere
931 2825 1089 2905 potuisset
1105 2827 1198 2887 *Satis
1215 2838 1320 2886 autem

71 2960 75 2965 .
136 2908 220 2983 ¹illud
237 2923 343 2983 norat,
362 2911 483 2990 opinor,
501 2930 533 2969 se
551 2921 633 2993 tum,
653 2933 721 2970 curn
740 2910 821 2970 inter
838 2911 864 2969 T
866 2910 1001 2971 hessalos
1021 2925 1101 2973 etse
1119 2935 1184 2974 uon
1202 2910 1320 2993 optime

144 2996 342 3080 conveniret,
376 3009 407 3056 et
423 2994 552 3056 Pheraei
569 2995 701 3077 primum
719 2996 858 3056 militiam
876 2996 1097 3072 detrectarent,
1131 2994 1162 3059 et
1179 2994 1323 3071 Thebani

141 3082 386 3154 succubuissent,
401 3081 583 3162 proelioque
597 3081 670 3141 victi
687 3095 798 3157 esseut,
814 3095 846 3142 et
860 3082 1042 3164 trophaeum
1059 3083 1096 3144 de
1112 3084 1155 3145 eis
1173 3083 1322 3156 erectum,

143 3191 209 3231 non
223 3181 385 3250 ,penetrare
404 3183 504 3248 posse,
523 3165 620 3229 sivos
639 3188 731 3249 opem
747 3168 884 3229 ferretis:
909 3190 976 3243 nec,
994 3169 1021 3229 si
1038 3170 1128 3230 armis
1147 3182 1324 3243 conaretur,

145 3255 308 3338 quicquam
333 3253 560 3338 perfecturum,
588 3253 648 3314 nisi
673 3254 763 3314 dolus
788 3254 971 3316 accessisset
1015 3258 1087 3331 Quo
1111 3269 1200 3336 pacto
1224 3255 1324 3339 igitur

143 3363 203 3402 nec
220 3352 324 3422 aperte
342 3339 481 3411 mentiar,
500 3351 531 3400 et
548 3338 613 3400 sine
632 3340 759 3422 periurii
777 3339 899 3401 infamia
917 3341 1029 3415 omnia,
1048 3363 1125 3422 quae
1140 3341 1224 3416 uolo,
1244 3360 1322 3401 con-

145 3425 275 3507 sequar?
303 3424 489 3500 Quomodo?
500 3439 503 3445 '
516 3425 584 3485 Sic:
602 3426 628 3485 si
647 3447 723 3506 quos
741 3425 947 3488 Athenienses
966 3427 1131 3502 invenero,
1150 3426 1204 3509 qni
1220 3425 1323 3487 Athe·-

145 3513 267 3574 nienses
286 3511 454 3593 decipiant:
478 3510 509 3570 id
529 3511 610 3574 enim
627 3512 775 3594 probrum
793 3512 852 3572 iam
863 3521 972 3575 'meum
990 3535 1055 3574 uon
1074 3513 1139 3574 erit
1182 3513 1260 3583 lude
1278 3513 1325 3572 sa·

29 3607 41 3627 '
97 3601 101 3606 ’
144 3611 228 3660 etum
246 3610 309 3671 est,
333 3610 369 3657 ut
387 3597 451 3658 eius
469 3596 562 3680 legati
579 3597 666 3658 vobis
684 3611 754 3658 ante
774 3598 927 3673 dicerent,
949 3600 1123 3661 Phocenses
1142 3621 1158 3659 a
1176 3597 1324 3680 Philippo

145 3684 179 3744 in
197 3684 373 3744 societatem
392 3704 456 3743 non
474 3683 577 3765 recipi.
620 3684 674 3744 Isti
686 3698 792 3745 autem
810 3706 999 3759 successere,
1024 3698 1126 3768 atque*
1134 3686 1177 3760 ita
1195 3682 1325 3745 concio-

62 3827 67 3841 ,
145 3770 210 3832 uati
227 3783 317 3832 sunta
332 3770 430 3850 palam
448 3791 512 3831 uon
530 3790 601 3830 sane
621 3771 816 3848 commodum
836 3792 902 3838 esse
920 3771 1074 3853 Philippo,
1092 3774 1124 3833 in
1134 3771 1326 3836 societatem

60 3904 64 3915 ,
113 3856 115 3861 “
145 3857 282 3939 recipere
300 3855 491 3928 Phocenses,
508 3869 636 3938 propter
652 3856 815 3918 Thebanos
835 3871 866 3919 et
883 3858 1062 3919 Thessalost
1086 3860 1141 3920 sed
1159 3859 1186 3918 si
1196 3868 1325 3936 ‘summa

70 3957 72 3960 ·
141 3956 249 4020 rerum
267 3942 420 4023 potiretur
438 3953 469 4001 et
485 3963 591 4023 pacem
615 3943 808 4025 impetraret,
844 3964 922 4024 quae
947 3966 1030 4004 nunc
1048 3967 1118 4005 eum
1136 3942 1252 4026 pacisci
1268 3961 1327 4024 po-

59 4099 67 4115 !
146 4029 305 4102 stulemus,
323 4041 389 4088 tum
406 4026 564 4089 facturum.
593 4029 703 4090 Pacem
720 4029 817 4112 igitur
832 4029 879 4090 his
897 4029 1173 4110 pollicitationibus
1189 4042 1226 4093 et
1245 4025 1328 4093 dolis

149 4128 181 4175 et
204 4113 399 4191 ille-cebrisa
423 4113 509 4174 vobis
536 4113 601 4175 siue
624 4115 836 4176 Phocensibns
871 4115 1079 4197 impetrarunt
1114 4117 1190 4182 Post
1217 4113 1327 4199 prohi-

45 4234 75 4277 χ
145 4199 284 4262 bendum
309 4213 400 4271 erat,
420 4219 459 4258 ne
484 4201 522 4260 ad
548 4199 638 4284 Pylas
662 4199 771 4260 auxilia
796 4201 1006 4265 mitterentur:
1043 4203 1129 4264 cuius
1155 4203 1202 4263 rei
1228 4201 1328 4304 gratia

57 4293 62 4307 '
140 4288 179 4354 ,L
200 4279 346 4347 ‘triremes
363 4285 404 4353 -in
429 4285 611 4366 xpropinquo
637 4285 670 4345 in
693 4287 812 4347 ancoris
837 4276 976 4361 stabant,
1006 4303 1060 4363 ut,
1080 4288 1127 4369 ,si
1145 4286 1329 4370 proficisse}

148 4385 235 4434 retur
268 4369 455 4451 Philippus,
480 4391 534 4433 ros
567 4369 808 4452 prohiberetis-J
831 4373 916 4460 Quid
950 4373 1084 4463 igituril
1105 4397 1185 4456 quae
1212 4375 1327 4438 iterum
