2722 4754
65 152 193 253 ¹102
340 174 1040 265 --‚oauosruunrsoaarro
1130 134 1133 139 ¹

131 343 281 419 Achaeos,
297 344 351 424 qui
368 343 615 422 Peloponnesum
632 341 781 417 incolunt,
798 343 907 405 liberas
925 341 1066 403 habuisse
1085 339 1229 401 civitates.
1258 334 1302 397 At

115 432 259 491 Macedo
277 450 358 489 nuuc
372 427 602 489 Pellenaeoruns
620 430 836 510 rempublicam
854 429 1019 511 abrogavit,
1038 426 1148 487 eiectis*
1159 421 1302 504 plurimis

101 556 105 563 .
132 516 258 588 civibus,
277 515 461 592 illorumque
480 533 552 595 opes
566 513 659 576 servis
678 514 811 588 tradidit,
829 513 988 576 Chaerone
1005 510 1177 594 palaestrita
1194 523 1303 593 tyran-

134 620 175 660 no
194 599 353 678 imposito:
369 617 517 658 'nos-vero
535 599 616 681 pacis
636 601 699 660 eins
718 600 879 681 participes
894 620 1018 673 sumus,
1036 618 1112 677 quae
1129 595 1218 655 iubet
1237 613 1305 666 eos,
1349 661 1352 669 Ι

133 684 203 745 talia
222 682 275 762 qui
291 683 435 756 fecerint,
453 704 509 765 pro
528 684 667 765 hostibus
686 685 797 745 haberi.
832 686 919 760 Quae
937 706 1031 764 quum
1048 683 1089 741 ita
1100 681 1177 756 sint,
1195 686 1305 739 utrum
1351 686 1353 693 '

135 768 347 829 communibus
365 769 453 829 iussis
470 770 659 851 parebimus,
670 820 675 829 .
686 768 819 834 babituri
837 792 889 831 eos
908 791 963 850 pro
986 768 1142 828 hostibus:
1168 786 1207 825 an
1226 782 1304 824 vero

86 910 89 915 .
135 853 244 932 aliquis
262 875 299 914 er
316 858 422 914 eorum
440 876 579 928 numero,
597 855 650 934 qui
667 855 826 916 Macedoni
844 856 983 915 mercede
1002 852 1146 915 conducti
1163 849 1306 910 serviunt

135 951 167 998 et
184 937 217 998 in
233 952 362 999 vestram
379 939 544 1019 perniciem
561 940 740 1020 locupletati
756 954 837 1014 sunt,
853 954 915 1001 tam
933 939 991 999 erit
1006 937 1163 1019 improbus
1182 948 1215 995 et
1233 954 1305 1015 per-

48 1026 51 1033 '
135 1023 240 1092 frictae
258 1023 384 1097 frontis,
407 1036 443 1082 ut
460 1024 492 1082 id
509 1024 576 1085 fieri
593 1037 736 1104 oportere
754 1027 868 1109 neget?
902 1026 967 1085 Nec
986 1025 1067 1084 enim
1086 1018 1304 1098 horum-quic-
1333 1050 1336 1055 ·

137 1130 228 1190 quam
247 1130 299 1168 eos
316 1107 474 1189 praeterit:
492 1109 546 1167 sed
563 1121 646 1169 tanta
664 1110 786 1177 illorum
804 1111 965 1171 insolentia
983 1123 1038 1183 est,
1055 1121 1101 1182 nt,
1119 1104 1305 1167 exercitibus

137 1193 258 1280 tyranni
275 1207 418 1273 tanquam
436 1192 573 1253 custodia
591 1193 711 1270 muniti,
724 1192 781 1256 ¹uos
801 1209 831 1256 et
846 1197 1056 1256 iusiurandum
1073 1191 1221 1253 violatum
1240 1209 1305 1249 ser-
1334 1198 1337 1203 '

136 1300 206 1340 vare
226 1279 404 1352 hortentur,
430 1277 605 1357 quasivero
623 1279 674 1340 ille
699 1282 825 1362 periurii
839 1281 938 1343 etiam
957 1279 1097 1341 dominus
1116 1277 1173 1350 sit,
1202 1288 1236 1335 et
1251 1292 1305 1333 ve·
1329 1292 1333 1297 ·

37 1435 47 1441 ,
137 1378 213 1426 stras
231 1365 313 1446 leges
331 1383 386 1423 vos
402 1362 551 1444 abrogare
569 1378 688 1447 cogant,
703 1368 779 1427 dum
797 1379 828 1427 et
845 1365 1004 1428 sententiis
1022 1361 1313 1441 iudicum.damna--

126 1463 186 1511 >tos
204 1448 384 1522 absolvunt,
408 1447 513 1509 etalia
531 1449 666 1511 eiusdem
682 1452 803 1534 generis
822 1452 957 1526 infinita,
984 1459 1217 1530 quaepuguant
1236 1466 1304 1505 cum

32 1570 36 1579 ι
137 1534 267 1617 legibus,
285 1534 546 1619 committere-vos
564 1549 686 1618 cogunt
698 1559 767 1597 =nec
781 1538 812 1597 id
828 1539 938 1597 mhnm
957 1549 1009 1596 est
1025 1534 1104 1594 Nam
1122 1532 1176 1613 qui
1191 1541 1304 1593 semet-

137 1620 221 1701 ipsos
238 1619 271 1679 in
288 1618 401 1699 patriae
419 1618 585 1700 perniciem
603 1621 822 1694 vendiderunt,
840 1623 882 1696 hi,
900 1623 967 1682 fieri
984 1621 1155 1699 nequit-ut
1171 1617 1257 1699 leges
1276 1610 1309 1673 et'

126 1705 348 1764 'iusiurandum
367 1717 490 1764 curent:
514 1705 569 1765 sed
586 1707 659 1767 solis
677 1707 851 1768 nominibus
878 1708 1037 1771 abutentes
1063 1705 1167 1765 lucum
1190 1700 1308 1779 faciunt
1321 1718 1349 1763 ,-

139 1791 196 1863 his,
216 1789 269 1868 qui
285 1810 350 1849 non
367 1801 403 1849 nt
419 1789 617 1865 iudices,‚sed
634 1791 759 1852 fallendi
776 1793 921 1873 temporis
939 1792 1034 1875 gratia
1052 1791 1212 1861 duntaxat,
1232 1805 1323 1845 con··

141 1874 279 1945 sionibus
302 1873 469 1934 intersunt:
495 1896 595 1956 neque
618 1889 744 1958 putant,
769 1877 845 1937 banc
868 1876 1117 1957 tranquillitatem
1141 1870 1309 1953 aliquando

140 1961 207 2020 fore
226 1980 344 2020 causam
362 1956 479 2021 subitae
498 1974 529 2021 et
546 1983 671 2044 magnae
689 1962 882 2043 tempestatis.
900 1964 967 2045 Ego
984 1970 1057 2022 vero
1076 1959 1183 2032 iubeo,
1199 1976 1309 2038 queto-

142 2045 306 2106 admodum
320 2045 407 2105 initio
427 2045 497 2119 dixi,
514 2068 619 2128 parere
635 2047 691 2123 his,
709 2049 761 2128 qui
779 2048 938 2121 affirmant,
956 2045 1128 2107 communia
1138 2055 1232 2124 pacta
1245 2060 1309 2101 ser-

143 2130 205 2191 vari
223 2141 374 2213 oportere.
398 2130 457 2191 nisi
475 2130 648 2194 forteillud
665 2147 788 2214 putant,
808 2155 876 2194 cum
895 2133 1001 2193 dicunt
1015 2131 1158 2191 ¹standum
1176 2142 1248 2189 esse·
1261 2126 1310 2185 iu-

141 2215 320 2288 reiurando,
347 2236 379 2275 se
398 2237 462 2275 non
479 2215 538 2277 hoc
556 2217 674 2292 dicere,
700 2219 814 2278 nullam
839 2210 1042 2300 accipiendam
1066 2235 1133 2275 esse
1150 2212 1311 2275 iniuriam:

62 2306 120 2363 tas
146 2313 178 2361 et
195 2292 347 2361 neminem
364 2301 641 2381 animadversurum
659 2305 830 2385 opinantur,
848 2303 1023 2387 tyrannides
1041 2322 1098 2401 pro
1116 2294 1312 2361 democratiis

146 2387 291 2457 constitui
309 2398 340 2446 et
363 2386 548 2467 respublicas
574 2389 720 2472 abrogari.
754 2390 822 2449 Hoc
840 2410 912 2450 vero
940 2386 1113 2468 cumprimis
1132 2396 1180 2445 est
1195 2382 1312 2445 ridicu-

143 2471 224 2539 lum:
250 2493 344 2551 quum
361 2471 486 2532 foedere
504 2474 544 2541 sit
561 2476 800 2559 promulgatum,
819 2473 1021 2535 assessoribus
1036 2484 1071 2532 et
1087 2470 1153 2532 aliis
1170 2470 1208 2529 ad
1227 2488 1320 2545 eom*-

146 2572 270 2618 munem
283 2556 450 2635 custodiam
464 2559 588 2620 delectis
601 2568 667 2621 esse
681 2561 912 2641 prouidendum,
930 2580 969 2619 ne
981 2559 1014 2617 iu
1026 2556 1166 2629 urbibus,
1184 2555 1223 2615 ad
1236 2572 1314 2634 quat

78 2678 83 2701 2
145 2664 202 2724 pax
219 2642 362 2714 attineat,
391 2643 497 2703 caedes
514 2645 591 2705 fiant
605 2659 659 2707 aut
676 2646 778 2715 exsilia
803 2650 908 2707 eontra
924 2645 1009 2727 leges
1026 2643 1085 2703 illis
1100 2634 1233 2723 urbibus
1247 2634 1312 2697 usi,
1336 2685 1342 2690 .

145 2740 240 2800 tatas,
257 2748 333 2787 neve
351 2727 496 2807 pecuniae
514 2730 718 2810 publicentur,
735 2752 811 2793 neve
824 2731 908 2813 leges
922 2728 1056 2813 agrariae
1064 2722 1218 2798 feramur,
1228 2741 1313 2791 ,neve

41 2814 44 2819 ’
146 2833 242 2874 novae
260 2811 380 2872 tabulae
394 2813 472 2872 hant
487 2827 550 2876 ¹aut
567 2817 647 2896 servi
663 2818 700 2877 ad
719 2816 833 2897 pileum
850 2828 1016 2887 vocentur,
1044 2832 1193 2875 novarum
1209 2826 1313 2869 rerum

146 2897 276 2961 studio:
294 2896 345 2971 isti
362 2908 480 2956 tantum
494 2899 625 2977 absunt,
641 2915 678 2962 ut
694 2902 856 2982 quicquam
874 2901 934 2961 tale
952 2899 1151 2982 prohibeant,
1167 2908 1205 2957 ut
1222 2893 1314 2955 etiarn
1338 2930 1353 2945 ν.

147 2983 301 3051 adiutores
318 2980 387 3042 sint
414 2983 477 3057 Qui
494 3005 597 3047 annon
614 2988 680 3047 iure
699 2987 816 3067 optimo
826 2987 1038 3068 perimentur,
1050 3007 1120 3045 cum
1129 2994 1235 3042 tantas
1255 2978 1314 3039 cla-

139 3072 208 3149 ¹‘des'
220 3068 253 3127 in
269 3067 361 3128 urbes
379 3066 541 3144 invehant,
558 3083 594 3131 ut
610 3085 736 3153 propter
753 3093 855 3131 earum
873 3071 1003 3133 cladium
1020 3066 1261 3152 magnitudinem
1277 3062 1314 3121 il-

148 3156 216 3226 tis,
229 3153 283 3233 q'ui
300 3166 349 3213 tot
364 3173 493 3213 numero
509 3169 600 3231 sunt,
625 3157 805 3238 imperatum
823 3157 880 3231 sit,
895 3179 943 3219 -ne
962 3157 999 3216 ad
1018 3176 1066 3217 eas
1093 3146 1315 3233 conniverent?

149 3242 239 3301 Nunc
256 3238 338 3299 uliud
357 3240 524 3314 ostendam,
542 3263 604 3320 quo
622 3243 758 3303 solutum
776 3256 822 3303 est
838 3243 956 3303 foedus
981 3241 1133 3321 Scriptum
1152 3249 1212 3309 est,
1226 3255 1315 3295 exsu-

149 3326 229 3387 libus
247 3343 311 3383 non
328 3323 419 3384 licere
444 3325 611 3408 progressis
630 3327 782 3407 exaliqua
800 3327 875 3389 urbe
894 3328 1064 3398 foederata,
1089 3322 1210 3383 infestis
1226 3314 1316 3389 armis

145 3412 243 3493 ¹ullam
260 3409 367 3471 urbem
378 3410 574 3475 'foederatam
591 3413 729 3496 aggredi:
747 3414 840 3492 -quod
857 3413 886 3473 si.
901 3413 967 3486 fiat,
985 3406 1059 3472 'eam
1076 3409 1203 3480 urbem,
1220 3424 1244 3465 e·
1255 3424 1318 3485 qua
1337 3412 1342 3422 ’

150 3493 281 3577 profecti
298 3494 375 3567 sint,
394 3494 518 3558 foedere
537 3499 760 3559 excludendam
792 3496 837 3561 At
854 3499 981 3558 Macedo
998 3509 1060 3561 tarn
1078 3493 1320 3575 expedite-arma

152 3579 355 3653 circumtulit,
373 3592 408 3640 ut
426 3603 579 3663 nunquam
599 3605 633 3643 ea
653 3583 845 3664 deposuerit,
863 3584 917 3643 sed
936 3582 1026 3647 etiam
1044 3602 1126 3641 nunc
1145 3600 1180 3639 ea
1197 3594 1321 3659 gerens,

152 3677 436 3748 quantumpotest,
462 3665 562 3727 omnia
586 3682 782 3752 pervagetur:
800 3669 897 3748 idque.
910 3680 995 3737 tanto
1007 3688 1096 3725 nunc
1115 3663 1323 3745 magisquam

153 3753 254 3834 prius,
272 3762 307 3809 ut
325 3750 425 3811 edicto
445 3775 513 3813 cum
529 3753 606 3813 alios
626 3753 658 3813 iu
675 3754 746 3815 alias
765 3754 872 3826 urbes,
886 3766 960 3813 tum
979 3744 1192 3827 Paedotribam
1210 3746 1324 3829 Sicyo-

153 3860 224 3899 nern
249 3835 423 3909 restituerit
458 3839 562 3913 Quare
580 3841 605 3899 si
631 3840 788 3901 cornmuni
809 3839 928 3907 foederi
952 3838 1119 3919 parendum
1137 3846 1199 3913 est,
1216 3844 1255 3891 ut
1272 3829 1327 3895 isli

149 3925 253 3985 aiurat:
267 3921 391 3982 foedere
401 3937 507 3985 nostro
519 3925 827 3998 excludentnrurbes,
837 3946 915 4004 quae
925 3922 1193 4003 taliaperegerunt
1212 3916 1327 3991 Quod*

153 4009 180 4069 si
197 4024 267 4069 vera
285 4006 463 4069 occultanda
480 4022 567 4083 sunt:
593 4009 669 4075 nihil
687 4010 787 4071 dicere
814 4030 937 4069 necesse
956 4020 1018 4079 est,
1037 4002 1255 4087 -blacedonicas¹
1275 4022 1329 4076 eas

130 4106 132 4113 '
156 4116 229 4155 esse.
247 4092 301 4155 Sin
319 4093 448 4155 ministri
463 4095 647 4167 blaeedonis,
664 4095 825 4159 adversarii
838 4093 941 4165 vestri,
959 4093 1063 4161 iubere
1072 4112 1142 4149 :non
1157 4087 1330 4158 desistunt,

109 4214 113 4219 ,
156 4192 208 4252 ut,
234 4200 310 4259 quae
329 4180 541 4259 communibus
560 4179 652 4260 pactis
679 4172 902 4251 continentur„
917 4176 1138 4257 exsequamini:
1158 4192 1339 4253 -parearnus'

156 4264 218 4339 cis,
236 4263 380 4344 qnoniam
399 4287 495 4346 aequa
511 4264 633 4329 dicunt:
661 4279 709 4336 ot,
727 4264 982 4344 quemadmodum
1000 4260 1208 4325 iusiurandum
1228 4256 1333 4325 luheb

111 4412 114 4416 ,
157 4351 349 4411 excludamus
367 4350 437 4422 illos
455 4352 594 4417 loedere:
620 4349 890 4422 acdeliberemns,
916 4348 1073 4428 quomodo
1096 4342 1246 4413 nutandi
1265 4340 1336 4401 sint
