2722 4754
84 190 210 247 aaa
295 175 297 178 ·
386 132 1016 283 schoschanim-sirio

28 353 42 387 V
136 330 191 404 sos
210 330 365 409 detinens,
387 330 418 396 et
434 332 561 417 propter
576 337 727 412 rationem
743 338 889 419 temporis
908 358 1046 420 magnam
1065 333 1241 417 potentiam
1260 353 1315 394 na-

126 421 220 500 ctus,
245 422 399 486 veteribus
414 419 543 503 iegibus
568 422 661 484 inea
683 444 717 482 re
742 422 801 482 sibi
816 444 890 487 >non
908 443 981 483 ‘esse
1006 422 1156 482 utendum
1181 419 1318 494 censuit,

138 534 210 586 nec,
228 511 321 568 sicas
339 506 410 566 satis
429 521 495 567 esse
514 527 577 567 non
595 508 734 588 putabat,
752 529 846 568 novas
864 509 1021 571 ferendas:
1037 508 1091 567 sed
1111 507 1243 569 decreta.
1254 525 1318 585 pro
1336 558 1339 562 .

138 595 287 660 concione
303 589 457 651 referebat
474 592 589 652 auscia-
607 605 638 652 ct
655 593 805 653 contraria
823 593 963 675 iegibus„
986 614 1043 674 per
1060 612 1145 672 quae
1157 590 1319 672 praevari-

138 696 221 743 catus
237 676 416 741 ¹etzmultum
434 677 521 736 vobis
539 678 655 737 furatus
675 691 738 750 est,
765 700 833 737 cum
853 679 1085 739 Undecimriros
1104 677 1195 757 sequi
1213 697 1250 738 se
1265 675 1326 735 ἰιι-Δ

123 756 243 842 beret,
260 781 376 842 eosque
394 783 499 822 secum
515 764 553 822 ad
571 762 682 822 civium
700 762 790 823 aedes
807 762 986 845 adduceret
1012 763 1059 827 Ac
1077 759 1317 834 Euctemonent,

25 871 32 888 ⁰
136 870 235 930 aquo
260 870 292 908 se
316 848 607 927 redacturum„aut
629 847 791 928 ipsum-de
814 867 871 906 suo
896 862 1125 909 numeraturum
1148 847 1341 929 pecuniam‘

137 932 355 1020 profitebatur,
371 928 465 991 ‘nullo
489 932 582 991 modo
606 930 675 1002 eius,
694 932 740 992 rei
762 932 943 1009 convincere
961 933 1075 1014 potuit:
1101 934 1156 994 sed
1181 954 1199 993 a
1223 932 1315 993 vobis

137 1020 256 1103 exegit,
281 1018 425 1096 tanquam
448 1037 513 1076 non
530 1017 747 1091 Euctemonis,
773 1019 827 1078 sed
850 1018 944 1079 vestri
969 1018 1040 1078 odio
1066 1014 1317 1098 boc-negotium
1351 1049 1354 1053 ·

127 1104 344 1185 suscepisset„
370 1102 478 1182 Neque
497 1102 658 1182 quisquam
676 1102 777 1162 dicere
795 1123 844 1162 me
861 1115 964 1184 putet,
988 1125 1005 1163 a
1023 1103 1216 1164 debitoribus
1235 1101 1319 1163 nihii¹
1345 1128 1360 1147 x

48 1232 50 1236 .
136 1192 231 1264 fuisse
251 1187 444 1270 exigendum<
458 1186 529 1246 Fuit
548 1188 630 1248 enim
650 1188 849 1270 exigenduma
866 1189 920 1248 scd
938 1188 1117 1268 quomodo?
1136 1191 1179 1254 Ut
1189 1183 1315 1258 lecin-

116 1346 119 1357 Α
140 1277 212 1350 bet,
230 1274 360 1353 aliorum
378 1293 483 1332 causa:
500 1271 532 1332 id
552 1273 632 1335 enim
649 1273 797 1354 popplare
814 1284 868 1332 est.
892 1272 1001 1353 Neque
1020 1268 1119 1346 enim,
1135 1270 1320 1333 Athenien-.

89 1432 93 1437 ,
139 1383 206 1434 ses,
234 1357 352 1420 tantilla
369 1357 499 1439 pecunia
518 1378 587 1417 eum
606 1359 787 1435 admodum
804 1359 942 1431 redacta,
972 1371 1090 1431 tantum
1106 1359 1243 1420 fructum
1262 1378 1322 1437 ce·-

65 1495 68 1498 ,
139 1446 245 1529 pistis,
256 1456 405 1524 quautam
423 1443 568 1519 iacturam
586 1443 717 1516 lecistis,
738 1443 849 1504 talibus
867 1442 1015 1505 institutis
1032 1444 1162 1504 invectis
1179 1443 1213 1507 iu
1230 1463 1315 1504 rem-

138 1530 298 1613 publicam.
317 1527 395 1588 Nam
411 1528 437 1587 si
457 1528 617 1607 quaeratis,
634 1550 693 1609 qna
711 1529 812 1610 gratia
823 1529 962 1608 videatur
979 1529 1142 1610 optabilius
1161 1524 1194 1591 in
1211 1548 1317 1610 popu-

10 1613 17 1618 ’
73 1682 75 1687 ,
127 1616 195 1677 'lari
213 1615 324 1696 deg‘ere
341 1612 487 1692 imperio,
506 1634 595 1692 quam
613 1614 646 1674 in
662 1635 834 1695 paucorum·
848 1614 1021 1675 dominatu:
1039 1615 1099 1675 hoc
1116 1614 1332 1696 potissimum

34 1730 41 1738 ·
141 1720 206 1761 esse
229 1699 265 1763 ,in
285 1710 412 1778 promtu
436 1698 613 1778 reperietis,
646 1700 729 1779 quod
752 1699 785 1758 in
807 1698 905 1760 libera
928 1698 1084 1781 republica
1099 1698 1212 1761 ,omnia
1239 1711 1319 1760 sunt·

53 1795 115 1850 387
139 1782 343 1848 clementiora.
373 1784 467 1842 Istum
485 1795 585 1843 autem
604 1780 652 1857 se,
665 1806 756 1864 quarn
773 1785 807 1844 in
823 1784 1030 1865 ullausq-uam
1048 1784 1226 1868 oligarchia,
1243 1805 1335 1866 gese,

138 1873 213 1934 sisse
239 1867 438 1940 insolentius,
464 1881 631 1947 praetereo.
674 1868 735 1929 Sed
757 1870 791 1928 iu
815 1882 915 1930 vestra
940 1871 1016 1942 urbe
1045 1871 1168 1950 quando
1193 1863 1347 1941 sumnia„

104 1988 107 1993 ’
133 1932 301 2029 ¹crudelitas
319 1952 434 2038 viguit?
453 1952 524 2012 ¹Sub
541 1952 666 2036 triginta
683 1953 836 2036 tyrannis,
855 1967 960 2015 omnes
975 1955 1094 2027 dicetis.
1111 2000 1114 2007 .
1129 1955 1228 2036 Atqui
1244 1967 1316 2015 tum
1340 1943 1352 1963 ²

47 2051 56 2063 ‘
137 2041 189 2125 (ut
199 2036 384 2121 accepimus)
401 2037 516 2099 nemini
528 2038 590 2098 vita
606 2039 800 2121 eripiebatur,
815 2039 872 2119 qui
889 2061 922 2100 se
936 2040 1210 2105 domi‘abdidisset.
1228 2039 1317 2101 lllud

139 2134 241 2188 autern
259 2124 302 2184 eis
320 2122 441 2185 crimini
457 2123 617 2198 dabamus,
644 2125 728 2203 quod
746 2144 763 2183 e
779 2125 849 2185 foro
868 2126 948 2186 cives
967 2126 1000 2185 in
1018 2146 1171 2202 carcerem
1184 2147 1243 2207 per
1260 2126 1317 2185 in·
1356 2136 1359 2142 ’

138 2211 257 2276 iuriam,
271 2209 464 2270 abducerent
508 2211 567 2269 iste
590 2221 692 2270 autem
716 2231 770 2269 sua
793 2211 990 2291 protervitate
1014 2232 1121 2291 usque·
1136 2212 1214 2271 adeo
1240 2211 1340 2270 illos.

138 2294 307 2378 superavit,
332 2292 426 2374 utin
446 2294 587 2375 populari
609 2294 772 2375 republica
782 2318 867 2355 suam
886 2295 996 2376 cuique
1014 2297 1141 2362 domum
1158 2316 1317 2357 carcerem

139 2380 350 2453 constitueret,
367 2378 587 2440 Undecimviris
606 2381 644 2440 ad
661 2382 751 2440 aedes
765 2378 963 2461 adducendis.
991 2382 1076 2456 Quid
1093 2400 1167 2459 vero
1185 2381 1316 2462 putatis,

13 2472 15 2476 ’
85 2496 103 2505 ··
138 2465 362 2547 Athenienses,
385 2463 413 2524 si
431 2464 499 2543 quis
518 2464 612 2524 homo
631 2476 764 2546 pauper,
782 2480 836 2527 aut
854 2467 944 2527 etiarn
962 2467 1063 2540 dives,
1085 2469 1139 2527 sed
1157 2465 1316 2530 sumtibus

11 2573 21 2586 ··
81 2614 84 2619 ,
138 2551 319 2623 exhaustus,
345 2570 497 2630 quemque
522 2562 761 2611 consentaneum
783 2552 909 2611 omnino
934 2553 975 2612 sit
997 2565 1157 2634 praesente
1180 2549 1316 2632 pecunia

138 2634 281 2708 destitui,
310 2634 373 2696 sire
390 2656 447 2716 per
463 2637 635 2695 tectumad
648 2636 768 2696 ¹ricinos
786 2638 1082 2710 transcendimus
1100 2636 1158 2697 sub
1176 2637 1258 2698 lecto
1277 2656 1315 2695 se
1337 2663 1342 2669 «

96 2748 101 2760 ²
138 2720 367 2792 occultavitne
387 2720 593 2799 deprehensus
612 2721 643 2779 in
662 2742 812 2781 carcerem
830 2722 1013 2796 traheretur,
1031 2722 1094 2783 sive
1113 2722 1195 2784 aliud
1214 2722 1314 2781 dede-

33 2841 38 2866 ·
77 2874 81 2882 ι
138 2827 190 2867 cus
216 2804 324 2877 subiit,
347 2825 427 2884 quae
452 2804 568 2864 servilia
588 2817 674 2878 sunt,
700 2827 764 2865 non
781 2807 987 2890 ingenuorum
1005 2807 1313 2885 bominum-caque

87 2917 96 2926 ·
137 2889 323 2971 adspiciente
341 2909 436 2949 uxore
458 2889 548 2963 fecit,
573 2911 650 2970 quae
670 2891 698 2950 ei
715 2904 751 2952 ut
775 2891 911 2975 ingenuo
937 2894 1087 2973 desponsa
1109 2892 1170 2952 fuit
1195 2903 1228 2950 et
1250 2889 1314 2950 civi

83 3038 85 3043 ,
137 2974 339 3047 Atheniensi,
357 2974 421 3034 eius
439 2986 540 3035 autem
558 2976 603 3034 rei
622 2977 786 3056 causasuit
803 2972 995 3050 Androtion,
1018 2979 1110 3049 cuius·
1123 2999 1157 3038 ea
1174 2976 1256 3048 vita,
1275 2995 1312 3046 ea

45 3086 48 3092 ·
108 3088 117 3095 ‘
136 3061 214 3121 facta
233 3059 430 3133 exstiterunt,
447 3072 483 3120 ut
500 3060 528 3120 ei
547 3081 603 3120 nec
622 3078 689 3122 suas
708 3063 837 3142 privatas
855 3063 1028 3123 inimicitias
1047 3056 1190 3144 persequi
1209 3062 1312 3133 liceat,

40 3225 43 3228 ὴ
127 3144 251 3204 'nedum
269 3134 490 3226 aliquidagere
508 3146 795 3230 nomine'puhlico?
822 3149 943 3223 Quodsi
959 3150 1026 3228 quis
1044 3170 1114 3209 eum
1128 3161 1234 3232 roget:
1252 3145 1313 3207 tri-

137 3231 209 3290 buta
228 3249 394 3310 corporane
413 3230 544 3311 debeant
561 3253 600 3290 an
616 3232 737 3312 praedia
746 3233 766 3293 i·
776 3233 897 3313 praedia
914 3234 1132 3317 respondebit,
1156 3234 1183 3293 si
1199 3238 1326 3294 verum-
1356 3253 1358 3257 ·

46 3373 49 3397 ¹
121 3314 225 3380 ,fateri
235 3314 337 3375 'voletz
356 3315 400 3391 de,
412 3315 458 3375 bis
478 3314 559 3375 enim
576 3315 696 3378 tributa
707 3317 876 3398 pendimus.
896 3315 959 3378 Cur
970 3320 1075 3403 igitur,
1095 3319 1204 3383 omissa
1215 3321 1310 3398 piae-

57 3414 60 3420 ’
136 3398 257 3475 diorum
276 3412 307 3459 et
324 3397 444 3465 aedium
461 3401 668 3481 publicatione
687 3415 718 3471 et
734 3384 976 3484 proscriptione,
1009 3404 1162 3473 ‚vinciebas
1180 3415 1217 3463 et·
1229 3420 1311 3475 con-

135 3485 270 3547 tumeliis
295 3484 446 3546 afficiebas
472 3486 612 3548 homines
637 3488 716 3548 cives
732 3501 773 3549 ,et
793 3490 992 3564 aerumnosos
1017 3489 1203 3570 inquilinos,
1229 3506 1311 3567 quos

127 3569 370 3654 'ignominiosius
388 3578 600 3651 quamnc'rvos
618 3576 862 3635 tuos-tractasti?
888 3575 1010 3650 Quodsi
1028 3575 1223 3636 considerare
1240 3569 1312 3632 vul-

73 3700 76 3710 .
136 3655 194 3729 tis,
218 3657 301 3716 inter
326 3657 502 3717 servitutem
528 3671 558 3718 et
581 3657 751 3719 libertatem
770 3660 844 3740 quid
867 3660 1004 3722 intersit:
1028 3661 1089 3721 hoc
1113 3658 1311 3741 potissimum

87 3739 95 3751 ⁸
134 3741 304 3821 reperietis,
323 3743 407 3820 quod
425 3741 519 3803 serris
537 3743 771 3826 omniaoscelera
789 3767 917 3827 corpore
935 3760 1007 3825 sunt
1025 3747 1147 3820 luenda,
1165 3741 1312 3826 ingenuis

53 3830 56 3843 ’
135 3837 253 3906 tutem,
277 3828 399 3890 tametsi
423 3829 551 3889 maxima
576 3829 609 3889 in
633 3851 666 3889 se
692 3831 830 3891 facinora
850 3831 1043 3906 admiserint,
1070 3847 1181 3913 corpus
1205 3822 1331 3917 temen-L

135 3912 216 3979 tueri
241 3910 320 3972 licet
363 3912 418 3973 His
446 3913 536 3973 enim.
554 3915 698 3995 pleraque
725 3917 834 3976 delicta
859 3917 1032 3997 pecuniaria
1056 3916 1170 3977 mulcta
1196 3913 1312 3994 luenda

78 4018 104 4078 ,j
135 4008 215 4056 sunt.
242 3998 303 4081 iste
319 3999 393 4056 vero
407 3995 518 4058 contra
535 3999 567 4059 in
586 4019 715 4082 corpora
733 4002 842 4061 civium
860 4014 1003 4081 tanquam
1021 4002 1244 4083 mancipiorum
1264 3991 1313 4058 e'st

136 4093 304 4163 grassatus,
328 4094 419 4161 atque
439 4084 480 4145 ita
497 4083 684 4168 flagitiosum
703 4098 733 4146 et
749 4085 919 4146 violentum
939 4109 1010 4169 erga
1027 4109 1081 4148 vos
1106 4108 1140 4149 se
1157 4084 1313 4167 praebuit,

26 4169 30 4173 ’
135 4177 171 4226 ut
188 4178 428 4247 patrem-suum,
464 4170 744 4250 publicerinctum
762 4183 889 4252 propter
906 4193 955 4232 aes
973 4173 1107 4233 alienum
1126 4172 1160 4232 in
1178 4188 1314 4242 carcere,

107 4275 110 4279 ·
136 4269 173 4311 eo
192 4273 261 4313 aere
279 4273 380 4334 neque
397 4255 512 4329 soluto,
529 4277 630 4336 neque
645 4278 736 4316 ‘causa
751 4256 844 4333 dicta,
862 4257 976 4338 putarit
994 4259 1131 4342 effugere
1149 4269 1314 4339 oporteret

135 4336 248 4427 'ci-quis
266 4351 368 4400 autem
384 4339 514 4402 aliorum
533 4341 655 4415 civium,
673 4343 757 4421 quod
773 4341 914 4417 debebat,
931 4362 1091 4405 numerare
1108 4344 1313 4425 non-,posset
