2722 4754
201 276 210 321 2
301 272 305 279 .
341 175 415 288 nn
440 226 599 289 nassa
633 187 940 291 uacari-oni:
1131 206 1139 305 ᾗ
1166 233 1223 290 sn

58 378 120 459 ipsi
136 380 344 454 consideretis,
363 379 489 455 indices,
508 394 539 441 et
555 374 719 461 reputetis,
739 403 865 460 quarum
882 376 985 441 iernm
1004 381 1158 443 civitatem
1175 404 1225 443 ra·

59 465 159 527 tiones
175 489 192 526 a
208 467 309 549 legato
325 468 465 545 repetere
483 470 629 547 oporteat.
664 460 947 539 Primnm'eorum,
974 488 1051 547 quae
1065 458 1224 539 renuntia·
1291 530 1295 537 ,

63 551 121 612 rit:
139 552 268 612 secundo
286 551 372 625 loco,
391 571 512 624 eorum,
533 573 609 631 quae
627 551 787 632 persuasit:
806 552 915 624 tertio,
934 543 1057 627 eorum,
1076 576 1152 635 quae
1170 573 1225 613 vos

69 638 98 698 ei
113 637 281 699 mandastis:
307 633 440 715 deniqne
458 649 645 716 temporum:
671 648 740 715 post
758 635 831 695 baec
849 635 988 698 universa
1008 635 1225 718 quaerendum,

71 724 383 802 incorrupte„necne,
403 741 437 795 ea
452 721 529 780 facta
545 721 606 780 sint
623 720 743 780 omnia?
777 717 840 780 Cur
855 723 977 780 tandem
994 722 1103 784 horum
1118 724 1225 784 nnius-

76 806 228 887 cuiusque?
260 806 353 880 Quod
372 826 408 865 ex
425 805 703 865 renuntiationibus
727 798 810 866 recte
825 805 914 866 'vobis
935 806 1102 869 deliberare
1121 810 1158 869 de
1175 829 1224 869 re·
1278 814 1280 819 '

77 896 129 957 bns
142 894 219 953 licet:
255 887 332 970 qnae
351 891 377 950 si
394 912 481 951 verae
500 891 629 962 suerint,
657 911 707 964 ea,
727 911 877 969 quaeres
896 892 1044 970 postulat,
1070 895 1226 954 statuetis:

82 982 123 1045 rin
137 999 191 1039 non
202 976 305 1049 tales,
316 975 472 1036 contraria.
501 977 685 1057 Legatorum
704 975 787 1035 eninr
804 976 929 1035 consilia
941 966 1064 1037 ‘veriora
1083 998 1150 1037 esso
1167 1000 1230 1059 pus

82 1068 146 1129 tatis
167 1060 301 1135 ¹Auditis
326 1061 408 1120 enim
427 1082 479 1120 eos
497 1072 532 1118 ut
545 1065 658 1142 gnaros
677 1081 780 1119 earnm
797 1081 917 1135 rerum,
943 1061 980 1120 de
1006 1061 1127 1141 quibus'
1141 1050 1242 1122 missi

75 1165 149 1215 me
169 1147 378 1225 ¹Nequaquam
396 1146 491 1228 igitur
509 1146 611 1217 decet,
642 1146 781 1205 convinci
797 1147 931 1228 legatum
950 1147 1012 1205 dati
1027 1146 1114 1206 vobis
1132 1147 1226 1207 ullius
1266 1184 1270 1201 .

48 1278 53 1283 -
87 1237 205 1301 intiliset
220 1231 385 1310 perniciosi
404 1230 529 1290 consilii.
564 1232 642 1303 lam„
668 1250 745 1310 qnae
764 1230 856 1299 illurn
868 1231 968 1289 dicere
987 1244 1039 1305 aut
1055 1252 1145 1314 agere
1163 1232 1225 1291 ius·
1262 1235 1265 1239 ’

90 1323 161 1395 gistis,
174 1330 201 1378 et
216 1315 396 1375 nominatim
413 1315 587 1379 decrevistis
606 1336 670 1374 esse
688 1316 838 1375 facienda:
858 1336 891 1374 ea
910 1316 1053 1375 convenit
1071 1337 1136 1375 esse
1154 1322 1227 1396 p'ro-
1259 1354 1261 1363 ,

93 1401 287 1472 emmlstcr:
304 1413 478 1480 temporum
496 1413 597 1460 autern
616 1400 834 1480 quamobrem?
853 1399 932 1474 Quia
951 1420 1039 1480 saepe
1057 1423 1116 1459 usu
1133 1402 1228 1474 venit,

95 1488 279 1559 Athenienses,
305 1486 521 1545 utmultarum
537 1493 639 1544 rerum
665 1497 696 1544 et
719 1506 894 1567 magnarum
914 1484 1032 1545 occasio
1051 1486 1141 1564 p‘aulo
1161 1506 1226 1545 mo·
1253 1524 1257 1535 ι

92 1588 172 1641 mento
185 1571 328 1651 temporis
348 1571 560 1630 concludatur:
594 1571 752 1650 quam,'si
770 1570 837 1649 quis
856 1570 937 1630 ultro
957 1571 1133 1631 adversariis
1152 1589 1228 1647 conf
1248 1602 1251 1607 ·

93 1652 185 1727 donarit
193 1668 229 1716 et
245 1655 431 1736 prodiderit,
456 1648 573 1715 etiamsi
592 1655 692 1714 omnia
711 1668 856 1727 conetur,
877 1677 1032 1735 nunquam
1049 1656 1163 1735 poterit
1179 1658 1235 1716 re?

93 1763 212 1829 superare.
249 1739 303 1800 'An
322 1750 394 1800 vero
413 1740 520 1822 gratis,
538 1763 595 1800 nec
613 1741 672 1801 ne?
698 1742 792 1815 Quod
809 1740 880 1799 iude
899 1741 1050 1820 accipere,
1067 1742 1149 1801 unde
1166 1741 1228 1799 rei-

64 1874 67 1879 ,
90 1826 200 1919 ¹publicae
218 1828 360 1886 damnum
379 1826 481 1899 detur,
502 1846 618 1901 omnes,
637 1825 707 1885 satis
726 1827 806 1898 scio,
826 1838 856 1884 et
874 1825 1033 1906 indignum
1053 1846 1117 1885 esse
1135 1827 1229 1885 satea-
1288 1884 1291 1889 ,

92 1918 162 1991 mini,
182 1926 209 1973 et
225 1908 357 1994 grauiter
374 1911 605 1971 vindicandum..
639 1911 685 1970 Ac
703 1911 859 1992 legislator
877 1908 1077 2009 quidemboc
1095 1932 1160 1970 non
1179 1922 1230 1971 ex·
1249 1900 1252 1907 ¹
1297 1946 1301 1952 .

93 2000 200 2087 plicatit,
217 1999 269 2057 sed
288 1996 467 2077 simpliciter
484 2009 575 2075 atque
593 2016 696 2056 severe
714 1995 812 2055 vetnit
829 2010 964 2075 accipere
983 2016 1124 2055 munera:
1135 2015 1139 2021 ‘
1151 2017 1231 2066 cnm,
1320 2057 1324 2063 ,

93 2085 192 2159 utmihi
208 2083 342 2156 videtur,
371 2080 570 2154 existimaret,
595 2102 681 2154 enm,
709 2081 762 2161 qni
785 2081 881 2139 semel
906 2080 1072 2160 accepisset
1089 2101 1123 2139 ac
1140 2079 1231 2162 largi-

92 2171 200 2238 tionibus
218 2181 378 2248 corruptus
398 2180 496 2241 esset,
519 2188 582 2231 non
600 2167 659 2226 iam
678 2178 866 2226 constantem
884 2186 1006 2226 manere
1024 2164 1156 2224 iudicem
1174 2187 1232 2244 pu-

95 2260 214 2320 blicorum
237 2254 476 2313 commodorum.
497 2252 640 2337 xQuodsi
661 2252 827 2311 ostendero
855 2263 885 2310 et
907 2251 1065 2331 perspicue
1090 2250 1235 2337 probaro,

95 2341 247 2415 Aeschinem
266 2352 296 2399 et
314 2339 392 2397 nibil
410 2339 473 2397 veri
490 2339 696 2397 renuntiasse:
733 2350 763 2396 et
782 2336 936 2396 obstitisse
960 2335 1095 2416 populo,
1122 2356 1161 2394 ne
1180 2356 1232 2394 ve·
1280 2395 1283 2403 ,

94 2422 148 2489 rnin
162 2448 192 2487 ex
207 2446 253 2485 me
270 2424 406 2484 audiret:
426 2437 456 2482 et
473 2423 600 2482 utilibus
620 2424 747 2483 maxime
767 2422 916 2481 contraria
934 2421 1062 2481 suasisse
1081 2419 1184 2480 vobis:
1203 2431 1234 2479 et
1249 2436 1262 2447 ‘

94 2513 285 2584 nibil-eornm,
311 2531 389 2589 qnae
408 2507 641 2581 mandaveratis,
668 2508 700 2567 in
718 2508 870 2590 legatione
889 2506 1014 2582 fecisse:
1043 2517 1074 2564 et
1092 2526 1233 2564 consum-

96 2600 156 2659 sisse
176 2610 321 2677 tempora,
355 2594 465 2675 quibus
490 2594 653 2655 multarum
679 2607 709 2654 et
731 2615 909 2675 magnarum
933 2604 1035 2651 rernm
1059 2590 1234 2650 occasiones

96 2682 250 2764 reipublicae
268 2680 441 2762 perierunt:
479 2693 509 2740 et
533 2692 658 2760 propter
674 2679 749 2739 baec
769 2678 870 2743 omnia
888 2697 1012 2737 munera
1032 2688 1063 2735 et
1079 2677 1235 2735 mercedes

99 2769 221 2849 accepisse
235 2788 303 2827 cnm
321 2766 509 2826 Philocrate:
542 2767 742 2825 condemnate
762 2785 849 2835 eum,
876 2775 922 2835 et,
947 2760 1085 2820 ut-factis
1106 2760 1170 2831 eius
1190 2759 1235 2817 di-

96 2875 175 2937 gnum
191 2864 244 2926 est,
268 2852 421 2911 mulctate.
464 2851 519 2909 Sin
537 2849 611 2910 baec
629 2850 693 2909 noir
712 2848 892 2920 ostendero,
920 2859 1053 2906 autnon
1072 2845 1236 2904 ostendero

83 2938 193 2999 omnia:
209 2950 236 2997 et
252 2959 300 2997 me
318 2935 492 3016 improbum
511 2935 612 2995 ducite
632 2948 663 2995 et
679 2935 771 2996 istum
790 2931 946 2997 absolvite:
973 2932 1164 3010 Quamquam
1183 2951 1237 2989 au-
1260 2933 1321 2989 219

96 3037 149 3084 tem
163 3023 244 3083 multa
262 3036 294 3083 et
310 3023 427 3105 gravia,
460 3034 580 3102 praeter
597 3019 687 3092 baec,
719 3021 809 3081 etiam
827 3019 884 3077 alia
901 3017 933 3077 in
953 3037 990 3077 eo
1009 3036 1148 3077 accusare
1165 3035 1237 3095 pos-

96 3130 162 3183 sem,
175 3107 387 3181 Athenienses,
406 3107 446 3167 ob
466 3128 542 3186 quae
561 3127 652 3165 nemo
671 3126 735 3164 non
753 3127 823 3165 eum
841 3104 906 3161 iure
926 3102 1039 3183 oderit:
1064 3121 1118 3160 vos
1137 3113 1239 3163 tamen

98 3206 156 3255 ante
174 3193 282 3268 omnia,
310 3214 387 3273 quae
412 3194 546 3252 dicturus
573 3214 640 3250 snm
664 3188 750 3273 (licet
773 3191 823 3263 id,
847 3200 884 3249 nt
901 3187 971 3247 satis
992 3186 1074 3258 scio,
1100 3185 1239 3265 plerique

96 3291 206 3359 vestrum
226 3276 452 3361 meminerint),
486 3275 771 3348 commonefaciam,
800 3274 836 3333 in
855 3295 944 3354 quem
968 3270 1154 3352 reipublicae
1172 3266 1256 3352 gra-³

97 3365 157 3423 dnn
170 3363 330 3424 Aeschines
355 3385 387 3425 se
413 3363 544 3443 primum
569 3361 737 3433 collocarit,
762 3373 792 3420 et
817 3360 921 3439 quales
947 3357 1112 3417 conciones
1136 3367 1241 3414 contra

97 3448 244 3530 Philippum
258 3449 317 3509 sibi
333 3448 489 3510 habendas„
504 3469 569 3507 esse
589 3446 757 3506 censuerit:
775 3458 810 3505 ut
827 3442 939 3516 sciatis,
957 3464 1027 3502 eum
1046 3441 1108 3500 suis
1119 3439 1193 3501 actis
1211 3450 1242 3497 et
1318 3492 1324 3497 .

98 3533 183 3614 prinis
203 3535 402 3596 concionibus
427 3533 554 3593 inanime
580 3544 773 3612 acceptorum
797 3552 957 3589 munerum
981 3547 1069 3608 posse
1095 3523 1242 3585 convinci.

96 3619 193 3680 Primus
210 3621 305 3703 igitur
322 3610 697 3703 bicen-Atheniensium,
723 3615 776 3695 qni
794 3612 1052 3685 animadverterit,¹
1068 3610 1242 3691 Philippum

58 3727 61 3731 ·
97 3703 212 3787 (nt'turn
234 3726 292 3787 pro
318 3704 467 3765 concione
491 3700 656 3785 asserebat)
681 3701 816 3762 insidiari
843 3700 966 3760 Graecis
993 3711 1024 3757 et
1048 3713 1242 3775 corrumpere

97 3790 304 3872 magistratuum
323 3791 471 3870 quosdam
488 3789 520 3847 in
538 3788 680 3847 Arcadia:
708 3788 777 3868 qni,
801 3783 1136 3858 adhibitloslscban'dro,
1159 3780 1243 3839 Neo-

79 3875 203 3956 ptolemi
220 3877 395 3937 secundario
414 3888 533 3945 actore,
564 3873 704 3933 retulerit
721 3874 759 3934 ad
785 3886 943 3945 senatum,
974 3868 1114 3928 retulerit
1132 3865 1169 3925 ad
1187 3884 1245 3944 po-

96 3962 186 4042 pulum
201 3963 246 4023 bis
267 3961 431 4034 derebus,
450 3973 485 4020 et
498 3960 627 4019 suaserit
643 3959 742 4033 vobis,
760 3973 943 4039 quocunque
962 3968 1110 4015 terrarum
1128 3951 1245 4032 legatos

97 4067 152 4107 esse
166 4048 344 4120 mittendos,
379 4047 432 4126 qui
448 4046 583 4117 ,Graecos
610 4044 670 4103 buc
698 4055 899 4104 convocarent
918 4043 954 4101 de
973 4028 1249 4116 bellonilippico'

97 4132 316 4195 deliberaturos:
346 4133 400 4212 qui
417 4144 539 4212 postea,
564 4132 704 4191 rev'ersus
723 4150 759 4189 ex
776 4128 920 4200 Arcadia,
946 4124 1112 4205 praeclaras
1131 4118 1196 4181 illas
1216 4132 1247 4179 et

97 4217 185 4301 longas
203 4220 357 4280 orationes
375 4216 579 4289 recensuerit,
616 4225 689 4295 quas
714 4216 793 4294 apud
812 4215 916 4272 decem
933 4210 984 4269 illa
1001 4208 1136 4268 virorum
1154 4196 1248 4265 millia

97 4303 263 4387 Megalopoli
281 4305 423 4364 adversus
438 4303 672 4389 Hieronymum,
690 4299 822 4380 Philippi
838 4296 1041 4367 defensorem,
1059 4314 1092 4355 se
1107 4290 1249 4353 babuisse

96 4391 246 4470 pavonis
272 4389 454 4461 asseruerit,
482 4401 512 4449 et
537 4406 806 4456 commemorasse,
836 4380 956 4461 quantis
979 4379 1114 4443 iniuriis¹
1128 4394 1249 4436 omnem

896 4573 904 4587 ,
998 4466 1062 4543 tt
