2722 4754
490 152 808 283 useoaoaa
938 236 941 241 -
1040 170 1048 181 ’
1173 196 1287 270 10⁵·

68 378 125 427 tan
149 359 272 425 dicendi
288 363 337 423 vi:
362 375 456 446 atque
473 360 604 446 (utipse
623 360 679 446 ait)
701 360 769 423 non
786 362 864 425 saxis
882 375 935 423 aut
960 355 1106 424 lateribus
1124 363 1232 423 urbem

24 444 28 449 ’
70 448 179 522 muniit,
197 449 251 510 sed
270 448 388 531 magnis
398 448 588 510 exercitibus
608 461 639 508 et
656 448 852 509 multitudine
870 449 1026 510 sociorum
1044 462 1123 511 terra
1137 450 1233 515 mari

72 557 130 619 que
146 539 365 595 Verumtamen
383 548 415 595 et
432 535 464 593 in
482 533 651 594 manufacta
669 533 789 593 moenia
807 554 871 593 non
886 556 993 614 parum
1007 534 1142 596 contulit
1159 535 1231 595 civi-

76 622 127 685 att
157 615 234 679 Cum
253 620 336 681 euim
353 619 457 680 multis
475 620 507 678 in
529 619 664 700 partibus
682 619 842 679 ruinosum
860 641 981 679 murum
1000 621 1168 681 instaurare
1185 620 1231 680 vi-

60 730 135 775 ·aun
149 717 226 767 esset
241 702 499 765 Atheniensibus:
524 704 635 767 delecti
653 718 725 764 suut
743 705 814 764 deni
832 703 890 763 viri
909 725 925 763 e
944 706 1071 787 singulis
1082 705 1232 787 'tribubus

34 814 39 829 ·
87 792 192 857 adillud
209 810 302 872 opus,
328 790 439 870 quibus
457 788 535 849 nibil
552 801 672 870 praeter
689 791 800 850 nudam
820 789 921 871 operis
937 791 1125 850 curationem
1144 812 1231 872 prae-

91 878 202 943 standum
214 888 307 936 esset
332 875 487 957 impensae
512 874 600 935 enim·
612 887 698 935 erant
720 875 868 956 publicae.
904 875 1045 949 Quorum
1062 898 1143 935 unus
1162 899 1231 937 cum

43 980 46 985 ·
90 966 157 1028 asian
171 975 273 1022 orator
289 973 408 1022 creatus
427 973 521 1021 esset:
539 982 613 1033 non,
631 973 667 1021 ut
684 961 806 1036 caeteri,
823 960 918 1021 solam
937 961 1126 1020 curationem
1142 982 1231 1041 prae-

31 1046 37 1057 '
89 1050 147 1113 stitit
159 1048 239 1107 iu-ea
255 1067 309 1121 re,
336 1047 391 1106 sed
409 1059 441 1106 et
458 1046 557 1128 ipsum
575 1067 654 1126 opus
672 1047 794 1129 egregie
811 1046 941 1127 perfecit
966 1060 997 1106 ct
1013 1046 1172 1127 pecuniam
1192 1047 1230 1106 de

88 1130 320 1214 suoreipublieae
339 1131 477 1192 contulit
494 1131 640 1191 Laudavit
655 1132 733 1191 hanc
751 1131 816 1192 eius
835 1131 1079 1195 benevolentiam
1097 1143 1231 1207 senatus,
1333 1124 1339 1133 ’

36 1232 39 1239 “
89 1212 464 1297 etstudiumsremuneratus
474 1229 523 1277 est
536 1237 625 1277 aurea
642 1238 769 1277 corona:
787 1217 883 1298 parati
897 1218 978 1276 enim
992 1216 1229 1293 sueruntAtbe'-

55 1322 62 1349 '-
88 1307 188 1368 menses
201 1304 235 1363 ad
260 1303 389 1386 gratiam
406 1302 485 1362 bene
508 1301 696 1362 merentibus
720 1302 929 1373 referendam.¹
955 1299 1101 1383 Ctesipho
1128 1315 1230 1362 autem

89 1389 240 1453 sententiam
257 1388 609 1463 dixerah'coronandum
628 1409 693 1449 esse
711 1380 968 1461 Demosthenem,
986 1400 1135 1469 tempore,
1152 1389 1230 1447 Ba'c-
1285 1464 1289 1471 .

49 1520 53 1529 ·
89 1473 249 1538 cbanalibus:
274 1473 362 1546 loco,
380 1472 491 1537 Bacchi
510 1472 645 1533 theatro:
674 1473 1073 1554 spectatoribus,-omnibns
1094 1471 1231 1546 Graecis,

85 1562 129 1642 qui
142 1560 172 1619 ad
187 1558 328 1619 ludorum
346 1549 554 1619 celebritatem
572 1559 804 1649 conveniebant,
825 1573 855 1619 et
870 1580 971 1618 coram
986 1558 1034 1619 his
1048 1581 1064 1619 a
1077 1577 1229 1640 praecone

41 1678 48 1689 ·
81 1643 322 1728 proclamandum:
339 1642 597 1718 Demosthenem,
613 1644 830 1706 Demosthenis
849 1646 897 1719 E,
915 1645 1150 1725 Paeaniensem,
1167 1642 1229 1705 vir-

79 1731 140 1792 tutis
151 1729 305 1789 universae
320 1750 393 1812 ergo
405 1730 546 1789 coronari
557 1751 574 1788 a
584 1731 741 1811 republica
753 1744 784 1792 et
794 1729 1026 1793 benevolentiae
1041 1752 1113 1812 erga
1126 1731 1231 1811 ipsam.

75 1816 137 1875 Erat
152 1815 242 1898 igitur
264 1814 364 1879 bonos
382 1815 421 1874 ab
439 1815 524 1874 omni
547 1828 632 1897 parte
656 1809 848 1877 admirabilis.
883 1819 988 1897 ltaque
1007 1828 1038 1877 et
1062 1816 1142 1876 livor
1158 1834 1230 1873 eum

72 1900 187 1974 arrosit,
212 1910 241 1959 et
257 1899 318 1960 hoc
336 1900 634 1960 senatusconsultum
658 1900 837 1961 violatarum
856 1902 958 1984 legum
977 1914 1023 1960 est
1045 1913 1228 1961 'accusatum
1286 1930 1288 1934 ·
1345 1918 1349 1925 ·

69 1985 227 2045 Aeschines
245 1985 336 2058 enim,
354 1985 571 2046 Demosthenis
590 1986 741 2059 inimicus,
762 1986 910 2047 iudicium
927 1986 1106 2046 violatarum
1124 1986 1229 2068 legum

65 2070 194 2130 intendit
208 2064 410 2151 Ctesiphonti,
428 2067 512 2151 quod
525 2071 701 2154 magistratu
717 2072 840 2131 iunctus
857 2071 1037 2146 rationibus,
1056 2093 1129 2153 quas
1147 2090 1228 2130 uon-

64 2157 134 2217 dum
150 2155 312 2230 retulisset,
328 2156 496 2216 referendis
511 2169 591 2216 esset
605 2156 765 2230 obnoxius,
784 2179 852 2217 cum
867 2157 936 2241 lege
949 2170 1097 2231 caveatur,
1116 2176 1155 2216 ne
1170 2152 1227 2215 ob-

62 2239 147 2301 noxii
168 2254 363 2301 coronentur.
398 2240 520 2302 Profert
543 2242 630 2302 aliam
653 2263 777 2324 quoque
801 2242 916 2325 legem,
943 2263 1020 2324 quae
1044 2242 1165 2302 iubeat:
1193 2236 1227 2297 si

61 2346 152 2406 quem
167 2326 299 2408 populus
317 2320 553 2387 Atheniensium
572 2341 708 2403 coronet,
727 2327 927 2388 inconcione
946 2348 1090 2388 coronam
1107 2325 1228 2408 procla·
1255 2368 1261 2375 -

58 2411 153 2473 mari:
165 2411 195 2471 si
210 2424 345 2487 senatus,
362 2413 395 2470 in
414 2412 510 2472 curia:
528 2412 719 2473 alibhautem
736 2435 800 2475 nou
817 2413 917 2474 licere.
935 2410 989 2473 Ait
1007 2414 1107 2487 etiam,
1125 2411 1224 2472 tribu-
1251 2406 1314 2469 142

55 2509 104 2556 tas
115 2496 316 2557 Demostheni
333 2497 437 2558 laudes
452 2519 518 2559 esse
530 2497 626 2558 salsas.
644 2521 707 2560 uon
723 2501 803 2560 enim
816 2499 895 2559 bene
909 2499 1132 2560 administrasse
1146 2519 1227 2558 rem-

32 2574 210 2669 ·publicani
235 2595 404 2642 oratorem:
430 2585 535 2643 sedet
560 2584 773 2667 largitionibus
800 2597 978 2666 corruptum
1004 2597 1035 2645 et
1059 2584 1227 2645 multorum

54 2666 210 2727 malorum
226 2688 345 2728 causam
363 2666 456 2729 fuisse
475 2668 596 2730 civitati.
612 2669 716 2749 Atque
735 2671 794 2731 hoc
812 2669 1139 2744 accusationis-ordine
1153 2688 1227 2728 usus

56 2764 111 2812 est
121 2751 298 2813 Aeschines:
314 2765 351 2813 ut
366 2752 497 2834 primum
512 2756 551 2814 de
564 2755 778 2828 obnoxiorum,
796 2756 931 2817 secundo
945 2756 982 2813 dc
995 2754 1228 2834 praeconiorum
1279 2782 1282 2787 ·

53 2832 140 2919 lege,
158 2837 249 2897 tertio
264 2839 334 2900 loco
351 2839 389 2898 de
405 2838 663 2900 administratione
682 2839 866 2922 reipublicae
885 2840 1016 2899 diceret:
1033 2860 1067 2898 ac
1080 2837 1178 2920 petiit,
1192 2848 1230 2898 ut

53 2922 281 2983 Demosthenes
300 2923 432 2984 eundem
450 2937 583 2986 servaret
601 2925 747 2986 ordinem.
765 2925 878 2986 Orator
894 2938 996 2986 autem
1015 2937 1075 2985 eta
1091 2922 1228 3005 republi-

54 3029 93 3067 ca·
108 3008 352 3090 est-auspicatus
377 3022 409 3070 et
425 3022 530 3070 rursus
549 3011 582 3071 in
608 3012 712 3071 eadem
731 3011 900 3071 orationem
919 3009 1106 3082 terminavit,
1134 3008 1227 3068 artifi-

53 3092 141 3153 ciose
167 3094 308 3155 omnino:
334 3116 403 3155 cum
421 3118 437 3156 a
455 3095 642 3156 firmioribus
669 3109 700 3156 et
724 3096 933 3178 incipiendum
952 3096 991 3154 sit
1015 3095 1094 3155 etin
1120 3093 1228 3153 iisdem
1268 3112 1273 3119 ·

53 3177 127 3237 linis
143 3178 311 3240 faciendus.
345 3184 380 3239 ln
398 3181 500 3241 medio
518 3194 619 3242 autem
636 3182 744 3265 legalia
762 3178 923 3245 collocavit
940 3202 974 3241 ac
992 3181 1053 3263 legi
1072 3182 1110 3240 de
1128 3178 1228 3240 obno-

53 3262 113 3322 xiis
131 3264 262 3344 opponit
288 3265 471 3326 sententias:
498 3267 544 3327 illi
562 3279 663 3328 autem
682 3268 719 3328 de
744 3268 913 3350 praeconiis
938 3266 1025 3327 aliam
1051 3266 1149 3348 legem
1176 3277 1230 3326 aut

53 3346 134 3430 legis
151 3362 288 3430 partem,
305 3364 341 3411 ut
358 3351 423 3432 ipse
442 3352 492 3426 ait,
511 3374 570 3432 qua
588 3373 768 3414 concessum
786 3355 836 3429 sit,
856 3353 947 3414 etiam
964 3352 998 3412 iu
1015 3351 1136 3413 theatro
1155 3371 1227 3432 pro-

56 3431 197 3511 clamare,
214 3435 240 3495 si
258 3437 391 3518 populus
409 3449 462 3498 aut
478 3450 601 3501 senatus
619 3438 650 3501 id
668 3439 796 3500 sciverit
897 3455 901 3467 ·
1212 3446 1217 3461 ¹

117 3617 275 3685 ALIUD
301 3614 668 3701 ARGUMENTUM
693 3624 875 3689 IGNOTI
901 3624 1167 3690 AUCTOlllS.

53 3743 273 3840 Athenienses
293 3792 324 3841 et
339 3778 496 3853 Thebani,
514 3779 789 3868 bellum'gerentcs
807 3781 1056 3863 cumZPhilippo,
1074 3783 1111 3841 ad
1130 3777 1237 3848 Chae,
1263 3824 1266 3829 ,

51 3882 195 3936 roneam,
213 3867 360 3947 oppidum
377 3865 514 3939 Boetiae,
531 3866 603 3927 victi
621 3881 699 3928 suut.
725 3868 834 3928 Victor
851 3867 944 3950 igitur
960 3868 1098 3939 Macedo,
1115 3865 1228 3949 praesi-

51 3947 107 4006 dio
125 3947 244 4010 Tbebis
262 3950 416 4033 imposito,
434 3950 543 4010 urbem
560 3974 631 4013 suae
651 3953 775 4016 ditionis
792 3953 873 4014 fecit.
905 3955 1007 4028 Quare
1026 3952 1229 4013 Athenienses

51 4032 164 4105 veriti,
182 4056 221 4095 ne
240 4035 320 4097 idem
339 4035 398 4098 sibi
414 4036 471 4096 usu
490 4037 625 4111 reniret,
650 4060 685 4099 ac
702 4053 820 4100 tantum
838 4061 902 4100 non
921 4037 1048 4121 singulis
1066 4038 1229 4098 momentis

51 4117 292 4199 impressionem
308 4120 432 4206 tyranni
457 4135 666 4205 expectantes,
693 4126 908 4197 decreverunt,
933 4135 1084 4184 vetustate
1102 4124 1229 4185 caducas
1316 4192 1322 4205 Ι

52 4205 139 4264 muri
155 4219 256 4286 partes
271 4227 337 4268 esse
353 4208 567 4268 instaurandas.
586 4210 719 4271 Proinde
733 4233 802 4273 eum
817 4233 833 4271 a
846 4209 974 4292 singulis
988 4207 1129 4269 tribubus
1143 4230 1228 4270 moe-

52 4289 145 4349 nium
164 4304 319 4354 curatores
346 4291 494 4375 designati
513 4308 631 4355 essent:
656 4309 687 4356 et
704 4295 872 4357 Pandionia
895 4294 993 4356 tribus
1012 4295 1229 4359 idem·munus

53 4373 173 4437 detulit
196 4377 302 4439 tribuli
320 4400 376 4440 sno
402 4379 524 4440 oratori.
560 4377 637 4447 (ium
656 4381 751 4465 igitur
764 4381 799 4463 iu
820 4379 965 4444 manibus
984 4393 1064 4444 esset
1081 4398 1175 4462 opus,
1199 4391 1229 4439 et
1301 4411 1304 4415 ·
