2722 4754
394 180 610 248 consita
635 184 936 275 ιιιιιίιιιιι-ιιιι
979 188 1016 255 ³1
1061 174 1068 182 “

559 405 771 477 TwBS'l‘ES

118 502 246 588 Cape
264 507 353 567 etiam
371 497 546 568 testimonia
563 507 719 571 curialium
737 521 768 569 et
784 523 983 594 cognatorum
999 509 1113 586 matris,
1130 522 1161 572 ct
1175 527 1242 572 mn-

74 587 231 672 nicipum,
250 604 281 652 et
299 611 435 711 quornm
449 593 553 657 eedem
570 593 759 654 monimenta
776 606 855 654 sont.

479 742 845 789 TESTIMONIA.

163 841 269 903 Genus
287 842 382 924 igitur
398 837 567 905 maternum
584 843 643 907 tale
662 847 839 907 demonstro
856 816 959 921 volis,
977 859 1008 908 et
1026 867 1090 909 eam
1109 849 1239 911 ostendo
1287 842 1291 851 '

73 927 181 988 avitis
201 941 232 987 et
249 929 426 989 mulieribus
445 938 509 990 esse
529 932 631 991 civem.
661 932 750 991 Matri
767 935 867 992 autem
886 951 970 992 meae
988 932 1138 1007 nascitur,
1156 932 1238 993 ludi-

74 1031 145 1086 ces,
173 1013 303 1093 primum
323 1037 340 1074 e
357 1015 579 1088 Protomacho,
608 1016 657 1076 eui
676 1039 740 1076 eam
759 1017 961 1089 Timocrates,
988 1017 1083 1078 irater
1099 1017 1238 1077 uterinus

73 1110 107 1157 et
124 1119 301 1179 germanus,
320 1100 536 1199 desponderat,
553 1090 630 1161 lilia:
650 1101 760 1161 deiude
778 1114 897 1182 epatre
915 1121 985 1160 meo
1004 1122 1070 1184 ego.
1093 1101 1165 1176 Quo
1183 1122 1248 1162 eu-

72 1193 135 1249 tem
160 1195 248 1262 pacto
272 1184 351 1264 patri
374 1204 443 1243 meo
458 1185 623 1265 nupserit,
646 1187 733 1246 vohis
758 1199 813 1246 est
826 1187 1088 1286 cognoscendum:
1111 1208 1180 1245 nam
1206 1197 1238 1245 et
1259 1193 1316 1246 336

73 1287 152 1346 quae
178 1268 215 1326 de
243 1265 345 1328 Clinia
366 1268 542 1329 criminatur
567 1283 599 1329 et
622 1272 660 1330 de
686 1270 819 1330 nutricio
844 1271 946 1330 matris
970 1270 1158 1344 ministerio,
1185 1264 1237 1330 itti

73 1353 165 1412 etiam
182 1372 239 1440 ego
255 1353 341 1412 vobis
359 1354 458 1412 omnia
475 1355 634 1435 perspicue
648 1355 785 1414 narrabo.
809 1354 1031 1429 Protomachus
1041 1375 1156 1434 pauper
1171 1353 1236 1415 fuit.

70 1437 121 1495 Αιι
140 1458 229 1516 quem
249 1460 316 1496 cum
334 1438 448 1518 pupilla
466 1439 601 1518 locuples
620 1439 787 1499 hereditate
801 1438 954 1512 venisset,
979 1438 1157 1504 elocuturus
1172 1458 1236 1496 ma-

69 1535 148 1582 trem
167 1541 263 1580 meam
280 1522 444 1596 Thucrito,
462 1523 541 1603 patri
559 1543 645 1596 meo,
672 1523 811 1583 familiari
828 1543 895 1609 suo,
911 1523 1090 1603 persuadet,
1115 1535 1152 1581 ut
1169 1543 1234 1582 eam

62 1609 169 1665 'ducat
204 1606 254 1667 sic
273 1607 480 1686 despondetur
497 1607 576 1687 patri
593 1628 663 1666 meo
681 1621 777 1668 mater
793 1628 859 1666 mea
876 1627 932 1687 per
948 1606 1150 1665 Timocratem
1168 1607 1235 1666 Me·-

68 1692 247 1764 litensem,
245 1691 463 1770 praesentibus
488 1691 625 1771 utrisque
651 1689 765 1772 patruis
791 1692 856 1752 eius
883 1705 915 1751 ct
939 1691 1004 1751 aliis
1030 1691 1174 1751 testibus.
1203 1703 1243 1750 et·

69 1777 180 1835 horum
201 1775 252 1853 qni
270 1776 446 1856 superstites
464 1788 552 1850 sunt,
576 1776 666 1835 nobis
684 1777 893 1837 testimonium
911 1775 1021 1836 dicent.
1063 1775 1119 1835 His
1135 1775 1234 1851 lactis,
1252 1807 1254 1811 .
1289 1840 1291 1845 ,

70 1862 227 1940 aliquanto
252 1872 338 1940 post,
364 1883 431 1920 cum
451 1861 561 1920 duos
552 1882 610 1920 ram
635 1861 748 1921 liberos
772 1862 957 1942 peperisset,
981 1873 1065 1940 patre
1084 1859 1232 1920 militante

67 1965 196 2037 peregre
215 1945 308 2004 ductu
328 1958 359 2004 et
375 1944 515 2025 auspiciis
533 1945 770 2029 Thrasybuli,'
761 1970 825 2028 rpsa
843 1946 946 2027 inopia
965 1944 1141 2005 conflictans
1161 1966 1231 2006 coa-

68 2029 116 2090 ιιι
134 2043 182 2088 est
199 2025 347 2102 Cliniam,
365 2027 474 2089 Clidici
490 2031 605 2103 filium,
620 2031 747 2091 lactare:
775 2052 838 2110 quo
854 2033 958 2112 facto,
972 2031 1053 2109 quod
1071 2031 1109 2089 ad
1128 2030 1158 2089 id
1176 2035 1231 2110 pe-

67 2114 197 2174 ricnlum
216 2108 342 2186 attinet,
361 2114 391 2172 in
412 2135 473 2193 quo
491 2135 574 2174 nunc
592 2134 649 2196 ego
667 2126 790 2214 versor,
808 2117 885 2176 male
904 2088 979 2180 mili
997 2114 1168 2187 consuluit,
1185 2115 1231 2173 fa-

65 2212 136 2259 teor
154 2197 295 2277 equidem
313 2197 396 2280 (uam
415 2198 451 2257 ab
471 2219 504 2258 ea
521 2199 682 2263 lactatione
700 2199 816 2276 omnia,
838 2197 969 2278 quaein
983 2217 1039 2255 nos
1058 2216 1231 2278 congerun-

65 2297 134 2354 tur,
158 2283 316 2341 maledicta
335 2280 507 2363 oriuntur),
532 2282 585 2341 sed
603 2294 705 2342 tamen
722 2282 804 2343 illius
823 2281 967 2383 temporis
987 2281 1111 2361 inopiae
1127 2293 1157 2340 et
1174 2303 1230 2342 ne·
1258 2274 1267 2287 ⁴

67 2367 194 2428 cessarie
217 2386 288 2424 sune
312 2366 385 2426 lecit
408 2378 439 2425 et
461 2367 668 2448 congruentia.
703 2364 862 2427 Constat
852 2367 963 2450 rgitur,
987 2378 1103 2446 patrem
1127 2387 1229 2426 meum

67 2472 132 2512 non
154 2451 284 2533 primum
309 2451 429 2510 eluxisse
450 2463 576 2535 matrem
601 2471 714 2526 meam,
738 2453 792 2513 sed
809 2449 1045 2512 Protomaclrom
1066 2461 1097 2508 et
1114 2449 1229 2511 liberos

66 2557 240 2618 procreasse
265 2548 296 2594 et
319 2537 411 2596 liliam
435 2535 584 2594 elocasse:
611 2535 678 2614 qui,
704 2537 761 2598 etsi
784 2550 922 2596 mortuus
940 2548 1006 2608 est,
1029 2533 1102 2615 ipsis
1126 2547 1228 2595 tamen

64 2623 151 2681 sactis
167 2634 312 2693 testatur,
337 2642 401 2680 earn
421 2633 451 2679 et
467 2617 611 2706 urbanam
631 2633 662 2679 et
678 2621 773 2681 civem
790 2621 892 2692 luisse.
926 2620 1010 2679 Haec
1026 2640 1086 2678 me
1092 2639 1162 2678 vere
1176 2620 1229 2678 di-

65 2726 134 2768 cere
152 2718 188 2765 ut
204 2715 362 2786 appareat,
379 2702 509 2786 primum
527 2704 602 2770 mihi
619 2725 693 2765 voca
710 2704 904 2765 Protomachi
920 2704 1021 2763 filios:
1035 2701 1145 2763 deinde
1164 2722 1228 2778 eos,

20 2863 23 2869 Ι
65 2814 118 2872 qur
109 2782 327 2872 sponsalibus
345 2790 443 2871 patris
453 2789 678 2864 interfuerunt,
703 2803 735 2850 et
752 2812 768 2850 e
788 2790 950 2850 curialibus
968 2800 1133 2871 cognatos,
1158 2788 1228 2866 qui

63 2878 121 2936 bus
140 2875 293 2955 nuptiale
292 2897 402 2935 munus
421 2873 556 2934 contulit
568 2895 623 2954 pro
641 2887 736 2935 matre
753 2888 854 2957 pater.
888 2886 959 2955 post
975 2872 1125 2931 Eunicum
1143 2868 1227 2931 (ιιιο-Ι

41 2963 243 3043 .lar'gensem,
261 2960 314 3039 qni
331 2978 480 3037 sororem
486 2979 583 3021 meam
600 2958 717 3042 accepit
733 2981 749 3020 a
765 2958 983 3061 Protomaclro:
1002 2957 1112 3053 deinde
1129 2957 1226 3016 lilium
1263 3011 1267 3024 ,

62 3046 186 3107 sororis.
211 3049 304 3106 Voce
321 3045 386 3113 hos.
985 3076 989 3083 ·
1023 3076 1026 3081 ·
1200 3078 1202 3082 ·

542 3199 753 3286 TESUS.
808 3203 854 3241 .'

148 3301 294 3367 Annon
285 3302 379 3384 igitur
401 3300 611 3384 indignissime
634 3303 769 3363 omnium
792 3301 950 3361 hominum
973 3268 1074 3382 agitur
1096 3318 1226 3370 mecum,

62 3386 284 3459 Athenienses,
302 3387 416 3466 quod,
419 3406 494 3446 cum
507 3401 555 3447 tot
571 3388 693 3470 cognati
709 3386 785 3446 mihi
801 3387 864 3446 siut
872 3386 992 3466 ,hique
1010 3397 1041 3443 et
1058 3382 1225 3443 testificans
1294 3441 1298 3451 Δ

62 3486 115 3532 tur
132 3486 163 3533 et
181 3473 335 3548 deierent,
359 3492 391 3533 se
409 3471 484 3530 mihi
502 3484 648 3572 cognatos
666 3491 750 3546 esse,
759 3428 926 3531 ethorirm
944 3489 1036 3530 nemo
1054 3469 1086 3527 in
1104 3467 1152 3526 ins
1169 3485 1225 3525 ro-¹
1302 3530 1314 3547 ἢ

62 3570 165 3631 cetur,
183 3557 269 3636 quasi
287 3556 365 3616 cives
383 3576 445 3615 non
459 3557 534 3628 sint,
557 3556 607 3617 isti
622 3569 725 3617 tamen
740 3555 987 3655 pronuntiarunt,
1004 3561 1066 3614 m'e
1071 3571 1136 3611 esse
1152 3570 1226 3650 per
1239 3604 1243 3617 ,

62 3643 223 3726 egrinum?
259 3639 340 3722 Cape
365 3640 440 3700 milri
459 3653 490 3700 et
507 3639 631 3701 Cliniae
649 3654 680 3702 et
705 3653 903 3725 cognatorum
922 3640 987 3699 eius
1004 3635 1225 3713 testimonium,

62 3727 116 3806 qui
133 3739 249 3786 norunt
265 3726 357 3785 haud
364 3725 470 3807 dubie,
489 3746 636 3805 quaenam
652 3736 749 3786 mater
766 3745 831 3786 mea
848 3725 975 3797 fuerit,
975 3744 1050 3803 quae
1066 3741 1224 3781 mammem
1285 3764 1288 3769 .

29 3810 34 3816 ⁹
60 3813 106 3872 illi
124 3809 269 3892 praebuit
287 3811 406 3891 Neque
413 3811 494 3869 enim
512 3811 544 3870 id
563 3811 646 3870 ab
616 3831 661 3870 ers
680 3810 875 3871 iurisiurandi
891 3809 1001 3890 religio
1018 3806 1162 3891 postulat,
1179 3816 1225 3875 ut,

29 3931 32 3935 ·
62 3914 139 3977 quae
164 3917 220 3955 nos
246 3897 346 3956 hodie
363 3892 505 3968 dicimus,
531 3919 564 3956 ea
588 3896 802 3965 testificentur:
829 3896 882 3956 sed
905 3907 941 3954 ut
964 3914 1014 3966 ea,
1028 3906 1115 3971 quae
1140 3887 1225 3949 omni

60 3995 201 4062 tempore
223 3994 375 4062 comperta
399 3980 581 4053 habuerunt,
608 4001 671 4039 cam
699 3993 731 4040 et
753 3990 840 4063 s'nam
861 3979 1009 4039 nutricem
1035 3989 1066 4037 et
1090 3988 1227 4035 nostram

60 4066 153 4125 luisse
170 4080 294 4126 matrem
315 4065 526 4126 existimatam.-
552 4066 578 4124 Γ
571 4065 685 4125 ametsr
711 4066 793 4125 enim
808 4064 924 4141 humile
942 4062 1083 4142 quiddam
1102 4072 1162 4121 est
1165 4080 1224 4117 nu-

59 4151 144 4211 tricis
161 4151 357 4211 uocabulum:
375 4151 531 4210 veritatem
549 4163 661 4209 tamen
668 4170 741 4219 non
734 4136 905 4211 ιιιιιιιιιι.
917 4148 989 4209 Νοιι
1007 4147 1088 4206 enim
1106 4145 1131 4204 si
1148 4165 1225 4224 pau-·
1243 4149 1306 4206 337

59 4257 148 4318 peres
166 4235 294 4336 luimus,
320 4235 458 4320 cuiquam
476 4234 617 4295 iniuriam
634 4235 782 4335 lecimus,
802 4232 898 4295 sed
874 4256 899 4292 ss
917 4233 999 4293 cives
1015 4252 1078 4295 non
1094 4227 1224 4315 fuimus:

60 4341 162 4404 neque
180 4321 212 4381 in
231 4320 291 4391 lrec
301 4312 423 4382 iudicio
439 4320 506 4418 vel·
501 4320 577 4396 sita,
594 4320 642 4381 vel
657 4316 785 4403 pecunia
800 4331 906 4381 ιιιιιιιι
922 4318 1035 4402 agitur,-
1029 4317 1110 4378 sed
1119 4306 1251 4400 genes
