2722 4754
275 270 281 279 ἱ
360 160 894 254 'unurnarrrrnnuulx
1181 212 1220 266 sa
1284 212 1322 279 ·,

125 350 1087 495 [ΡΗΙιιΡΡῘΙΜρυΛΒΤ-Α.

430 541 437 570 t

256 675 508 783 'ursanum
552 718 997 814 anoununrun„

72 833 143 920 Iden
156 853 285 916 ethuius
305 853 452 914 orationis
471 854 682 936 argumentum
699 868 755 928 est,
777 857 860 935 quod
878 861 1097 938 praecedentis,
1115 890 1215 950 neque
1259 900 1262 904 ·

74 945 208 1029 pstquam
226 940 257 998 in
276 960 312 998 ea
330 939 411 1001 inest
428 940 555 1020 amplius
574 952 625 999 aut
643 941 812 1020 peculiare,
846 956 967 1021 praeter
983 945 1065 1006 illam
1084 949 1121 1011 de
1141 976 1223 1016 con-·

72 1028 155 1092 tupi,
169 1025 325 1091 rationem
350 1024 453 1098 Quum
473 1025 553 1084 enim
572 1025 715 1087 divitesa
732 1027 916 1106 pauperibus
936 1029 1130 1096 dissentiant:
1152 1040 1214 1099 De·
1316 1018 1320 1031 .

70 1112 221 1177 „poenos
239 1130 362 1189 operam
380 1111 441 1182 dat,
459 1123 495 1169 ut
511 1109 694 1170 seditionem
714 1125 901 1191 compescat:
918 1104 1000 1194 ple‘bi
1017 1120 1157 1196 suadens,
1174 1146 1215 1184 ue
1263 1112 1269 1122 i
1298 1162 1306 1173 =

72 1199 179 1262 divitum
202 1194 513 1274 fortunaspubiicet:
545 1195 708 1269 divitibus,
736 1217 776 1255 no
799 1197 941 1257 lucellum
969 1199 1060 1276 ildud,
1088 1208 1171 1284 quod
1197 1228 1213 1268 e

70 1282 181 1367 publico,
189 1278 377 1362 percipiunt,
396 1279 586 1340 tenuioribus
604 1280 766 1340 invideant
802 1283 918 1342 Suadet
935 1285 1024 1347 etiam
1042 1278 1212 1352 Athenien-

71 1370 156 1440 ,Μ’
174 1378 203 1426 ut
217 1364 298 1446 regis
317 1365 477 1441 Persarum
495 1387 550 1446 per
567 1365 682 1447 legatos
701 1367 877 1427 societatem
897 1384 1044 1449 expetant

72 1680 165 1790 Quum
183 1717 216 1779 et·
228 1705 368 1787 gravihds
386 1725 455 1777 vos,
479 1703 702 1779 Athenienses,
728 1719 759 1766 et
774 1708 959 1790 reipublicae
978 1715 1152 1774 necessariis
1173 1719 1209 1778 de
1229 1782 1231 1791 ,

70 1797 142 1855 rebus
158 1789 319 1850 deiiberare
338 1803 461 1870 putem:
484 1809 606 1870 operam
625 1791 719 1863 dabo,
745 1805 781 1851 ut
800 1815 833 1852 ea
851 1795 964 1870 dicam,
989 1820 1066 1875 quae
1085 1820 1100 1858 e
1118 1823 1210 1882 repu.

70 1881 134 1940 blica
147 1896 207 1935 esse
223 1872 360 1935 arbitror.
393 1875 584 1952 Quamquam
608 1888 709 1935 autem
727 1891 848 1956 peccata
865 1902 928 1939 non
945 1888 1044 1960 pauca'
1056 1881 1138 1957 surit,
1155 1909 1210 1945 ne-

70 1975 220 2046 que'parvo
244 1972 382 2040 tempore
408 1959 568 2031 cumulata,
594 1981 649 2040 per
673 1982 750 2040 quae
775 1963 807 2021 in
833 1963 906 2023 haec
930 1967 1007 2025 mala
1031 1967 1210 2042 incidimus:
1265 2036 1268 2043 ,

69 2047 129 2110 nihil
141 2059 233 2105 tamen
247 2045 387 2105 omnium
401 2056 457 2116 est,
474 2043 689 2118 Athenienses,
706 2047 738 2104 in
753 2050 923 2126 praesentia
938 2051 1101 2126 difficilius,
1120 2077 1209 2134 quam
1275 2102 1276 2107 κ

66 2133 135 2216 'quod
150 2149 198 2191 ros
215 2129 321 2189 animis
347 2151 364 2188 a
389 2128 481 2189 'rebus
507 2131 648 2210 gerendis
672 2130 857 2207 abhorretis,
884 2147 915 2193 et
931 2136 1079 2218 tantisper
1095 2141 1209 2201 novatis
1234 2189 1237 2193 .
1300 2126 1306 2133 ⁵

69 2239 187 2300 operam,
199 2216 279 2278 ,dum
297 2215 484 2287 sedetis,'et
502 2214 627 2287 auditis,
643 2215 707 2295 ¹ubi
726 2217 799 2295 quid
817 2219 889 2278 novi
900 2222 1082 2297 ¹nunciatum
1099 2223 1211 2285 fuerit:

70 2304 157 2364 deinde
179 2313 310 2372 vestrum
336 2299 465 2379 quisque
492 2299 654 2380 digressus,
680 2322 743 2360 nou
770 2303 861 2362 modo
889 2299 1061 2366 nonscurat
1085 2329 1129 2380 ea,
1150 2302 1225 2392 'seds
1255 2317 1260 2326 ¹

69 2409 114 2449 nec
127 2385 260 2446 meminit
287 2386 334 2444 Ac
351 2384 729 2464 petulantiaequidemet
746 2387 901 2461 avaritiae,
920 2413 978 2469 qua
997 2413 1067 2473 erga
1084 2393 1207 2454 univer-

68 2495 108 2534 sos
123 2470 259 2531 mortales,
269 2469 429 2550 Philippus
446 2469 559 2541 utitur,
585 2482 666 2531 tanta
684 2472 861 2552 magnitudo
881 2486 942 2549 est,
962 2490 1103 2555 quantam
1121 2480 1208 2539 andi·

68 2559 110 2618 tis.¹
140 2556 210 2615 Eum
233 2567 336 2636 auteur
361 2577 424 2615 non
447 2575 537 2634 posse
560 2554 694 2614 coe'rceri
711 2556 810 2615 verbis
828 2569 860 2616 et
878 2560 1093 2637 concionibus,
1117 2584 1208 2632 nemo

52 2642 134 2703 'cene
149 2642 271 2723 ignorat
287 2639 409 2699 Etenim
428 2640 454 2699 si
472 2662 488 2698 e
506 2639 590 2699 nulla
606 2638 714 2699 realia
732 2641 764 2699 id
783 2643 927 2723 cognosci
944 2660 1056 2724 posset,
1074 2647 1115 2707 ita
1134 2671 1206 2709 con-

67 2727 238 2786 siderandum
253 2737 348 2784 esset:
373 2725 436 2783 Nos
455 2724 540 2783 nullo
559 2746 693 2802 unquam
712 2723 800 2804 loco,
824 2747 892 2785 cum
912 2728 948 2786 de
966 2730 1032 2787 iur'e
1051 2733 1205 2811 disputan·
1223 2740 1263 2796 85
1319 2711 1323 2739 ⁸

67 2814 128 2871 dum
144 2809 212 2883 suit,
228 2810 311 2882 uicti,
330 2831 387 2869 nec
404 2803 545 2871 iniuriam
563 2809 671 2868 secisse
688 2809 745 2868 visi
761 2831 880 2869 sumus:
898 2812 951 2870 sed
970 2834 1075 2874 omnes
1091 2816 1207 2897 ubique

66 2916 219 2976 superamus
236 2908 266 2955 et
283 2895 432 2954 vincimus
452 2894 598 2954 oratione.
632 2893 788 2973 Numquid
806 2895 901 2976 igitur
917 2890 1078 2978 propterea
1095 2900 1140 2973 illi
1157 2922 1206 2964 res

67 2982 185 3041 adversae
202 2993 282 3053 sunt,
301 2993 354 3040 aut
370 2979 555 3060 reipublicae
573 2979 757 3059 prosperae?
774 2979 904 3039 Multum
922 2995 1003 3041 certe
1018 2983 1109 3044 abest
1128 2982 1205 3048 Cum

67 3067 132 3126 enim
148 3065 199 3125 ille·
211 3066 318 3124 sumtis
337 3078 407 3145 post
425 3064 513 3124 armis
539 3064 748 3151 progreditur,
784 3084 889 3124 omnes
906 3065 1042 3126 fortunas
1069 3070 1207 3139 alacriter
1291 3060 1293 3065 ¹

65 3151 91 3209 in
110 3150 260 3209 discrimen
286 3152 455 3210 adducens:
483 3171 539 3208 nos
566 3170 638 3208 vero
665 3150 821 3220 sedemus,
848 3163 1007 3230 postquam
1035 3153 1086 3212 alii
1111 3176 1206 3236 aequa

64 3235 187 3308 diximus,
213 3235 264 3293 alii
290 3235 476 3294 autlivimus:
494 3234 543 3306 srt,
570 3246 606 3292 ut
629 3234 706 3312 facta
731 3233 920 3294 orationibus
946 3250 1149 3312 antevertant,
1175 3253 1207 3300 et

64 3341 151 3379 onnes
174 3332 280 3379 curent
305 3341 369 3380 non
393 3319 575 3400 aequitates,
602 3339 798 3397 quascunque
821 3340 877 3377 nos
896 3320 1023 3380 diximus
1049 3335 1102 3382 aut
1124 3345 1206 3386 nunc

65 3405 194 3478 dicemus,
212 3405 266 3464 sed
286 3426 336 3478 ea,
355 3426 433 3484 quae
450 3404 584 3463 facimus.
615 3402 711 3482 Atqui
730 3403 880 3462 eiusmodi
898 3427 932 3465 ea
949 3420 1037 3481 sunt,
1056 3421 1092 3467 ut
1108 3402 1205 3468 nemi·
1229 3474 1233 3487 1

65 3510 125 3548 nem
144 3511 316 3570 oppressum
342 3489 451 3568 iniuria
473 3498 591 3548 servare
617 3487 741 3567 possint
767 3509 868 3568 neque
893 3491 973 3549 euim
1019 3491 1083 3552 lura
1107 3494 1144 3552 de
1168 3494 1205 3554 iis

64 3573 116 3632 dici
131 3594 197 3654 opus
217 3586 271 3635 est
290 3576 423 3635 Proinde
439 3595 507 3633 cum
523 3572 667 3653 oppidani
680 3572 711 3631 in
728 3567 800 3631 duas
819 3574 906 3634 hasce
920 3576 981 3635 sint
997 3513 1085 3636 divisi
1096 3592 1207 3658 partes,

63 3648 105 3716 alii
119 3672 151 3719 ut
165 3681 265 3740 neque
284 3660 314 3719 vi
332 3660 478 3740 imperare
496 3657 598 3717 velint·
608 3678 708 3737 noque
726 3657 837 3717 servire
856 3660 1011 3739 cuiquam,
1047 3665 1101 3722 sed
1118 3663 1149 3722 in
1167 3663 1208 3724 li:

62 3741 160 3803 bertate
177 3758 208 3804 et
225 3744 346 3826 legibus
365 3763 516 3823 exaequo
535 3742 645 3814 vivere,
664 3742 714 3802 alii
731 3756 767 3802 ut
784 3742 899 3803 civibus
917 3745 1064 3826 imperare
1082 3748 1207 3828 cupiant

61 3840 86 3886 et
100 3829 177 3888 alteri
194 3851 319 3909 parere,
345 3825 400 3910 per
416 3849 639 3908 quemcumque
657 3828 689 3887 id
707 3840 738 3887 se
757 3842 973 3890 consecuturos
991 3833 1141 3912 putarint:
1173 3830 1206 3905 ii,

60 3913 105 3990 qui
119 3913 194 3975 illius
207 3928 325 3974 sectam
343 3926 529 3994 sequuntur,
556 3913 669 3992 quique
687 3913 862 3995 tyrannides
881 3927 912 3974 et
929 3915 1112 3997 principatus
1132 3935 1205 3975 con-

58 3997 239 4076 cupiverunt,
256 4000 372 4080 ubique
384 3998 600 4060 dominantur:
618 4011 650 4057 et
666 3997 754 4070 urbs,
771 3998 803 4056 in
822 4020 881 4078 qua
899 4011 1073 4077 constanter
1089 4001 1207 4061 colatur

57 4080 165 4143 libertas
182 4084 307 4165 populi,
331 4085 411 4145 haud
435 4083 499 4144 scio
524 4083 647 4143 an-ulla
671 4082 711 4142 sit
734 4082 851 4162 reliqua
871 4103 907 4143 ex
925 4084 1081 4159 omnibus,
1106 4098 1206 4145 vestra

57 4181 182 4249 exceptat
209 4182 242 4228 et
258 4183 346 4244 sunt,
365 4169 417 4249 qui
435 4168 515 4227 illius
532 4167 680 4227 arbitratu
696 4180 841 4248 praesunt
858 4168 991 4248 oppidis,
1010 4169 1150 4229 omnibns
1168 4169 1206 4229 iis

55 4251 150 4325 rebus,
175 4254 289 4334 quihus
307 4254 429 4336 negotia
446 4252 667 4325 conficiuntur,
689 4253 877 4333 superiores,
902 4273 1032 4331 quorum
1048 4253 1126 4314 illud
1143 4253 1205 4334 pri-

55 4340 285 4420 mnmomniu'm
302 4354 335 4400 et
358 4338 518 4400 maximnm
538 4351 600 4413 est,
628 4338 711 4417 quod
737 4337 940 4418 praebitorem
956 4336 1074 4398 habeut
1098 4337 1207 4401 soson
