2722 4754
275 158 277 165 '
353 156 933 270 stonum—'concionum
1028 239 1032 245 ,
1161 183 1225 239 ιιι
1303 158 1305 163 “

58 351 136 412 quae
150 333 287 413 quisque
304 331 489 430 reipublicae
507 329 619 412 putetis
637 331 765 392 maxime
783 331 954 412 prolatura.
979 327 1028 389 Fit
1045 338 1166 398 autem,
1181 341 1227 400 ut,

57 417 134 498 qnid
159 418 241 477 lactu
259 416 300 476 sit
317 416 483 496 optimum,
508 437 571 475 non
596 416 704 477 eodem
730 416 823 477 modo
847 415 885 475 ab
903 413 1045 474 omnibus
1063 424 1226 473 statuatur.
1287 426 1291 433 ‘

58 502 223 575 nec‘euim
248 513 382 561 vestrum
399 499 450 560 alii
468 501 633 569 sententias
652 521 718 560 esse
737 501 897 574 dicendas,
922 498 973 559 alii
997 519 1061 558 non
1085 497 1228 558 dicendas

29 648 32 650 ,
59 570 293 648 contenderent
320 576 425 666 Apud
431 604 483 644 eos
501 585 596 666 igitur
613 583 743 659 dicturo,
761 584 862 664 quaid
880 584 1026 665 prodesse
1034 593 1162 664 putant,
1179 581 1227 640 ni-'
1249 585 1311 645 432

61 671 104 730 hil
124 692 200 752 opus
220 683 267 730 est
284 669 399 744 verbis,
419 690 486 728 cunr
505 669 563 728 iam
582 669 626 729 eis
644 691 820 749 persuasum
839 670 893 728 ιιι·
912 669 948 730 ad
968 687 1020 726 eos
1038 676 1157 741 autem,
1175 665 1229 746 qui

61 756 249 816 eontrarium
268 754 409 835 expedire
428 765 572 828 censent,
581 776 674 834 pauca
692 755 796 816 dicam.
814 753 847 812 si
866 753 918 832 qui
938 753 1032 833 igitur
1048 752 1153 813 audire
1170 772 1228 810 ιιο-

60 842 143 900 lunt:
163 841 194 899 hi
212 853 335 900 utrem
349 852 552 921 cognoscant,
569 839 668 898 nihilo
685 839 781 922 magis
798 837 865 897 fieri
883 850 1006 918 potest,
1021 858 1109 916 qnam
1128 836 1230 918 stipsi

61 938 94 986 et
116 937 267 998 tacerent,
291 936 322 984 et
339 944 430 983 nemo
449 924 618 994 orationem
637 924 770 987 baberet.
804 923 862 982 Sin
877 921 1051 982 audieritis:
1080 922 1228 990 alterutro
1295 915 1298 921 ’

61 1010 147 1070 bono
165 1008 302 1069 frustrari
320 1030 384 1068 ιιοιι
402 1009 540 1087 potestis,
563 1009 637 1091 quin
656 1022 708 1068 aut
725 1029 860 1089 persuasr
851 1008 1049 1086 eademque
1062 1006 1229 1070 sentientes

62 1095 258 1168 concordius
255 1093 440 1152 deliberetis
454 1091 532 1175 (quo
550 1095 587 1152 ad
605 1094 774 1174 praesentia
792 1092 915 1175 negotia
934 1091 1010 1151 nibil
1029 1092 1136 1151 cadere
1154 1111 1230 1170 que-

61 1192 93 1239 at
111 1165 274 1259 optatius),
299 1191 366 1252 aut,
392 1176 418 1236 si
435 1199 542 1237 sarasor
559 1200 642 1238 suam
661 1179 847 1238 sententiam
860 1177 989 1258 probare
1009 1176 1089 1236 baud
1106 1174 1231 1256 poterit,

63 1263 194 1323 decretis
212 1263 319 1322 vestris
338 1261 528 1350 constantius
546 1262 727 1323 innitemini
761 1265 919 1322 Praeterea
945 1281 1009 1322 non
1028 1261 1106 1320 bona
1126 1259 1232 1319 subest
1271 1323 1275 1333 f

62 1347 208 1428 suspicio,
225 1347 330 1407 venire
348 1342 380 1406 in
399 1347 595 1420 concionem,
613 1348 698 1426 quasi
716 1368 751 1407 cx
766 1347 833 1427 bis,
852 1342 928 1426 qbae
948 1346 1097 1418 dicentur,
1117 1344 1232 1425 optima

63 1433 126 1492 sint
143 1431 302 1518 eligenda,
326 1444 427 1490 tamen
447 1433 625 1505 ostendere,
651 1433 826 1512 priusquam
846 1431 1018 1491 orationum
1038 1429 1173 1488 delectus
1192 1426 1233 1486 sit

61 1516 237 1589 habitus,v
219 1515 418 1596 vosmetipsos
437 1515 551 1594 aliquid
570 1536 747 1596 persuasum
765 1517 889 1588 habere,
909 1516 1002 1593 idque
1019 1526 1081 1574 tam
1097 1512 1236 1594 pertins—⁴
1284 1565 1287 1569 ,

35 1621 38 1625 ’
65 1601 159 1674 citer,
177 1613 211 1660 ut
228 1613 350 1682 praeter
366 1599 397 1659 id
415 1619 454 1658 ne
473 1599 577 1658 audire
597 1601 719 1679 quidem
738 1601 898 1680 quicquam
918 1598 1025 1658 velitis.

66 1911 226 2014 Fortassis
251 1932 464 2014 importunus,
489 1928 710 2006 Athenienses,
736 1932 917 2012 quibusdam
941 1945 1079 1995 vestrum.
1100 1954 1166 1994 esse
1190 1933 1235 1994 vi-

67 2024 161 2092 deor,
186 2018 240 2098 qui
256 2038 345 2098 saepe
364 2029 395 2076 et
413 2017 535 2098 quidem
554 2017 661 2085 iisdem
679 2029 828 2099 perpetuo
848 2018 885 2078 de
903 2018 995 2078 rebus
1013 2018 1106 2083 verba
1121 2018 1236 2079 saciant,

66 2111 183 2166 Verum
202 2103 228 2162 si
244 2122 310 2162 rem
327 2115 410 2162 recte
428 2101 644 2164 consideretis:
681 2124 744 2161 non
768 2123 817 2162 me
841 2103 873 2162 in
892 2104 979 2184 culpa
998 2124 1065 2163 esse
1082 2103 1243 2174 videbitis„
1289 2169 1298 2178 „

67 2190 123 2250 sed
142 2208 212 2262 eos,
238 2188 291 2268 qui
309 2187 416 2265 vestris
435 2188 565 2252 decretis
583 2208 647 2246 nou
666 2187 886 2267 obtemperant
916 2188 980 2262 Qui
998 2188 1024 2246 si
1042 2189 1173 2268 primum
1191 2187 1236 2247 se-

69 2276 203 2346 cissent,
230 2292 307 2351 quae
325 2292 378 2331 vos
397 2271 545 2331 iussistis:
581 2272 657 2331 nihil
675 2271 810 2331 secundo
830 2292 886 2330 nos
904 2271 993 2332 verba
1012 2271 1112 2332 lacere
1129 2272 1239 2332 fnisset
1309 2346 1313 2351 1

57 2355 166 2457 opus,
190 2377 306 2435 neque,
326 2378 358 2416 ἰι
350 2355 531 2431 'secundo,
548 2357 657 2416 denuo.
676 2356 781 2428 Nunc,
800 2356 1000 2437 quosaepius
1019 2378 1073 2416 vos
1092 2377 1141 2430 ea,
1160 2376 1237 2436 quae
1263 2408 1266 2412 ,
1297 2361 1302 2367 ’

68 2440 137 2504 fieri
155 2439 287 2514 debent,
310 2397 542 2538 promulgastis,
569 2462 606 2500 eo
623 2441 698 2500 mibi
716 2440 859 2500 videntur
876 2441 921 2501 illi
939 2440 1039 2502 minus
1059 2463 1125 2508 esse
1143 2440 1256 2523 parati,

70 2529 107 2589 ad
132 2525 312 2585 laciendum.
347 2524 393 2589 Ac
405 2524 494 2624 prius
512 2524 688 2607 ignorabam
707 2525 865 2605 equidem,
892 2546 1038 2610 quorsum
1062 2527 1176 2586 dictum
1201 2525 1239 2586 il·
1262 2527 1279 2578 '-

42 2613 141 2674 tud:
168 2610 361 2693 Magistratus
384 2609 482 2668 virum
507 2611 658 2683 ostendit,
683 2608 866 2690 pertineret·
901 2624 1081 2672 nunc'vero
1106 2610 1239 2670 idalius

33 2696 37 2703 ’
71 2697 162 2758 etiam
179 2715 269 2777 posse
287 2694 397 2754 docere
415 2693 529 2754 videor.
562 2693 754 2776 Magistratus
774 2695 870 2767 enim,
889 2707 941 2755 ant
958 2709 1057 2769 certe,
1075 2717 1114 2755 ne
1133 2714 1239 2759 omnes
1274 2767 1277 2769 Α

54 2781 186 2854 dicam,
213 2779 335 2859 quidam
354 2779 494 2851 illorum,
518 2790 555 2837 ut
571 2793 669 2838 vestra
688 2780 809 2839 decreta
827 2800 883 2838 nec
901 2779 1019 2839 minima
1011 2780 1170 2852 faciunt,
1196 2779 1240 2838 sic

71 2865 104 2925 id
121 2887 217 2925 unum
236 2873 384 2962 spectant,
401 2863 483 2922 unde
502 2863 657 2944 accipiant
678 2864 799 2939 Quodsi
817 2863 902 2922 mibi'
910 2876 1000 2938 esset,
1019 2865 1103 2944 quod
1122 2865 1240 2923 darem:

72 2951 139 3010 iure
158 2949 197 3008 ob
217 2947 276 3007 id
266 2969 364 3028 ipsum
384 2967 432 3005 me
447 2946 598 3027 quispiam
617 2946 873 3035 reprehenderet,
894 2950 985 3026 quod
997 2949 1168 3010 obtundere
1186 2969 1241 3008 vos

73 3034 158 3117 parvi
181 3045 298 3093 sumtus
321 3031 416 3114 gratia
441 3051 504 3090 non
530 3032 708 3094 dubitarent
725 3033 832 3101 Nunc
849 3029 881 3091 id
897 3032 966 3092 fieri
984 3055 1048 3094 non
1065 3033 1184 3115 potes't:
1210 3032 1241 3091 id
1285 3048 1288 3053 ·

75 3120 159 3211 quod
177 3139 234 3177 nec
251 3116 310 3196 ipsi
327 3115 476 3175 nesciunt
493 3115 527 3174 Si
540 3139 612 3177 vero
625 3133 681 3199 pro
698 3117 746 3191 iis,
764 3137 841 3198 quae
859 3116 946 3176 vobis
964 3119 1142 3200 praestanda
1160 3129 1242 3189 sunt,

74 3224 129 3264 me
148 3203 207 3263 sibi
224 3201 390 3261 auctarium
408 3200 581 3262 additurum
598 3215 723 3282 putant,
748 3223 843 3284 nugas
861 3214 963 3284 agunt
997 3202 1044 3272 Ac
1063 3223 1096 3263 ea
1114 3203 1243 3277 fortasse

31 3337 34 3343 .
75 3288 202 3359 volunt,
218 3306 304 3367 quae
324 3282 423 3346 etiam
433 3299 615 3365 exspectant
658 3287 725 3369 Ego
743 3307 816 3346 vero
835 3307 869 3344 ea
888 3307 954 3345 uon
969 3287 1093 3348 faciam:
1121 3285 1242 3387 sed,
1217 3309 1243 3346 ιι

76 3373 200 3454 quidem
219 3371 376 3445 dederint,
411 3368 511 3430 navim
529 3371 701 3450 protraham
721 3368 886 3450 officioque
904 3371 1033 3464 fungar,
1066 3372 1118 3434 sin
1132 3371 1245 3443 minus,

76 3479 149 3532 eos,
168 3457 221 3537 qui
239 3469 311 3517 sunt
327 3455 360 3514 iu
378 3454 484 3536 culpa,
502 3455 589 3516 vobis
608 3455 757 3517 indicabo.
1097 3482 1103 3488 ·
1269 3458 1273 3464 ’

75 3766 185 3852 Nemo
210 3809 299 3848 sanus
323 3787 464 3887 negabit,
488 3787 619 3885 opinor,
641 3785 861 3888 Athenienses,
886 3789 1014 3849 maxime
1033 3810 1099 3849 esse
1117 3810 1135 3848 e
1153 3809 1245 3871 repu-
1269 3801 1315 3860 43

77 3877 174 3948 blica,
191 3886 283 3933 utne
302 3872 403 3953 quid'
394 3873 482 3932 mitio
500 3870 625 3931 noiium
643 3884 764 3954 agatur.
788 3872 836 3933 sin
854 3873 971 3952 minus,
987 3887 1023 3934 ut
1040 3874 1140 3934 statim
1158 3895 1246 3955 prae,-

80 3976 128 4024 sto
147 3959 225 4031 sint,
246 3980 315 4038 qur
295 3956 518 4017 intercedant.
555 3954 656 4034 Atque
675 3955 734 4017 buc
751 3957 827 4018 illud
846 3958 989 4019 accedere
1008 3959 1117 4059 debet,
1140 3971 1177 4019 ut
1193 3980 1247 4020 vos

81 4061 113 4109 et
132 4044 235 4104 audire
254 4056 286 4103 et
303 4041 406 4102 doceri
423 4040 539 4100 velitis.
564 4040 641 4099 nibil
660 4040 741 4101 euim
759 4043 931 4123 profuerit,
952 4064 1035 4117 esse,
1059 4044 1126 4124 qni
1124 4045 1248 4125 optima

81 4130 224 4201 suadeat,
250 4128 293 4201 si,
319 4126 373 4206 qui
396 4126 604 4205 obtemperet,
629 4109 739 4191 babeat
763 4127 925 4188 neminem.
959 4128 1045 4203 Quin
1062 4128 1140 4188 illud
1157 4128 1247 4188 etiam

82 4231 148 4278 ιιοιι
165 4213 274 4273 inutile
290 4210 387 4272 videri
403 4223 524 4292 potest,
549 4229 614 4272 esse
632 4209 783 4290 aliquem,
800 4211 872 4292 qui,
895 4212 921 4272 si
939 4211 1006 4293 quis
1024 4213 1111 4274 vobis
1128 4208 1182 4298 ιιι
1194 4233 1250 4294 per

85 4299 295 4402 occasionem,
311 4295 360 4357 vel
378 4304 505 4377 propter
520 4293 585 4356 diei
599 4305 730 4376 tempus,
746 4297 795 4357 vel
813 4296 858 4358 ob
868 4297 1011 4377 quamvis
1024 4317 1145 4361 ιιιιιιιι
1140 4292 1248 4361 aliam
