2722 4754
47 151 52 162 .
226 163 227 167 ,
291 119 300 162 t
507 166 509 174 s
705 128 710 137 ‚

64 253 93 275 ι,
151 231 192 288 ⁷2
290 227 294 249 ³
399 182 1035 287 'numos‘rnumsoaam'o

153 376 288 441 demiror
303 372 454 458 equidem,
472 397 527 436 cur
540 368 600 435 tibi
618 352 744 456 propter
760 373 816 434 ista
834 370 970 452 facienda
985 390 1050 430 esse
1067 367 1168 428 omnia
1183 383 1320 436 censeas,

103 485 107 493 ·
151 483 253 545 neque
273 462 372 523 ullum
396 460 609 520 vellaborem
624 460 672 536 vel
695 459 864 541 periculum
889 456 1106 532 recusandum:
1131 450 1321 532 reipublicae

153 548 312 628 autemsis
329 557 445 619 auctor,
463 546 537 606 haec
554 562 616 627 per
626 544 796 606 socordiam
812 557 847 603 ut
864 542 1001 604 amittat?
1017 541 1125 620 Neque
1143 538 1233 598 enim'
1244 535 1320 623 illud

120 696 124 706 ζ
154 634 252 707 dices,
265 675 270 692 t
281 643 313 692 te
332 643 480 712 oportere¹
492 631 525 690 in
541 629 697 711 republica
715 648 780 703 esse
800 628 1019 707 conspicuum:
1044 624 1230 703 reipublicae
1249 620 1319 681 'n'ul-

152 719 213 778 lam
237 735 303 777 csse
326 723 468 795 oportere
490 717 569 796 apud
588 715 722 776 Graecos
741 713 958 773 auctoritatem.
1001 712 1086 786 Quin
1104 730 1161 770 nec
1178 708 1257 768 illud
1275 705 1319 766 vi-

139 802 232 876 “deo,
249 799 433 880 reipublicae
450 813 551 863 tutum
568 814 654 872 esse,
677 817 766 860 suum
784 817 872 879 agere
890 797 1064 879 negotium:
1088 795 1147 855 tibi
1164 793 1333 877 periculo-¹

105 922 111 926 -
153 885 318 964 sum,·nisi
340 899 372 946 te
395 885 428 944 in
451 885 548 945 aliena
565 884 689 966 negotia
707 884 826 942 curiose
844 880 1019 965 ingesseris:
1045 882 1107 941 imo
1121 884 1238 956 -c'ontra
1261 877 1319 938 tibi
1340 924 1352 953 x

18 960 29 976 s
155 991 191 1032 ex
207 968 293 1039 lactis
310 969 372 1030 tuis
391 983 422 1030 et
440 970 614 1030 curiositate
633 981 764 1029 extrema
777 968 958 1048 ,impendere
972 968 1116 1049 pericula,
1132 964 1332 1046 reipublicae
1352 962 1360 973 “

128 1097 137 1117 ,
155 1076 192 1117 ex
200 1056 280 1117 otio.
297 1053 349 1128 At,
364 1055 498 1128 hercule,
513 1055 590 1114 avita
607 1068 638 1114 et
651 1053 745 1135 patria
759 1052 856 1135 gloria
865 1064 902 1113 te
914 1054 1035 1128 excitat,
1050 1073 1139 1134 quam
1154 1050 1213 1111 tibi
1228 1063 1332 1130 turpe·

140 1141 248 1201 luerit
269 1140 422 1200 amittere:
455 1137 626 1219 respublica
635 1158 716 1197 *vero
739 1138 857 1208 nullam,
870 1138 1035 1200 claritatem
1060 1151 1090 1197 et
1113 1135 1319 1197 celebritatem

155 1224 271 1306 accepit
288 1245 306 1305 a
322 1220 504 1285 maioribus?
522 1224 583 1284 Sed
601 1243 640 1283 ne
658 1223 717 1282 hoc
736 1222 858 1303 quidem
876 1224 917 1284 ita
936 1245 967 1283 se
986 1222 1084 1283 habet
1107 1221 1177 1292 ‚Tibi
1197 1220 1319 1300 quidem

154 1310 313 1392 peculator
333 1309 392 1369 fuit
414 1321 517 1389 pater,
542 1308 695 1388 siquidem
717 1307 823 1368 similis
846 1309 904 1368 fuit
927 1310 1000 1369 tihi:
1026 1329 1043 1368 a
1065 1307 1223 1388 republica
1246 1326 1320 1366 vero

155 1408 277 1469 nostra,
306 1406 342 1456 ut
359 1414 465 1454 omnes
484 1394 599 1466 sciunt,
631 1393 743 1454 Graeci
758 1392 804 1453 bis
824 1414 840 1453 e
858 1391 992 1454 maximis
1010 1393 1153 1475 periculis
1170 1391 1320 1452 maiorum·

155 1488 330 1540 nostrorum
346 1477 535 1558 temporibus
546 1490 625 1538 suut
641 1477 769 1538 liberati.
803 1482 917 1559 Verum
935 1478 1000 1538 nou
1018 1478 1201 1558 aequaliter,
1219 1496 1329 1557 nequer

156 1563 285 1641 civiliter
296 1559 359 1622 ⁴sua
377 1563 499 1642 quidam
518 1570 549 1622 et
565 1562 686 1643 publiea
704 1559 921 1625 administrant
965 1566 1036 1639 Quo
1056 1576 1146 1644 pacto
1171 1562 1320 1622 enimue-
1346 1568 1356 1580 “

59 1677 63 1681 ·
89 1724 91 1728 λ
156 1649 250 1727 quum
269 1660 324 1720 est,
341 1647 469 1708 istorum
487 1649 643 1728 quosdam,
662 1668 684 1727 e
696 1668 814 1711 carcere
829 1669 1016 1731 progressos,
1034 1647 1214 1730 semetipsos
1230 1648 1321 1730 ignea

64 1764 69 1769 ·
121 1799 125 1806 Ι
156 1744 238 1791 rare':
270 1730 486 1812 rempublicam
504 1745 635 1811 autem,
654 1752 729 1813 quae
748 1733 813 1793 aliis
833 1734 957 1794 Graecis
977 1734 1123 1794 hactenus
1141 1731 1272 1814 praefuit
1289 1745 1322 1793 et

155 1815 358 1899 principatum
377 1816 531 1888 obtinuit,
560 1822 642 1878 nunt
660 1818 692 1877 in
711 1819 894 1879 obscuritate
913 1820 1046 1879 emni'et
1057 1818 1235 1879 ¹humilitate
1251 1838 1320 1877 ver-

119 1944 122 1961 .
142 1900 237 1960 sari?
263 1900 329 1960 Etsi
346 1913 446 1962 autem
464 1902 562 1961 haheo
581 1915 750 1982 praeterea,
775 1925 854 1984 quae
870 1904 967 1963 dicam
985 1905 1079 1965 multa
1092 1902 1130 1964 'et
1146 1904 1184 1962 de
1203 1901 1331 1964 multisa

41 2029 44 2035 -
96 2062 99 2066 .
157 1984 300 2046 desinam.
325 2004 425 2067 neque
444 1987 525 2046 enim
543 1987 669 2067 penuria
687 1989 849 2064 verborum
867 1988 915 2048 vel
933 2011 1015 2052 nune
1032 1989 1080 2050 vel
1092 2009 1232 2068 unquam
1251 1987 1324 2048 alias

156 2069 253 2128 malus
281 2068 363 2128 mihi,
383 2090 485 2130 rerum
513 2091 579 2132 esse
607 2085 702 2133 status
728 2073 862 2133 videtur,-
893 2075 962 2146 sed,
991 2097 1060 2134 cum
1084 2095 1146 2134 vos,
1166 2073 1324 2133 audivistis

55 2217 59 2221 ,
158 2154 260 2214 omnia
280 2166 359 2233 quae
374 2155 555 2234 expediunt,
573 2170 604 2217 et
620 2156 653 2216 in
672 2176 708 2216 eo
728 2158 918 2232 consentitis,
936 2164 972 2219 ea
987 2158 1070 2220 reete
1089 2158 1161 2232 dici,
1180 2178 1252 2232 eos,
1271 2157 1325 2238 qui
1345 2214 1349 2225 Ι

158 2237 429 2301 interturbareilla
455 2253 486 2300 et
508 2255 679 2321 pervertere
704 2245 843 2318 student,
870 2262 906 2303 ex
929 2266 1027 2326 aequo
1049 2243 1159 2303 inhoc
1178 2244 1325 2323 consessu

158 2322 288 2396 auditis,
306 2343 374 2383 eum
392 2344 456 2409 non
473 2325 621 2407 ignoretis
640 2347 701 2386 eos.
727 2328 753 2385 E
771 2329 869 2409 primo
888 2330 968 2389 enim
987 2341 1112 2409 aspectu
1127 2341 1211 2389 certo
1230 2327 1326 2402 scitis,

160 2407 213 2486 qui
230 2407 369 2466 mercede
386 2408 603 2484 concionatur,
626 2424 658 2470 et
677 2411 744 2490 quis
762 2413 794 2473 in
811 2414 966 2494 republica
979 2404 1127 2494 Philippo
1146 2413 1326 2486 subserviat,

56 2544 84 2576 Α
155 2502 191 2555 ,et
208 2491 275 2570 quie
292 2511 397 2552 revera
414 2493 589 2553 consultum
605 2495 697 2555 rebus
716 2517 781 2556 esse
800 2497 916 2580 cupiat,
942 2512 973 2559 et
990 2499 1057 2578 quis
1074 2498 1107 2557 id
1120 2512 1206 2580 agat,
1223 2511 1259 2558 ut
1276 2497 1338 2567 his,

143 2574 368 2657 reprehensis,
399 2595 432 2635 re
450 2576 483 2636 in
500 2578 594 2637 risum
613 2581 832 2659 etlconvicium
851 2598 954 2658 versa,
984 2585 1065 2643 nihil
1079 2583 1154 2664 ipsi,
1185 2583 1268 2665 quod
1287 2583 1333 2642 ad'

102 2670 142 2725 97
160 2680 225 2719 rem
242 2659 348 2734 saciat,
362 2660 489 2721 faciatis.
531 2663 614 2722 Haec
631 2685 700 2724 vera
718 2680 806 2739 sunt,
823 2689 930 2750 magna
949 2691 1017 2729 eum
1031 2668 1189 2742 libertate,
1207 2667 1333 2747 simpli-.

160 2745 251 2817 citer,
271 2764 307 2805 ex
323 2744 553 2820 benevolentia,
571 2748 745 2815 rectissime,
757 2751 849 2812 dicta:
868 2775 933 2813 non
949 2753 1162 2815 assentationis
1181 2766 1212 2813 et
1229 2752 1328 2812 detri-

160 2829 256 2889 menti
280 2829 517 2911 et'imposturae
539 2832 628 2912 plena
646 2835 761 2908 oratio,
788 2828 947 2919 argentum
965 2834 1089 2899 allatura
1108 2837 1237 2909 dicenti,
1264 2836 1328 2896 rei-

160 2913 299 2994 publicae
323 2914 446 2998 negotia
469 2915 608 2981 hostibus
631 2919 785 2979 traditura.
827 2921 891 2981 Aut
909 2922 1003 3007 igitur
1025 2912 1349 2984 atalibusmoribus‘

162 3010 209 3060 0⁸1
232 2998 453 3059 recidendum
487 3012 539 3064 aut
557 3002 730 3081 depravatio
756 3017 791 3065 et.
810 3005 908 3080 clades
932 3027 1035 3070 rerum
1053 3006 1190 3071 omnium
1212 3005 1328 3069 adscri-

161 3081 262 3150 beuta
278 3082 408 3159 nemini,
426 3105 516 3164 quam
533 3085 722 3179 vobisipsis.
1041 3117 1044 3120 ·
1068 3123 1071 3127 -
1229 3104 1231 3107 ’

108 3508 112 3512 ¹
157 3348 574 3496 ,numosrnmvrs
601 3390 966 3570 aOuRprpppmrt
992 3386 1354 3477 ammonam

9 3702 150 3746 ,μιν

357 3737 1117 3858 'urna-N11aaouunrvrum.
1202 3818 1207 3825 ·

59 3960 61 3970 ‚
96 3988 102 3995 ἡ
164 3873 300 3983 Miserat
316 3904 472 3988 Philippus
490 3911 528 3969 ad
541 3904 1015 3995 Athenienses,epistolam,,qua
1033 3934 1085 3976 eos
1104 3921 1281 3995 accusabat,
1301 3934 1331 3981 et

165 3988 262 4068 palam
277 3986 617 4057 bellumdonunciabat
642 3996 714 4063 Non
730 3996 858 4079 amplius
876 3999 969 4081 igitur
986 4013 1093 4061 orator
1106 4005 1216 4064 suadet
1230 4004 1330 4066 Athe·
1349 4014 1352 4020 “

108 4103 111 4106 ·
165 4069 333 4147 nieusibns,
349 4088 385 4138 ut
399 4074 512 4137 bellum
525 4094 632 4160 gerant
645 4079 789 4164 (cogebat
803 4082 884 4143 enim
898 4085 962 4164 ipsa
973 4078 1168 4168 necessitas):
1184 4089 1239 4148 sed
1250 4112 1331 4151 con-

164 4154 264 4218 lirmat
286 4177 391 4220 eorum
416 4159 534 4222 animos
557 4165 594 4225 ad
616 4165 785 4245 periculum
808 4167 999 4244 adeundum,
1024 4170 1224 4246 Macedonem
1242 4175 1331 4237 lacile

55 4249 58 4253 ’
165 4261 253 4322 posse
272 4243 405 4325 superari
422 4264 566 4323 asserens.
601 4249 768 4326 Exordium
787 4253 997 4316 consolatione
1014 4255 1139 4336 plenum
1158 4271 1212 4319 est.
1275 4245 1282 4262 ”

573 4405 917 4424 Ἥκω-...ο-
