2722 4754
138 191 204 281 sos
302 131 307 144 .
427 141 1026 294 usuosrerxursouarro

115 341 266 403 “conium
284 338 412 400 factitat:
438 337 469 397 id
489 338 572 440 quod
590 359 653 398 non
671 314 764 399 modo
792 340 977 440 paupertatis
1003 332 1231 421 argumentum,
1256 342 1308 401 sed

36 424 38 431 ’
111 462 117 472 ·
143 441 175 488 et
193 424 401 512 occupationis
418 430 483 497 est,
510 428 586 503 quiae
605 425 675 484 lites
701 425 808 484 sectari
834 426 1002 525 prohibeat.
1038 425 1101 499 Qui
1119 425 1201 484 enim
1219 424 1309 486 talem

144 523 301 598 quaestum
320 504 405 582 facit,
424 529 502 567 eum
512 529 636 569 necesse
654 523 701 571 est
717 523 799 570 totus
819 512 910 589 dies
901 532 933 570 ιιι
951 511 1021 569 soto
1040 531 1114 569 esse
1150 511 1307 584 Quaeres

61 612 64 619 '
87 625 88 628 ¹
143 608 330 678 reputantes,
350 588 533 676 cogitabitis,
552 616 624 668 nos,
643 595 702 653 nisi
720 595 834 656 iustitia
852 595 924 654 sreti
942 616 1085 667 essemus,
1104 616 1261 675 nunquam
1278 596 1307 656 in

141 692 340 760 conspectum
365 691 498 739 vestrum
516 679 618 743 fuisse
642 664 826 760 prodituros.
870 680 948 753 Sed,
977 701 1054 760 quae
1074 680 1164 739 huius
1191 681 1307 762 generis

141 777 227 838 sunt,
244 785 418 846 progressu
437 765 582 824 orationis
602 764 709 824 clarius
728 765 871 825 audietis:
901 765 965 825 de
956 789 1019 846 rpsa
1038 780 1138 826 autem
1158 778 1307 826 contesta-

140 851 227 912 tione
247 863 277 909 et
295 871 382 910 causa
400 862 482 908 nunc
500 849 622 920 videtur
640 871 705 910 esse
725 848 943 910 disserendum.
979 851 1110 926 Quodsi,
1128 853 1258 924 ludices,
1276 872 1315 912 er.

139 938 204 1018 ipsa
229 935 452 995 contestatione
469 922 638 994 Leochares
662 936 811 1015 petiturus
837 936 1063 1030 defensionem,
1073 949 1181 1016 atque
1208 949 1307 996 osten

141 1042 229 1083 surus
249 1034 343 1092 esset,
369 1041 401 1079 se
420 1040 598 1102 germanum
623 1039 689 1079 esse
708 1021 877 1090 Archiadae
894 1006 1006 1080 filium:
1032 979 1108 1080 nihil
1124 1043 1212 1103 opus
1233 1035 1308 1082 esset

140 1107 244 1168 multis
262 1104 381 1192 verbis,
405 1126 507 1185 neque
533 1105 755 1178 necessarium,
783 1127 839 1166 nos
858 1129 873 1164 a
892 1107 1060 1187 primordio
1080 1107 1152 1165 inde
1171 1119 1307 1166 nostrum

15 1188 35 1274 ι’
110 1266 112 1272 Ι
141 1214 238 1292 genus
257 1211 465 1272 percensere
462 1191 539 1250 Sed
559 1190 628 1269 ιιιιίι
647 1211 679 1249 se
705 1191 888 1252 contestatio
907 1192 995 1251 aliter
1012 1191 1121 1264 hahet,
1149 1204 1242 1271 atque
1260 1191 1334 1250 isti.

72 1308 76 1313 ·
141 1278 298 1339 maximam
318 1276 464 1335 orati'onis
484 1275 648 1356 partemin
667 1297 704 1335 eo
723 1290 919 1351 consument,
937 1300 969 1337 se
988 1278 1148 1357 adoptatos
1163 1297 1252 1349 esse,
1270 1289 1306 1350 et,

38 1383 41 1390 '
141 1387 210 1425 cum
228 1383 364 1470 germani
355 1361 443 1420 lilii
455 1361 553 1432 siut,
550 1361 676 1420 ratione
699 1361 935 1446 propinquitatis
954 1364 1019 1421 inre
1033 1375 1236 1447 percepturos
1253 1361 1307 1421 he-

140 1442 318 1510 reditate‘m:
336 1467 459 1506 necesse
477 1445 567 1505 nobis
587 1458 632 1505 est
640 1442 803 1522 ,ludices,
820 1461 947 1529 propter
964 1448 1016 1506 has
1036 1469 1138 1526 causas
1157 1447 1249 1527 paulo
1267 1447 1307 1505 al-

140 1535 202 1595 tius
221 1534 331 1615 genus.
336 1535 475 1590 nostrum
494 1531 580 1590 vobis
601 1553 767 1611 exponere.
803 1534 871 1593 Hoc
889 1534 970 1593 enim
995 1533 1156 1614 perspicue
1176 1532 1306 1613 cognito,

141 1619 241 1694 verbis
262 1639 367 1676 eorum
386 1637 450 1675 non
469 1616 672 1696 decipiemini
706 1617 782 1676 Nam
801 1619 875 1677 haec
903 1619 1111 1679 controversia
1131 1617 1302 1696 disceptatio

143 1717 189 1765 est
207 1705 245 1762 de
262 1701 437 1761 hereditate
474 1701 509 1759 ln
527 1721 591 1761 eam
609 1723 683 1761 vero
700 1703 817 1784 agimus
838 1726 894 1763 nos
913 1704 1031 1763 ratione
1050 1703 1171 1784 generis
1190 1715 1220 1760 et
1235 1722 1303 1781 pro

141 1788 334 1871 pinqnitatis:
352 1786 404 1847 isti
420 1785 540 1872 ratione
561 1786 782 1868 adoptationis.
809 1785 998 1849 Confitemur
1016 1802 1116 1848 autem
1136 1808 1237 1847 eoram
1254 1806 1306 1846 uo-

93 1894 119 1917 -,
142 1875 199 1948 bis,
216 1887 295 1934 ratas
313 1893 389 1953 esse·
397 1885 543 1952 oportere
560 1873 750 1952 adoptiones,
769 1893 846 1953 quae
864 1875 983 1957 legibus
1000 1875 1066 1933 rite
1074 1875 1170 1933 factae
1189 1871 1306 1930 fuerint

81 1968 90 1981 “’
142 1961 246 2035 Quare
264 1980 336 2032 uos,
344 1957 472 2016 horum
488 1957 756 2018 fundamentorum
774 1979 941 2037 memores,
960 1960 985 2018 si
1004 1952 1327 2030 ostenderintaobis,

69 2114 72 2119 ¹
102 2055 105 2059 ’
135 2036 224 2134 ,leges
244 2065 278 2103 ea
296 2043 491 2124 permittere,
516 2065 593 2122 quae
611 2042 669 2124 ipsi
692 2039 855 2111 contestati
872 2058 961 2119 sunt,
986 2042 1222 2104 decernitote
1195 2063 1238 2102 ers
1248 2041 1306 2100 he-

66 2130 69 2134 ’
140 2126 309 2190 reditate'rn.
344 2127 399 2187 Sin
416 2127 536 2208 legibus
554 2129 585 2188 id
591 2129 727 2211 quidem
752 2130 959 2190 demonstrare
984 2152 1047 2189 non
1065 2141 1231 2210 poterunt,
1257 2127 1306 2186 sed

141 2213 356 2294 aequa-tamen
375 2226 405 2272 et
424 2213 554 2274 humana
579 2204 679 2273 dicere
704 2214 904 2276 videbuntur:
929 2216 1019 2275 etiam
1037 2216 1081 2274 sie
1107 2213 1306 2274 concedimus.
1329 2212 1333 2218 ’

140 2302 183 2359 Ut
201 2313 302 2359 autem
320 2297 436 2370 sciatis,
464 2319 520 2357 nos
539 2319 650 2378 genere
670 2319 735 2361 esse
753 2301 923 2380 proximos,
949 2292 1050 2381 neque
1069 2320 1107 2358 eo
1125 2299 1182 2358 niti
1199 2299 1307 2370 solum,

141 2387 195 2446 sed
214 2398 246 2444 et
271 2384 396 2443 caeteris
422 2383 736 2484 omnibuszprimum
760 2407 814 2446 vos
840 2388 877 2446 de
895 2386 961 2466 ipso
985 2406 1097 2468 genere
1122 2383 1305 2455 docebimus,
1335 2446 1338 2452 .

43 2509 49 2514 ,
141 2471 224 2530 unde
243 2470 395 2528 hereditas
415 2479 467 2527 est.
502 2469 651 2529 Existimo
670 2471 768 2545 enim,
794 2493 819 2530 ιι
811 2471 914 2530 'hanc
932 2492 1038 2531 causae
1056 2483 1173 2551 partem
1190 2469 1305 2547 liquido

48 2559 54 2565 ’
142 2554 365 2638 cognoveritis,
387 2554 470 2626 sore,
498 2566 533 2612 ut
559 2575 615 2614 nec
648 2569 848 2616 caeterorum
853 2559 1022 2636 quiequam
1047 2577 1101 2615 vos
1134 2564 1306 2636 praetereat

140 2640 315 2721 Principio,
341 2638 477 2713 ludices,
496 2639 558 2699 nati
576 2640 876 2725 suntEuthymacho
896 2640 1076 2726 Otrynensr
1081 2641 1137 2700 liln
1153 2653 1233 2709 tres
1251 2637 1307 2697 ati.

128 2726 280 2810 -dylides,
298 2725 488 2804 Archippus,
506 2724 691 2798 Archiades,
718 2739 749 2785 et
767 2727 846 2800 filia,
864 2727 912 2787 cui
931 2747 1049 2787 nomen
1061 2726 1121 2786 suit
1139 2722 1306 2783 Archidice.
1346 2742 1349 2749 ’

119 2812 198 2884 ,Hi‚
223 2824 307 2905 patre
326 2811 489 2880 defuncto,
515 2809 700 2873 Archidicen
718 2769 875 2871 Leostraito
894 2808 1051 2872 Eleusinio
1071 2811 1233 2871 collocant.
1267 2809 1306 2866 Er

115 2897 218 2978 ipsis
232 2917 304 2956 vero
330 2895 428 2955 trihus
445 2883 648 2982 Archippus,
660 2897 777 2956 triremi
802 2898 988 2976 praefectus,
1013 2897 1212 2979 Methymnae
1231 2893 1305 2952 diem

58 2994 118 3050 183
141 2982 226 3043 obiit.
261 2965 423 3065 ΜὶἆιΙίιΙιι
442 3000 505 3039 non
523 2982 621 3053 multo
639 2995 709 3062 post
725 2995 863 3084 tempore
882 2983 967 3042 ducit
984 2980 1246 3052 Mnesimacham,
1249 2979 1304 3061 Ly-

17 3144 20 3149 .
79 3143 82 3148 .
110 3128 113 3133 ,
140 3091 219 3148 srppr
210 3064 386 3126 Crroensrs
400 3065 509 3125 liliam
528 3087 617 3145 esque
632 3067 692 3126 lilia
705 3069 849 3141 nascitur,
865 3089 988 3127 nomme
1003 3063 1201 3138 Clitomacha,
1220 3084 1306 3144 quam

140 3154 193 3213 ille
211 3153 308 3212 voluit
325 3152 410 3211 fratri
428 3171 495 3223 suo,
506 3173 569 3231 qur
559 3148 707 3212 coelebs
727 3166 799 3226 erat,
818 3155 896 3212 dare.
914 3150 999 3211 Cum
1011 3166 1112 3213 autem
1131 3149 1321 3219 Archiades,'

62 3232 64 3236 ’
141 3237 199 3298 silai
216 3258 281 3297 aron
296 3257 360 3296 esse
373 3236 405 3296 in
418 3235 520 3295 animo
538 3258 664 3296 uxorem
683 3239 804 3310 ducere,
823 3239 946 3310 diceret,
964 3238 1028 3311 sed,
1046 3250 1077 3298 et
1092 3234 1306 3332 patrimonium

55 3342 83 3402 χ
140 3328 315 3405 propterea
327 3299 490 3381 indivisum
516 3340 581 3382 esse
606 3342 729 3412 passus,
752 3325 880 3389 seorsim
899 3282 1049 3383 Salamirie
1074 3322 1239 3381 habitaret.
1263 3317 1305 3377 sic

63 3408 67 3477 ζ
130 3410 261 3470 'tandem
279 3407 464 3491 Midylides
459 3428 544 3466 suam
562 3402 665 3467 filiam
672 3408 831 3468 Aristoteli
849 3402 1021 3468 Pallenensi
1039 3405 1224 3488 despondet,
1251 3410 1305 3462 avo
1337 3426 1342 3437 ·

141 3515 222 3567 meo,
240 3515 257 3553 e
277 3514 337 3572 quo
357 3505 523 3552 nascuntur
540 3492 596 3566 filii
614 3505 691 3566 tres,
711 3481 950 3565 Aristodemus,
958 3506 1045 3573 pater
1062 3493 1113 3552 hic
1131 3510 1228 3561 meus,
1247 3489 1307 3546 Ha-

34 3583 37 3593 '
81 3622 90 3632 -
141 3580 327 3661 bronychus,
344 3591 480 3659 patruus,
498 3589 528 3636 et
545 3578 726 3676 Mrdylrdes
746 3578 798 3658 qui
817 3600 898 3638 nnnc
917 3578 1001 3638 o‘biit.
1035 3578 1082 3638 Ac
1097 3597 1222 3660 generas
1241 3573 1305 3654 qui-
1344 3582 1350 3588 ’

142 3667 212 3725 dem
229 3664 327 3724 nostri
345 3661 573 3742 propinquitas,
597 3661 629 3721 iu
648 3684 710 3743 quo
730 3676 776 3722 est
793 3662 1012 3736 hereditas,
988 3685 1030 3723 src
1049 3665 1112 3723 lere
1132 3663 1241 3734 habet,
1259 3662 1306 3718 lu·
1339 3727 1341 3731 ¹

142 3751 231 3811 dices.
265 3749 434 3808 Archiadae
453 3747 533 3806 enim
552 3768 609 3806 nos
628 3769 644 3805 a
662 3747 733 3806 viris
758 3770 861 3808 sumus
880 3769 992 3829 genere
1010 3748 1155 3829 proximi.
1182 3761 1213 3806 et
1231 3756 1306 3833 qu'o-

92 3847 101 3858 *
141 3837 222 3896 niam
240 3835 305 3894 eius
324 3816 523 3893 hereditatem
541 3832 596 3891 hac
614 3832 682 3914 lege
707 3821 914 3912 postulamus,
928 3854 1050 3913 neque
1056 3839 1154 3916 genus
1175 3832 1239 3891 eius
1256 3847 1306 3889 ex

77 3939 80 3948 '
142 3919 257 4003 stingui
275 3920 416 4000 patimur,
433 3919 512 4000 apud
530 3930 701 3998 praetorem
719 3919 750 3977 in
766 3919 964 3979 hereditatem
984 3919 1107 4001 egimus.
1126 3918 1181 3977 lsti
1199 3929 1307 3987 autem,

143 4028 196 4087 qur
187 4005 295 4065 bona
312 4026 368 4086 per
381 4004 521 4065 iniuriam
540 4003 688 4076 detinent,
707 4025 788 4064 nune
806 4002 967 4083 contestati
984 4014 1066 4076 sunt,
1083 4005 1115 4063 in
1133 4003 1307 4063 universum

92 4103 96 4111 '
143 4091 267 4171 quidem
285 4090 450 4171 adoptione
465 4089 612 4160 nitentes,
631 4089 687 4147 sed
703 4101 733 4148 et
751 4103 896 4171 cognatos
916 4110 981 4148 esse
1000 4110 1032 4149 se
1051 4089 1233 4149 dictitantes.
1251 4086 1308 4144 Sed
1336 4102 1344 4114 ‘

144 4177 183 4235 de
203 4191 240 4238 ea
257 4175 439 4258 adoptione,
466 4195 528 4254 quo
545 4172 634 4254 pa'cto
652 4195 684 4232 se
690 4171 828 4267 habeat,
849 4175 1007 4255 perspicue
1025 4197 1078 4235 ros
1095 4187 1204 4255 postea
1221 4174 1310 4233 doc'e-

40 4280 45 4294 ··
107 4259 261 4321 'statinus
281 4263 318 4321 de
336 4280 449 4342 genere
468 4271 579 4330 atatem,
598 4276 660 4317 non
680 4260 750 4335 esse
765 4280 817 4319 eos
835 4257 1070 4340 propinquiores
1088 4259 1192 4332 nohis,
1209 4251 1259 4318 id
1256 4277 1308 4316 vo·
1323 4332 1328 4345 Ι

52 4398 53 4403 ,
143 4345 193 4408 his
208 4347 458 4429 cognoscendum
476 4355 530 4406 est.
564 4341 693 4403 Unum'
684 4343 780 4426 agitur
796 4343 830 4403 ἰιι
846 4345 987 4405 confesso
1005 4358 1062 4422 est,
1084 4346 1173 4443 inter
1182 4344 1309 4406 heredes
