2722 4754
140 205 217 281 tae
242 184 280 287 ⁵.
328 267 344 304 ἵ
377 150 1020 305 *'na²u0'jsrura1s,0arr10
1102 215 1110 224 ·

139 365 230 426 aena
245 354 354 434 offla,
373 353 728 437 castata-teanum
740 358 781 434 r,
798 337 1137 443 naupraedam
1156 344 1318 437 Quonam

138 447 379 527 Demosthenes,
405 440 622 527 Demosthenis
641 444 690 517 lt,
717 443 928 526 Paeaniensis,
953 441 1047 506 muris
1065 446 1241 508 reficiendis
1261 469 1340 508 cu·-

135 547 223 606 rator
240 534 355 603 factus,
383 528 442 588 tria
459 522 573 589 talenta
592 530 633 598 de,
648 551 704 590 suo
723 529 756 588 in
775 551 852 611 opus
872 531 1029 611 insumpta
1042 534 1157 614 populo
1178 534 1318 607 donavit,
1352 603 1353 608 ἵ

139 614 199 693 et-,'
212 616 352 678 theatrali
370 614 516 696 pecuniae
535 616 723 695 praefectus,
743 615 868 697 largitus
889 610 990 676 estex
1008 619 1156 679 omnihus
1168 608 1318 694 tribubus
1337 688 1343 694 ,

75 700 89 722 ⁸
131 707 185 786 iis,
205 704 258 803 qui
276 700 416 762 theatrali
434 701 563 782 pecunia
580 701 734 774 fruuntur,
753 715 876 761 centum
894 701 988 762 minas
1009 705 1047 763 ad
1064 705 1228 766 sacrificia:
1248 706 1333 788 p·la-·-

18 838 51 867 ,1
139 809 211 853 cere
226 788 255 848 S.
272 789 304 847 P.
323 789 360 862 Q.
378 786 414 872 A
432 787 554 846 laudare
571 786 831 860 Demosthenem,
848 788 1065 849 Demosthenis
1083 791 1198 866 filium,
1218 791 1317 855 Paea-

23 901 26 905 ’
59 944 68 961 0
108 935 113 963 ἰ
138 878 290 972 iriensem,
304 869 515 954 virtutisergo
535 883 566 931 et
581 871 736 945 bonitatis,
756 894 815 952 qua
834 887 1009 957 constanter
1023 874 1122 936 utitur
1131 878 1219 937 omni
1234 872 1320 937 temss

138 985 213 1046 pore
239 962 274 1039 in,
289 960 437 1043 populum
455 957 691 1030 Atheniensem,
718 971 749 1017 et
768 980 876 1020 ornare
894 976 1007 1021 corona
1025 983 1115 1023 aurea
1137 976 1168 1024 et
1191 963 1316 1045 procla·

66 1072 70 1085 “
138 1071 221 1131 mare
247 1067 390 1109 coronam
409 1042 445 1103 in'
465 1042 585 1103 theatro
603 1043 858 1129 Bacchanalibus,
882 1047 1038 1128 tragoedis
1055 1048 1159 1109 novis:
1184 1040 1315 1132 praeeoss

87 1128 224 1197 (nium
240 1143 341 1203 autem
360 1149 451 1190 curae
469 1128 509 1188 sit
525 1128 747 1213 agonothetae.
793 1197 800 1206 .
1074 1161 1076 1167 ·
1268 1196 1309 1216 Ἣ

143 1254 146 1261 ·
224 1221 311 1296 Quae
325 1217 430 1300 ‘igitur
453 1214 579 1296 largitus
598 1237 681 1290 sum,
706 1216 780 1276 baec
797 1229 886 1291 sunt,
913 1239 1044 1298 quorum
1067 1232 1102 1279 tu
1118 1221 1197 1280 nihil
1225 1242 1315 1281 accu-
1340 1206 1347 1222 ³

40 1296 51 1367 f
139 1307 219 1370 sesti.
262 1305 349 1379 Quae
367 1307 440 1362 vero
459 1314 580 1373 senatus
600 1322 655 1382 pro
680 1301 726 1362 his
751 1302 827 1362 mihi
848 1303 1011 1365 tribuenda
1030 1320 1164 1382 censett·
1177 1328 1213 1366 ea
1231 1319 1315 1382 sunt,

43 1458 45 1464 ,
79 1400 99 1439 κ’
140 1387 217 1477 quae
233 1398 365 1452 accusas.
392 1388 478 1462 Quae
497 1387 592 1468 igitur
609 1389 676 1446 data
702 1389 837 1469 accipere
854 1389 1034 1472 legitimum
1061 1392 1322 1469 esse'conliteris,

52 1545 54 1551 ,
86 1514 107 1540 ,ι
138 1496 195 1565 pro
214 1479 250 1537 iis
263 1475 393 1537 'relatam
412 1471 538 1556 gratiam
555 1472 735 1533 violatarum
754 1475 856 1558 legum
875 1462 1075 1537 accusasi'At
1092 1478 1186 1538 homo
1206 1477 1310 1559 proili-

140 1564 312 1651 gatissimus
338 1574 369 1620 et
393 1559 457 1619 diis*
476 1558 591 1618 invisus
617 1570 648 1618 et
664 1581 769 1629 revera
793 1561 921 1643 lividus,
948 1561 1043 1642 qualis
1056 1563 1128 1623 'erit
1144 1584 1201 1645 per
1219 1556 1311 1625 deos?

77 1655 79 1661 ’
138 1645 250 1712 Nonne
268 1647 358 1709 talis?
394 1648 456 1704 lam
475 1644 559 1725 quod
577 1645 614 1703 ad
631 1647 829 1726 praeconium
847 1646 879 1706 in
896 1647 1016 1708 theatro
1035 1649 1160 1724 attinet,
1186 1663 1313 1709 sexcen-'

23 1789 25 1799 .
58 1775 63 1789 ·
135 1737 196 1811 ,ties
216 1734 374 1796 'sexcentos
394 1744 460 1792 esse
478 1730 680 1811 proclamatus
697 1745 872 1812 praetereo:
892 1745 923 1792 et
941 1755 989 1794 me
1005 1742 1094 1815 saepe
1109 1735 1211 1815 ipsum
1224 1735 1316 1817 prius·

18 1840 24 1856 ¹
51 1860 53 1865 ·
133 1844 206 1895 ¹esse
225 1842 340 1882 corona
358 1819 512 1879 donatum.
555 1816 627 1890 Sed,
644 1819 744 1877 Deum
763 1819 984 1893 immortalem,
1002 1820 1084 1880 itane
1102 1841 1210 1881 vecors
1232 1834 1312 1884 eset

42 1912 63 1975 ζ
137 1907 296 1990 stupidus,
315 1904 480 1985 Aeschine,
496 1909 531 1963 ut
548 1902 725 1986 intelligere
740 1912 885 1985 nequeas,
903 1905 949 1980 ei,
968 1906 1021 1986 qui
1039 1918 1222 1983 coronatur,
1241 1928 1310 1967 ean-

62 2015 63 2018 *
112 1995 210 2062 ,fldem
237 1993 414 2074 contingere
440 1989 839 2071 felicitatem,⁴·'uhicunquc
865 2012 978 2075 corona
1003 1994 1231 2074 proclametura
1258 1994 1323 2054 sed·

129 2093 265 2165 propter
282 2096 427 2139 coronam
444 2075 623 2136 donantium
640 2076 807 2139 utilitatem
822 2075 854 2135 in
871 2077 991 2137 theatro
1010 2079 1078 2138 fieri
1094 2078 1310 2160 praeconium?

23 2227 43 2240 ‚.
59 2176 80 2200 ³
130 2169 216 2245 ‘Nam
235 2176 391 2247 quotquot
406 2161 566 2236 audivere,
597 2158 631 2220 hi
649 2163 686 2222 ad
705 2161 784 2222 hene
798 2163 841 2245 5³⁰
857 2162 1014 2244 republica
1031 2165 1213 2224 merendum
1231 2164 1310 2224 exei-

108 2256 111 2272 '
137 2266 258 2326 tantur,
285 2263 317 2310 et
340 2270 410 2323 eos,
436 2247 491 2328 qui
507 2248 634 2331 gratiam
651 2247 807 2323 referunt,
830 2249 926 2331 magis
951 2249 1091 2323 laudant,
1116 2271 1209 2330 quam
1232 2242 1311 2326 eum,

56 2349 113 2406 171
141 2334 195 2420 qui
214 2348 391 2399 coronatur:
410 2334 525 2415 quade
545 2330 632 2407 causa
650 2334 750 2417 legem
767 2356 833 2395 eam
850 2334 1022 2416 respublica
1040 2335 1119 2420 tulit.
1137 2337 1198 2397 Sed
1216 2335 1312 2420 ipsam

42 2432 63 2490 ’,
138 2430 211 2507 cape
230 2425 330 2506 legem
350 2433 381 2481 et
397 2419 499 2479 recita.
527 2427 531 2432 ’
1216 2411 1253 2444 ⁸¹

561 2536 567 2562 ‘
672 2554 780 2617 iux.

62 2666 68 2699 ³
145 2699 150 2737 3
225 2675 496 2758 Quosmunicipia
514 2663 662 2757 quaedani
681 2689 844 2751 coronant,
864 2697 966 2738 earum
984 2698 1166 2738 coronarum
1183 2673 1310 2760 praeco-

47 2843 50 2851 Ι
139 2769 189 2828 nia
206 2766 282 2827 liant
299 2765 331 2824 in
343 2763 422 2847 ipsis
441 2761 630 2843 municipiis,
658 2761 762 2822 nisisi
781 2783 864 2842 quos·
877 2763 1093 2844 ipse‘populus
1113 2763 1311 2840 Atheniensis

139 2866 192 2915 aut
209 2865 331 2912 senatus
350 2863 496 2909 coronat:
522 2869 576 2908 cos
593 2868 667 2910 vero
686 2847 776 2908 liceat
793 2849 826 2909 in
843 2848 964 2910 theatro
974 2848 1220 2919 ¹Baccbanalib¹us
1237 2850 1311 2932 pro'-

100 3005 103 3010 ,
137 2937 298 3001 clamari..
356 2958 361 2963 ·
731 2976 733 2983 ι

179 3049 182 3055 ·
220 3021 331 3096 Audis,
348 3018 513 3094 Aeschine,
530 3019 636 3102 legem
648 3019 807 3101 perspicue
826 3020 942 3081 dicere:
959 3014 1174 3103 Praeterquam
1188 3023 1216 3082 'si
1234 3024 1314 3105 quos

82 3109 105 3171 'J
121 3108 269 3192 'populus
289 3120 341 3167 aut
358 3120 481 3168 senatus
500 3110 613 3188 corona
633 3107 803 3181 ornaverita
818 3106 851 3166 bi
870 3127 941 3168 vero
960 3109 1195 3187 proclamentur.
1229 3108 1316 3184 Quid

137 3196 243 3278 igitur,
261 3187 280 3254 o
295 3199 401 3275 miser,
418 3191 631 3252 calumniaris?
649 3193 722 3272 quid
740 3192 856 3253 fabulas
876 3193 1136 3255 comminisceris?
1155 3217 1210 3255 cur
1227 3215 1323 3257 vera.

103 3278 111 3346 J
137 3271 186 3342 tro
204 3293 237 3340 te
255 3299 319 3351 non
336 3301 447 3363 purgas
463 3277 506 3339 'oh
530 3279 592 3337 ista
606 3277 733 3351 deliria?
758 3299 859 3360 neque
887 3279 1040 3355 erubescis
1065 3281 1197 3341 invidiae
1215 3279 1315 3350 actio·
1345 3332 1353 3339 .

137 3387 209 3435 nem
227 3367 398 3440 instituere,
417 3386 480 3425 non
500 3363 633 3424 criminis
652 3363 791 3439 alicuius,
810 3378 841 3424 et
857 3365 940 3448 leges
960 3356 1031 3425 alias
1050 3367 1221 3443 immutare,
1239 3365 1315 3425 alias
1341 3432 1353 3441 ,

56 3484 57 3489 .
115 3452 289 3539 mutilare,
308 3449 380 3532 q'iaas
399 3452 531 3534 integras
549 3449 611 3595 leq}
629 3451 791 3531 oportebat
808 3450 915 3530 utique
934 3450 995 3524 bis,
1015 3452 1118 3532 quise
1138 3474 1174 3527 ex
1191 3451 1328 3534 legibus⁴

136 3539 391 3620 pronuntiaturos
410 3536 567 3611 iurarunt?
600 3537 624 3596 't
643 3557 711 3596 cum
731 3538 816 3597 itate
828 3557 925 3620 geras,
942 3557 1093 3613 recenses,
1114 3558 1191 3619 quae
1210 3538 1315 3596 inesse

134 3627 279 3708 ‘oporteat
292 3624 412 3684 bomini
423 3618 740 3705 popularia‘tanquam
753 3636 882 3683 statuam
897 3623 1024 3700 elocaris
1039 3644 1075 3684 ex
1089 3623 1212 3698 tabulis,
1232 3640 1315 3683 eam-

138 3731 198 3792 que
216 3724 323 3792 postea
347 3710 498 3791 receperis
510 3728 581 3768 ‘non
599 3709 640 3768 ita
665 3710 845 3790 perfectam,
871 3723 906 3769 ut
922 3709 1055 3769 tabulat‘
1068 3710 1234 3769 iubebant:
1263 3720 1316 3768 aut

52 3820 54 3827 ’
135 3792 279 3878 tanquam
300 3796 453 3869 ererbis,
464 3856 467 3863 ,
478 3816 542 3854 non
561 3815 577 3854 e
595 3794 681 3854 factis
699 3808 752 3855 aut
768 3795 860 3867 rebus
879 3796 972 3879 gestis
991 3796 1131 3857 homines
1148 3795 1316 3877 populares
1342 3832 1351 3841 ·

44 3921 49 3944 t
69 3892 93 3956 ᾗ
123 3877 353 3957 ¹¹''a-estimantur,
372 3896 403 3955 et
420 3880 611 3955 vociferaris,
628 3880 779 3963 laudaque
796 3894 829 3941 et
847 3882 976 3942 nefanda
993 3883 1150 3956 nominas,
1168 3881 1316 3961 tanquam

83 3993 86 3997 ·
137 3971 176 4031 de
194 3970 349 4050 plaustro,
377 3984 453 4049 quae
471 3968 528 4027 tihi
545 3980 663 4047 tuoque
682 3967 788 4050 generi
806 3968 930 4040 insunt,
957 3989 1021 4027 non
1039 3967 1122 4028 mibi.
1165 3965 1266 4046 Atqui
1286 3977 1316 4025 et
1347 4008 1353 4021 .

137 4056 198 4116 hoc
217 4076 293 4138 ego,
310 4054 534 4127 Athenienses,
560 4052 732 4129 convicium
751 4053 787 4112 ab
806 4053 998 4114 accusatione
1018 4055 1141 4114 differre
1161 4052 1315 4124 existimo,
1331 4071 1344 4082 ·’

35 4150 63 4175 ‘''
139 4143 224 4224 quod
242 4142 393 4202 accusatio
412 4140 538 4201 crimina
556 4138 779 4221 complectitur,
798 4159 928 4221 quorum
943 4141 1089 4221 supPIieia
1105 4139 1228 4222 legibus
1241 4159 1315 4198 con-

74 4224 78 4231 ’
138 4228 244 4294 stituta
255 4240 341 4287 sunt:
355 4227 525 4288 convicium
538 4240 639 4285 autem
651 4225 819 4297 maledicta,
831 4245 919 4304 quae,
933 4247 988 4307 pro
1002 4249 1055 4286 sua
1067 4226 1182 4306 quique
1194 4238 1312 4296 natura,
1335 4226 1339 4235 ’

25 4378 38 4391 ,
139 4314 261 4373 inimici
276 4314 327 4374 alii
345 4315 376 4373 in
395 4314 470 4373 alios
490 4313 589 4372 dicere
609 4312 717 4370 solent.
752 4309 919 4372 Aedificata
937 4325 1040 4371 autem
1058 4324 1134 4391 puto
1154 4332 1170 4369 a
1189 4309 1315 4370 maiori-

18 4409 27 4424 ‘
53 4420 73 4453 *s
139 4401 197 4462 bus
215 4397 471 4482 baeepraetoria,
487 4415 550 4460 non
567 4397 719 4474 ut,⁴t·obis
732 4416 754 4455 ·e
771 4396 894 4478 privatis
912 4396 1038 4459 aedibus
1055 4396 1088 4456 in
1107 4417 1142 4477 ea
1162 4417 1314 4458 convoca-

902 4686 908 4711 t
983 4696 989 4707 ι
