2722 4754
349 300 356 306 ‚
417 224 465 284 nv
498 223 770 287 ιιιιιιιιιιιι
804 226 890 318 ιι..
1131 258 1134 277 ·
1168 235 1209 290 ss

17 416 19 445 ;
74 377 184 447 auribus
207 375 295 436 bono
322 387 369 436 est
385 388 425 437 ιιι
441 375 886 449 ιιιιιιιιιιι,“ιιιιιι·ιιιίιιιιιιιιι
910 374 1208 445 ιιιιιιιιιιιιιιιιιιιι
1251 379 1269 426 .‘
1309 386 1310 391 ’

73 477 151 531 eontra
163 472 318 544 tyrannos.
337 461 525 537 Quodnam
515 460 610 542 rgitur
622 460 698 520 illud
715 461 780 521 est?
797 461 984 522 Dillideutia.
1002 464 1088 526 Hanc
1103 479 1205 527 custo·
1224 475 1267 536 47
1302 528 1304 532 ,

74 555 132 623 tite,
146 547 219 605 hanc
236 544 469 626 amplectimini:
491 544 611 605 hanc
587 567 612 604 ιι
631 545 869 618 conservabitis,
880 559 961 607 extra
977 569 1068 621 pmnc
1085 553 1206 632 pericu·
1286 569 1289 573 ’

75 641 120 701 lun
132 630 214 692 eritis.
247 631 347 704 Quid
351 649 424 689 vero
443 628 603 708 quaeritis,
621 629 762 709 inquam?
780 631 968 691 libertatem?
986 634 1036 693 An
1053 656 1125 696 vero
1144 657 1208 696 non

77 717 169 788 ridetis,
186 713 365 795 Philippum
382 713 576 774 alienissimus
594 713 666 774 huic
684 714 730 775 vel
748 703 964 795 appellationes
983 717 1115 780 hahere?
1143 723 1208 780 Rex
1265 750 1276 777 ι

80 806 135 868 enin
153 811 181 859 et
204 811 365 899 tprannus
372 798 469 886 οιιιιιῐι
489 811 534 858 est
551 798 725 858 libertatis'
716 800 855 859 mimicus
875 813 906 860 et
930 800 1048 901 legibus
1073 804 1208 866 infestus.

80 894 125 950 Nor
137 882 338 965 prospicietis,
356 877 494 962 inquam,
512 903 568 956 ne,
586 884 657 943 dum
674 883 746 943 belli
763 885 855 954 finem
874 886 1033 965 quaeritis,
1050 888 1209 949 dominum

17 1022 19 1029 .
76 967 224 1034 inveniatis?
242 968 299 1027 His
316 967 362 1026 illi
380 966 505 1039 auditis,
524 980 555 1026 et
573 968 787 1048 applaudentes
805 983 842 1029 ut
858 982 941 1030 recte
959 969 1063 1044 dictis,
1081 983 1123 1030 et·
1119 974 1209 1035 mul.-

72 1057 100 1119 ιιι
113 1054 192 1114 etiarn
208 1051 275 1111 aliis
295 1051 484 1112 orationibus
502 1072 518 1110 a
536 1052 653 1133 legatis,
673 1065 713 1112 et
720 1067 879 1133 praesente
897 1075 955 1128 me,
974 1066 1005 1114 et
1022 1055 1124 1115 denuo
1139 1069 1211 1156 ιιοιι
1250 1110 1261 1125 ,

72 1139 187 1210 habitis,
198 1148 233 1196 ut
251 1135 398 1196 credibile
418 1147 478 1208 est,
504 1134 601 1195 nihilo
625 1138 719 1218 magis
736 1139 905 1198 avellentur
921 1160 938 1198 a
955 1139 1088 1219 Philippi
1105 1140 1209 1200 amici-

70 1227 103 1287 tia
115 1223 205 1282 eiusve
222 1219 502 1300 pollicitationibus.
520 1220 627 1299 Neque
647 1220 705 1281 hoc
725 1235 771 1281 est
787 1223 1003 1322 absurdum,
979 1246 1005 1282 st
1018 1224 1162 1284 Messenii
1179 1237 1210 1286 et
1235 1291 1238 1295 ,
1288 1286 1297 1295 ,

68 1302 295 1388 Peloponnenses
314 1305 439 1384 quidam
454 1317 558 1364 contra
582 1325 633 1376 ea,
665 1327 741 1384 quae
759 1308 860 1367 animo
876 1328 944 1368 esse
962 1309 1075 1408 optima
1090 1309 1210 1390 perspi·

71 1395 156 1464 ciunt,
171 1389 282 1468 aliquid
300 1402 405 1470 agent:
435 1390 487 1448 sed
505 1410 558 1448 vos
577 1389 652 1469 ipsi,
671 1391 724 1469 qui
742 1404 773 1450 et
789 1392 985 1476 intelligitis
976 1394 1099 1473 rpsi„et
1117 1415 1133 1454 e
1152 1413 1209 1454 no-

68 1478 127 1539 stris
140 1472 332 1534 concionibus
344 1473 469 1546 auditis,
486 1474 573 1533 vobis
587 1474 710 1534 insidias
726 1476 802 1549 fieri,
819 1497 873 1537 vos
889 1478 1114 1559 circumvallari,
1132 1498 1211 1558 quae

68 1564 116 1622 ιιιιι
128 1571 217 1619 restra
234 1557 373 1618 socordia
393 1570 455 1632 est,
468 1558 613 1618 omnibus
630 1559 694 1631 his,
711 1573 746 1619 ut
764 1561 839 1620 mihi
855 1562 989 1635 videtur,
1008 1584 1064 1623 nec
1082 1563 1211 1643 opinan-

66 1661 105 1707 tes
120 1642 331 1725 opprimemini.
364 1635 414 1701 Sic
432 1642 531 1703 brevis
549 1643 687 1742 volpptas
705 1657 736 1703 et
754 1647 849 1705 otium
867 1647 935 1726 plus
952 1648 1032 1706 valet
1047 1648 1211 1727 aliquando

66 1743 125 1811 post
138 1740 271 1787 secutura
284 1727 426 1786 utilitate.
462 1727 507 1785 Ac
526 1727 608 1792 de'
587 1750 623 1786 ns
643 1729 784 1808 quidem,
810 1752 887 1829 quae
903 1730 989 1790 vobis
1008 1730 1123 1814 agenda
1140 1731 1224 1808 siut,¹
1255 1725 1278 1763 '¹

35 1890 38 1895 Ι
65 1816 113 1896 ipss
105 1813 264 1899 deinceps
282 1811 409 1872 seorsim
428 1806 694 1885 deliberabitis,
669 1835 696 1873 ιι
713 1814 842 1893 sapietis.
869 1816 955 1889 Quae
972 1836 1045 1874 vero
1064 1837 1145 1875 nunc
1161 1835 1211 1898 re-

66 1898 199 1980 spondere
221 1897 360 1977 possitis,
387 1909 422 1955 ut
446 1900 544 1957 vestra
563 1897 683 1957 decreta
706 1911 788 1957 recta
813 1919 878 1959 esse
901 1901 1074 1972 videantur,
1092 1919 1126 1958 ea
1151 1891 1211 1957 ianr

54 1985 156 2045 'dicam
172 1982 313 2061 Aequum
331 1993 426 2055 esset,
451 1981 670 2054 Athenienses,
690 2001 757 2055 eos,
776 2005 828 2081 qur
820 1983 1082 2082 pollicitationes
1100 1982 1211 2042 attule-
1255 1984 1276 2007 ”

65 2080 141 2139 runt,
165 2065 284 2165 quibus
291 2065 414 2126 adducti
429 2086 535 2146 pacem
553 2065 700 2139 lecistis,
710 2067 801 2126 citari.
845 2068 953 2147 Neque
972 2067 1052 2126 enirn
1051 2067 1135 2167 ‘ipse
1151 2086 1212 2127 un·

64 2164 142 2233 ιιιιιιιι
158 2150 367 2225 sustinuissem
386 2149 471 2209 obire
490 2150 688 2232 legationem,
714 2171 814 2231 neque
832 2173 902 2225 vos,
927 2152 998 2212 satis
1017 2152 1098 2225 scio,
1123 2151 1211 2211 belli-

65 2257 161 2320 gerare
172 2221 401 2309 desiissetis,
367 2258 403 2294 ιι
426 2236 467 2295 ιιι
492 2248 628 2294 acturum
645 2235 837 2316 Philippum,
863 2257 936 2318 pace
953 2237 1127 2317 impetrata,
1153 2258 1211 2317 pu-

64 2321 174 2398 tassetis.
197 2321 273 2381 Nam
292 2341 368 2400 quae
386 2332 451 2379 tum
470 2320 663 2392 dicebantur,
683 2321 811 2381 multum
830 2320 866 2380 ab
885 2321 932 2380 his
951 2319 1143 2381 dissidebant
1172 2320 1233 2380 Et'
1266 2382 1271 2386 ,

64 2428 155 2465 rursus
172 2405 243 2464 alios
264 2404 349 2464 citari
367 2417 413 2463 est
430 2425 567 2483 acquum.
588 2404 695 2478 Quos?
714 2407 785 2476 Eos,
805 2405 866 2484 qui,
885 2428 954 2465 cum
972 2426 1040 2487 ego,
1058 2405 1162 2464 facta
1153 2425 1212 2463 ram
1309 2413 1310 2417 ’

64 2511 137 2570 pace,
153 2511 168 2547 a
184 2490 351 2569 posteriore
369 2488 532 2571 legatione,
551 2509 633 2567 quae
642 2490 678 2548 ad
697 2489 877 2570 'exigendum
895 2489 1105 2548 iusiurandum
1122 2487 1213 2548 missa

66 2586 137 2647 erat,
158 2593 307 2646 reversus,
325 2573 429 2639 lucum
446 2572 631 2657 reipublicae
648 2573 714 2632 fieri
732 2574 884 2646 sentiens,
903 2573 976 2632 haec
994 2571 1213 2653 praedicebam,

66 2671 94 2718 et
96 2616 333 2730 intercedebarh,
352 2671 382 2716 et
400 2656 498 2740 Pylas
508 2669 597 2737 atque
616 2657 787 2717 Phocenses
806 2657 903 2717 amitti
921 2678 985 2716 uon
1003 2656 1148 2741 sinebam,
1166 2655 1212 2716 di

66 2741 179 2802 cebant:
192 2743 251 2816 hle,
268 2742 320 2821 qui
339 2763 445 2821 aquam
463 2753 610 2820 potarem,
628 2761 691 2799 non
708 2742 817 2800 iniuria
837 2734 992 2799 difficilem
1012 2736 1043 2799 et
1059 2760 1213 2799 morosum

67 2847 128 2886 esse
145 2826 304 2885 hominem:
333 2826 508 2905 Philippum
526 2838 643 2898 autem,
662 2827 744 2904 quod
764 2824 906 2904 optaretis
924 2845 995 2897 vos,
1014 2824 1039 2885 si
1057 2824 1136 2883 intra
1153 2820 1215 2906 Py·-
1218 2880 1225 2895 ,,
1317 2879 1320 2882 .

66 2911 104 2969 las
120 2931 287 2992 progressus
306 2922 401 2983 esset,
427 2911 593 2982 facturum,
619 2923 649 2968 et
666 2923 730 2969 ιιιιιι
749 2908 894 2995 Thespias
913 2921 944 2967 et
962 2867 1095 2967 Plataeas
1113 2907 1215 2967 muni-

66 3007 173 3066 turum,
189 3007 253 3054 tum
269 2995 484 3055 Thebanorum
501 2987 646 3053 ferociam
663 3014 886 3074 repressurum,
906 3006 971 3052 tum
990 2989 1215 3052 Chersonesum

67 3079 121 3137 suis
137 3079 299 3159 sumptibus
318 3080 535 3159 perfossurum,
553 3091 618 3137 tum
636 3077 791 3161 Eubdeam
810 3090 841 3136 et
858 3076 995 3156 Oropum
1015 3098 1071 3157 pro
1087 3075 1215 3156 Amphi

39 3235 48 3245 f
68 3163 124 3242 poli
138 3162 219 3225 vobis
235 3164 433 3223 redditurum.
439 3164 527 3253 Nam
546 3162 619 3223 haee
638 3156 738 3222 omnia
757 3163 805 3221 hic
823 3182 878 3241 pro
897 3173 1056 3243 suggesto,
1078 3174 1124 3221 sat
1141 3161 1215 3234 scio,

68 3247 229 3307 meministis
254 3269 319 3308 esse
338 3248 433 3324 dicta,
462 3232 631 3326 quanquam
658 3270 762 3346 parum
788 3267 869 3306 acres
895 3247 927 3305 ιιι
944 3245 1215 3305 animadvertendis

67 3324 287 3413 improborum
278 3333 405 3393 iniuriis
433 3334 473 3390 Et
491 3332 574 3410 quod
593 3344 645 3391 est
657 3332 791 3392 omnium
809 3330 1033 3410 turpissimum,
1053 3331 1141 3390 etiam
1159 3350 1216 3411 po-

69 3428 162 3488 steros,
174 3417 209 3476 ad
228 3439 305 3496 quos
325 3417 396 3477 eius
409 3416 482 3497 spei,
501 3437 589 3494 quam
608 3436 661 3474 vos
682 3416 807 3489 habetis,
821 3416 953 3496 pertinet
971 3415 1147 3488 haereditas,
1166 3435 1214 3475 ea-

70 3500 132 3558 dem
144 3522 210 3579 pace
229 3502 412 3582 implicastis.
429 3504 533 3578 Usque
552 3501 627 3563 adeo
646 3501 678 3560 in
693 3502 829 3560 fraudem
848 3501 919 3559 estis
937 3500 1037 3559 illecti.
1056 3501 1139 3574 Quid
1157 3499 1216 3579 igi·
1243 3530 1246 3535 ·

68 3583 193 3644 turhaec
210 3608 294 3645 nunc
312 3587 398 3658 dico,
425 3599 457 3657 et
472 3584 541 3644 illos
561 3584 645 3644 citari
663 3585 776 3644 iubeo?
811 3587 894 3665 Ego,
921 3585 961 3644 ita
979 3604 1027 3644 rue
1046 3585 1088 3644 dii
1106 3594 1216 3655 ament,
1234 3591 1273 3649 48

67 3687 158 3727 verum
173 3670 253 3749 apud
271 3692 326 3731 vos
344 3670 438 3729 libere
458 3670 572 3741 dicam,
592 3682 623 3729 et
639 3690 702 3731 non
721 3668 931 3729 dissimulabot
957 3689 1021 3728 non
1038 3680 1073 3726 ut
1090 3668 1122 3726 in
1142 3688 1215 3726 con-

66 3752 164 3830 vicium
181 3754 320 3835 delapsus
340 3755 485 3826 efficiam,
511 3766 546 3812 nt
564 3773 622 3834 ego
639 3754 770 3814 vicissim
789 3752 932 3814 conviciis
950 3754 1029 3832 apud
1046 3772 1100 3812 ros
1119 3752 1216 3810 inces-

66 3858 122 3910 sar,
139 3837 173 3897 iis
190 3852 311 3913 autern,
331 3840 383 3918 qui
401 3838 445 3898 ab=
457 3838 544 3897 initio
562 3838 637 3897 mihi
655 3839 757 3898 infesti
774 3839 913 3910 suerunt,
932 3858 1040 3896 novam
1058 3835 1217 3915 praebeam
1262 3909 1264 3913 7

64 3921 243 3983 occasionem
260 3924 375 4004 aliquid
394 3922 561 4003 accipiendi
580 3923 762 4003 aPhilippo,
780 3943 879 4002 neque
897 3934 933 3980 ut
948 3922 1057 3991 frustra
1075 3918 1218 4000 garriam:

63 4007 110 4066 sed
127 4009 207 4087 quod
226 4008 389 4087 aliquando
407 4007 493 4068 vobis
512 4006 685 4067 molestiora
701 4009 767 4067 sore
783 4007 917 4088 Philippi
932 4006 1008 4064 lacta
1023 4016 1110 4084 puto,
1128 4022 1218 4083 quam
1266 4053 1269 4057 ,

62 4113 142 4151 nunc
175 4094 255 4152 Rem
280 4093 362 4153 enim
386 4091 530 4174 progredi
552 4091 659 4152 video.
690 4114 790 4172 neque
816 4112 887 4153 sane
912 4090 1002 4149 velim
1028 4088 1217 4148 coniecturas

45 4178 133 4236 ‘meas
158 4198 225 4239 esse
251 4196 353 4240 veras:
378 4179 431 4237 sed
456 4196 573 4249 vereor,
599 4197 637 4236 ne
662 4177 729 4237 id
719 4200 778 4237 ram
803 4177 892 4255 nimis
916 4173 948 4231 ιιι
974 4172 1147 4272 propinquo
1172 4170 1217 4230 ιιι.

61 4261 208 4336 Quando
199 4262 297 4345 igitur
310 4261 396 4323 vobis
412 4283 476 4321 non
491 4261 550 4323 iam
565 4259 696 4323 liberum
710 4262 776 4336 erit,
796 4281 839 4332 ea,
858 4277 935 4338 quae
947 4257 1103 4356 eveniunt,
1121 4255 1218 4338 negli-

59 4365 137 4427 gere:
163 4367 286 4428 neque,
313 4347 369 4429 iata
393 4358 496 4408 contra
518 4367 573 4407 vos
592 4346 688 4427 parari
713 4360 744 4406 et
768 4345 860 4416 strui,
884 4363 920 4403 ex
942 4362 991 4402 me
1015 4328 1152 4402 audietis·
1167 4350 1220 4398 aut

966 4425 1178 4502 3¹³*-
