2722 4754
374 128 585 259 tonsas
621 125 965 256 oarmrcnuu
1046 158 1085 228 L
1136 186 1143 194 ”
1168 160 1241 263 ι”ιι

22 395 26 398 -
59 314 137 430 quid
154 349 308 429 reliquum
326 331 398 424 erit,
414 312 554 409 ludices?
577 340 635 410 nec
649 349 734 410 enim
751 345 858 432 utiquc
877 352 926 410 ιιι1
944 308 1051 433 coget
1051 334 1141 410 etiam
1161 322 1231 409 Cal

59 436 146 496 licles
166 457 232 494 eam
251 424 381 502 ebiliere
415 437 498 494 Haec
522 455 581 516 ego
606 456 675 498 cum
699 434 793 495 feram
818 444 849 497 11
866 437 960 496 multa
977 436 1034 497 alia
1045 434 1230 517 peracerba.
1222 451 1237 473 ··

61 535 181 582 tantum
200 520 302 620 abest,
328 534 364 579 ut
379 540 493 610 poenas
513 520 596 591 de
569 541 612 579 ers
630 541 761 619 sumam,
788 534 823 589 ut
841 521 921 584 bene
938 507 1057 582 mecum
1076 521 1294 604 18111111·Ἰ

61 628 146 680 rem,
165 606 191 666 si
208 626 272 664 non
290 606 415 684 insuper
433 596 616 696 mulctarer.
630 605 749 665 Nam
725 627 768 678 ιι,
785 607 923 678 ludices,
941 607 1043 668 alveus
1064 620 1159 680 essct,
1177 605 1232 687 qui

64 693 138 752 olim
157 714 264 772 aquam
284 683 477 771 excepisset,
495 684 622 771 eamque
641 711 699 771 ego
718 710 781 749 non
800 691 988 792 exciperem,
1007 693 1144 754 fortasse
1158 712 1232 774 pec·

63 798 183 838 carem:
219 776 500 856 quemadmodum
491 798 523 834 ιιι
541 776 606 836 aliis
626 775 853 854 quibusdam
823 776 930 835 vicinis
949 779 1116 858 praediis
1099 787 1183 847 sunt
1186 776 1232 836 al·
1228 797 1239 811 ··

62 864 130 936 vei,
166 864 212 936 (11
230 860 358 946 quibus
368 874 502 935 constat,
538 861 648 960 quibus
677 882 785 940 aquam
812 862 926 942 primus
952 863 1083 942 quisque
1109 861 1231 942 excipit,

64 928 320 1028 quemadmodum
338 958 508 1018 torrentes,
527 947 590 1025 qui
599 967 634 1006 ex
652 945 777 1006 aedibus
795 948 985 1025 educuntur:
1003 947 1039 1006 ab
1058 947 1117 1007 illis
1136 964 1230 1028 porro

64 1035 192 1092 eandem
210 1031 261 1090 alii
279 1031 430 1090 similiter
437 1031 621 1111 excipiunt
640 1032 726 1091 Hanc
744 1051 816 1092 vero
834 1052 937 1123 nqque
956 1032 1031 1091 mihi
1050 1033 1116 1106 dat,
1139 1052 1232 1091 neca
1282 1043 1285 1047 '
1315 1040 1321 1049 ‘

64 1140 114 1177 me
133 1117 241 1196 accipit
253 1116 431 1216 quisquam.
455 1116 558 1216 Qui
549 1113 760 1204 igituralveus
780 1138 845 1177 esse
863 1108 986 1218 potest?
1013 1112 1102 1197 Aqua
1121 1130 1232 1188 autem,

65 1224 143 1283 qnae
166 1201 292 1281 irrupit,
318 1213 416 1282 saepe
431 1201 575 1261 nimirum
600 1203 707 1261 nocuit
726 1202 849 1276 multis,
876 1204 965 1263 etiam
990 1204 1101 1286 cautis.
1125 1202 1233 1262 nocuit
1316 1233 1331 1272 ,ι

64 1309 146 1349 nunc
165 1287 215 1345 isti
234 1286 330 1346 ctiam.
367 1287 459 1361 Quod
478 1299 578 1346 autem
598 1287 733 1345 οιιιιιίιιιιι
737 1287 977 1376 iniquissimum
996 1301 1057 1361 est,
1081 1283 1247 1358 Callicles,'

64 1396 133 1434 cum
152 1393 228 1451 aqua
246 1372 278 1430 in
295 1393 383 1430 suum
401 1372 558 1451 fundum
548 1357 668 1450 irrupit,
689 1363 864 1453 ingentibus
883 1373 959 1431 saxis
978 1390 1047 1432 eum
1067 1371 1232 1431 obstruxit:
1248 1392 1251 1398 ’

30 1497 34 1516 .
64 1459 148 1538 qnod
167 1471 267 1518 autem
285 1470 387 1536 pater,
423 1456 591 1514 cumidem
609 1455 779 1515 suofu'ndo
799 1457 973 1528 accidisset,
1008 1468 1129 1555 septum
1148 1444 1231 1527 fecit,

63 1543 149 1624 quasi
168 1543 198 1600 in
218 1562 254 1600 eo
277 1554 446 1622 peccasset,
473 1540 627 1599 mitridati
647 1530 746 1599 damni
765 1542 915 1601 actionem
939 1540 1073 1623 impegit.
1109 1538 1231 1619 Quodsi

42 1650 187 1700 omnes,
214 1626 324 1707 quibus
343 1648 419 1704 aqua
437 1626 512 1684 istac
531 1624 668 1684 defluens
687 1635 794 1698 nocet,
819 1647 867 1684 me
886 1626 1085 1709 accusabunt:
1113 1623 1230 1684 etiamsi
1285 1684 1296 1692 ,

61 1714 203 1772 fortunae
234 1731 319 1769 meae
349 1709 606 1788 multiplicentur,
642 1730 704 1768 non
737 1709 878 1770 omnibus
912 1724 1020 1791 potero
1050 1709 1231 1770 satisfacere.

61 1800 162 1857 Tanto
181 1808 281 1855 autem
300 1794 350 1853 isti
368 1805 440 1853 sunt
457 1793 550 1852 aliis
540 1794 726 1874 iniquiores,
758 1802 794 1852 11
812 1796 896 1855 nullo
909 1796 1034 1862 damno
1045 1795 1164 1869 affecti,
1195 1807 1232 1856 ut

63 1903 122 1963 ego
141 1880 227 1940 vobis
246 1879 345 1939 statim
365 1879 540 1952 ostendam,
576 1901 645 1938 cum
663 1879 727 1938 aliis
747 1879 840 1939 multa
859 1893 890 1940 et
908 1902 1014 1980 magna
1038 1882 1145 1939 damna
1164 1881 1231 1939 data

62 1964 378 2045 sint,solrrps1m1hr
396 1964 555 2044 negotium
573 1964 720 2023 facessere
738 1964 851 2023 ausint:
874 1966 931 2024 etsi
950 1962 1106 2065 quibusvis
1125 1965 1159 2022 id
1174 1985 1232 2046 po
1245 1961 1249 1978 ⁵

20 2083 29 2092 -
62 2052 123 2111 t1us
141 2051 289 2109 facessere
307 2046 451 2108 licuisset
493 2048 597 2106 Nam
587 2051 656 2121 isti,
685 2062 729 2107 ut
738 2069 864 2108 maxime
882 2050 1043 2128 aliquid
1016 2070 1059 2109 ers
1064 2049 1259 2123 acciderit.

29 2191 32 2195 .
62 2134 121 2215 ipsi
141 2157 194 2195 sua
213 2133 392 2214 culpalaesr
410 2153 457 2191 me
478 2127 714 2193 calumniantur:
733 2117 781 2191 illi
800 2133 1065 2211 aptem,utn1hrl
1084 2124 1182 2206 aliud,
1201 2146 1236 2199 at
1295 2201 1302 2213 ο

20 2226 23 2230 ’
40 2267 45 2283 ,
61 2220 181 2279 nullum
197 2219 258 2280 tale
274 2219 389 2276 crimen
403 2216 523 2277 habent
543 2217 617 2276 Sed
613 2239 672 2290 ne,
690 2236 792 2275 rerum
809 2177 918 2291 ordine
932 2218 1121 2298 perturbato,
1139 2217 1231 2280 simul
1300 2227 1303 2244 '

63 2300 160 2374 dicam
181 2303 298 2376 omnia,
320 2322 393 2380 cape
411 2302 532 2360 mihi
505 2302 674 2362 vreinorum
692 2301 875 2363 testimonia.
1285 2315 1288 2324 “

421 2383 428 2393 ,
539 2394 550 2415 5
595 2389 598 2395 ,

467 2421 990 2530 ιιιζιιιιοιιιιᾪ,,ὕἡ
1127 2452 1130 2458 ’
1253 2413 1327 2507 3111

148 2559 275 2618 Nonne
269 2540 462 2640 indignum
467 2569 529 2629 est,
555 2556 689 2631 ludices,
715 2578 784 2620 cum
809 2557 857 2631 11,
883 2558 974 2617 tantis
993 2557 1110 2619 damnis
1135 2555 1232 2634 factis,¹
1274 2610 1316 2640 ,

63 2664 164 2724 neque
182 2642 261 2702 ullus
281 2642 356 2704 alius
376 2642 481 2715 exiis,
500 2641 610 2720 quibus
629 2643 752 2701 adversa
770 2642 955 2717 acciderunt,
974 2644 1135 2724 quicquam
1155 2665 1230 2723 ‹pre-
1241 2678 1255 2704 e

27 2742 164 2801 “ratur,
182 2729 235 2788 sed
254 2748 351 2806 aequo
371 2726 473 2786 animo
489 2727 643 2786 fortunam
661 2726 777 2801 ferant,
795 2727 887 2788 istum
906 2728 1114 2815 calumniari?
1128 2725 1277 2803 Quem·
1327 2722 1331 2728 ’

63 2815 162 2893 ipsum
182 2807 389 2892 deliquisse
363 2812 511 2893 primum,
521 2813 629 2891 quod
654 2812 734 2872 foras
761 2813 867 2872 educta
891 2811 1027 2873 maceria
1037 2814 1115 2873 viam
1124 2835 1276 2896 angm.

64 2900 188 2958 stiorem
207 2897 290 2971 fecit,
304 2907 342 2956 'ut
350 2897 507 2971 arbores,
517 2917 593 2976 quae
611 2896 643 2957 in
661 2897 707 2956 via
715 2897 863 2980 fuerant,
880 2899 1124 2998 amplecteretur,
1143 2898 1230 2987 dein

57 2984 117 3056 (11,
145 2984 231 3082 quod
245 2981 373 3041 eluvie
364 3003 396 3040 ιιι
413 2982 491 3041 viam
510 2980 690 3062 prolecta
662 3004 739 3042 viam
759 2984 947 3064 exaggeravit
966 2997 996 3044 et
1014 2975 1229 3057 coarctavit,e

63 3068 247 3128 testimoniis
272 3067 372 3139 statim
391 3066 560 3126 evidentius
579 3067 779 3147 cognoscetis.
814 3071 874 3127 lam
895 3089 947 3128 eos
965 3068 1042 3129 mtnl
1057 3068 1228 3150 perdidisse
1330 3104 1332 3109 ‚

62 3154 242 3233 nullumque
254 3152 362 3210 fecisse
376 3153 528 3224 damnum,
546 3152 628 3230 quod
642 3152 769 3213 alicuius
783 3146 987 3231 momentisit,
997 3166 1035 3213 11
1047 3166 1148 3213 tamen
1161 3166 1229 3212 tan-

62 3251 122 3298 tam
143 3250 246 3297 contra
265 3257 313 3296 me
331 3237 481 3301 actionem
499 3232 709 3309 instituisse,
706 3257 776 3296 mox
793 3224 954 3298 ostendere
973 3238 1114 3298 conabor
1151 3233 1229 3309 Cum
1255 3230 1259 3238 ⁴
1316 3284 1323 3293 .

63 3344 130 3381 mea
153 3335 248 3381 mater
265 3322 392 3381 istorum
411 3333 506 3380 matre
523 3321 710 3380 familiariter
725 3334 880 3395 uteretur,
906 3310 1081 3403 priusquam
1104 3322 1156 3382 isti
1180 3341 1229 3382 me

63 3407 238 3468 calumniari
257 3407 445 3487 coepissent,
463 3418 495 3469 et
511 3407 603 3465 altera
622 3407 658 3465 ad
677 3407 799 3467 alteram
818 3408 984 3481 accederet,
1001 3420 1038 3467 ut
1055 3405 1122 3466 fieri
1139 3406 1230 3507 solet,
1249 3426 1253 3473 3
1323 3414 1326 3419 '

62 3516 130 3553 cum
149 3492 253 3552 ambae
273 3506 304 3552 et
320 3515 384 3550 run
375 3490 590 3569 habitarent,
621 3503 655 3565 et
669 3491 749 3551 inter
768 3513 799 3552 se
817 3492 933 3552 vicinae
953 3505 1088 3566 essent,
1101 3505 1131 3552 11
1148 3491 1229 3553 inter

61 3579 142 3638 viros
171 3577 301 3651 etiam,
294 3579 382 3636 dum
401 3575 558 3664 livebant,
585 3575 784 3639 familiaritas
793 3577 1011 3637 intercederet.
1040 3599 1108 3637 cnm
1135 3571 1248 3658 igitur*

61 3685 128 3723 mea
147 3674 243 3723 mater
259 3663 322 3722 ad
314 3646 441 3720 istorum
461 3664 585 3721 matrem
603 3661 753 3736 venisset,
781 3664 872 3741 atque
890 3661 941 3721 illa
959 3663 1157 3722 calamitatem
1175 3663 1228 3720 de-

60 3751 215 3831 ploraret,
240 3768 296 3807 nos
314 3766 384 3808 vere
403 3745 570 3807 audivimus
590 3745 727 3818 omnia,
737 3747 862 3815 Iudices.
897 3744 1017 3822 Quodsi
1036 3748 1137 3818 dico,
1151 3766 1228 3826 quae

62 3837 99 3895 de
119 3846 215 3894 matre
233 3832 351 3905 audivi,
369 3831 412 3892 sic
430 3831 505 3890 mihi
522 3830 615 3891 multa
629 3831 714 3890 bona
733 3833 910 3895 eveniantz'
917 3832 967 3893 sin
986 3832 1135 3914 mentior,
1152 3852 1228 3891 con-

60 3922 152 3980 traria
170 3919 288 3982 horum
315 3917 385 3976 Ea
376 3916 470 4000 igitur
488 3937 520 3977 se
539 3916 664 3976 omnino
683 3916 800 3978 vidisse
812 3929 843 3976 et
861 3938 896 3977 ex
914 3910 1043 3981 istorum
1061 3929 1155 3983 matre
1174 3937 1227 3976 au

27 4014 30 4019 '
59 4000 172 4065 divisse
191 4003 319 4075 dicebat,
342 4002 450 4063 hordei
468 4001 697 4074 commaduisse,
716 4007 792 4082 quo's
810 4002 874 4083 ipsa
892 4003 997 4066 siccari
988 4001 1148 4095 vidisset,
1165 4012 1263 4063 tres!
1309 4000 1314 4015 ‘

59 4089 250 4162 medimnos,
272 4087 386 4148 farinae
413 4087 531 4148 circiter
548 4086 825 4177 semimedimnumi
850 4086 913 4149 olei
929 4100 1061 4152 avectam
1080 4107 1158 4147 esse
1164 4108 1227 4148 am·

59 4175 189 4275 phocam
209 4196 272 4234 eam
290 4173 416 4257 dixisse,
443 4178 543 4253 neque
567 4186 667 4232 tamen
691 4173 719 4234 'ei
743 4170 905 4253 quicquam
922 4173 1073 4234 accidisse.
1115 4173 1226 4232 Tantas
1268 4181 1271 4184 ’

39 4260 112 4320 tau·
131 4260 230 4319 clades
249 4271 446 4358 acceperunt,
464 4258 597 4332 ludices,
614 4279 669 4339 pro
690 4256 801 4340 quibus
819 4257 901 4318 mille
921 4258 1142 4319 drachmarum
1148 4256 1226 4317 mul·
1304 4259 1308 4265 “

59 4343 149 4406 ctam
158 4344 261 4427 legum
279 4343 457 4406 auctoritate
476 4366 492 4404 a
510 4365 562 4404 me
575 4354 692 4436 petunt.
709 4344 818 4425 Neque
837 4344 929 4419 eninr,
947 4344 972 4404 si
974 4338 1157 4429 parietipae
1173 4348 1228 4404 vt»
1304 4350 1309 4362 “

527 4528 667 4579 ‘ft
