2722 4754
1168 56 1235 101 ft

195 198 200 205 ·
324 150 956 257 '‘anrnasustsrrtuau
1140 192 1254 261 «ass

81 347 160 429 qui,
187 334 271 429 q'uod
289 348 423 409 dedisset
432 344 546 422 alicui,
571 369 676 410 rursus
693 347 841 418 auferret:
868 344 931 408 imo
949 364 988 405 ne
1006 348 1168 407 cosmetur
1184 341 1253 421 qui-

80 434 168 494 dem.
205 434 307 508 Quare
332 454 431 513 neque
453 432 575 512 publice
593 433 822 494 lr'oc't‘eceritis..
844 431 948 492 lubete
967 430 1084 510 potius,
1104 439 1253 511 ,patronos
1328 500 1330 505 Ι

80 518 178 580 istius
196 517 284 601 legis,
301 517 443 597 siquem,
461 516 514 597 qui
533 528 713 578 consecutus
731 530 778 577 est
794 516 854 577 boc
869 517 994 589 donum,
1011 515 1170 597 iudignum
1187 532 1253 572 esse

83 603 193 675 aiunt,
206 638 210 645 ,
223 603 286 662 siis
304 601 437 681 quodid
454 615 576 676 teneat,
604 625 671 662 cum
691 622 754 662 non
772 622 806 661 ea
823 600 947 673 fecerit,
975 613 1101 681 propter
1117 617 1195 679 quae
1212 596 1256 657 sit

85 690 213 759 damin,
236 687 298 747 sive
318 686 358 746 ob
376 686 457 746 aliud
476 687 590 749 crimen
607 687 747 766 aliquod,
770 705 909 746 accusare
928 685 1066 766 exlege,
1090 705 1180 765 quam
1197 702 1254 743 nos

83 772 183 832 ruodo
200 769 432 845 substituimus,
458 772 594 832 sirenus
614 791 679 831 eam
696 770 856 831 tulerimus
881 769 928 852 (it
946 771 1029 848 quod
1047 790 1103 829 nos
1121 766 1253 833 facturos

82 874 157 916 esse
180 855 366 936 spondemus
393 869 424 916 et
447 854 658 937 pollicemur),
689 856 752 916 sire
776 855 835 936 ipsi
857 854 1000 927 tulerint,
1031 876 1100 914 cum
1123 856 1254 935 primum

83 939 184 1001 creati
207 939 323 999 fuerint
345 939 567 1022 legumlatorem
609 941 689 1000 Sunt
705 953 805 1002 autem
823 939 932 1018 cuique
957 958 1063 1015 eornm
1084 937 1178 1019 aliqui
1195 941 1254 1001 ini·

82 1024 179 1097 mici,
196 1024 262 1083 aliis
280 1024 490 1104 Diophantus,
508 1025 573 1084 aliis
590 1024 729 1085 Eubulus
737 1052 753 1099 ,t
764 1025 830 1085 aliis
849 1022 924 1085 alius
942 1023 1098 1105 quispiam.
1133 1024 1254 1099 Quodsi

84 1110 151 1170 boc
167 1107 380 1170 detractabant
398 1121 429 1170 et
445 1110 544 1170 lacere
563 1109 685 1182 nolent,
703 1110 909 1182 considerate,
924 1107 1146 1181 Athenienses,
1164 1131 1253 1189 quam

83 1193 177 1254 robis
194 1192 398 1253 bonorilicum
416 1193 552 1254 futurum
568 1194 623 1268 sit,
639 1215 694 1255 vos
711 1194 790 1256 bene
808 1193 922 1259 meritis
941 1215 975 1254 ca
989 1192 1157 1274 eripuisse,
1176 1212 1253 1274 quae
1298 1198 1302 1213 ¹

84 1279 218 1339 istorum
236 1296 329 1337 nemo
347 1278 477 1338 inimicis
496 1280 612 1359 eripere
630 1298 693 1338 non
711 1291 866 1353 vereatur,
884 1291 916 1353 et
931 1299 1003 1352 eos,
1021 1277 1075 1358 qui
1091 1278 1178 1339 vobis
1196 1278 1251 1341 be·
1275 1279 1338 1337 317

87 1364 285 1441 messuerunt,
303 1363 415 1442 quibus
432 1384 523 1423 nemo
540 1363 700 1443 quicquam
718 1363 851 1429 obiicere
869 1375 987 1444 potest,
1004 1383 1082 1444 quae
1100 1364 1168 1424 data
1184 1363 1253 1424 sue·

39 1446 48 1457 “
89 1461 176 1521 rant,
202 1467 258 1527 per
273 1467 329 1508 vos
347 1447 481 1508 amisisse
498 1448 653 1508 universas
684 1455 752 1511 cuni
769 1448 837 1509 fieri
854 1448 1032 1528 potuisset,
1050 1448 1077 1507 si
1094 1448 1162 1527 quis
1180 1469 1252 1509 sane

40 1582 44 1587 .
83 1533 233 1614 indignus
251 1543 316 1603 est,
333 1532 396 1592 sive
414 1549 511 1607 unum,¹
529 1532 592 1592 sive
611 1533 672 1593 duo
696 1546 750 1593 aut
766 1528 887 1614 plures,
911 1546 963 1607 ut,
981 1533 1018 1594 ab
1036 1532 1102 1593 istis
1122 1534 1252 1601 accusati

84 1630 121 1679 et
138 1615 250 1679 viritim
268 1616 392 1677 adducti
408 1617 441 1676 in
459 1617 615 1690 iudicium,
631 1638 745 1698 poenas
763 1619 935 1679 dedissent?
953 1618 1103 1698 Equidem
1122 1617 1178 1678 ista
1196 1638 1254 1679 nec

82 1701 199 1775 laudo,
224 1719 282 1760 uec
299 1701 391 1784 digna
408 1701 495 1761 vobis
513 1723 578 1762 esse
597 1722 723 1762 censeo:
751 1703 837 1763 cuius
855 1696 913 1785 ego
931 1703 976 1762 rei
995 1703 1084 1763 etiam
1099 1702 1252 1763 rationem

82 1786 199 1859 babeo.
237 1785 298 1846 lxm
323 1807 381 1846 nec
404 1786 462 1845 illa'
477 1786 555 1846 ratio
578 1789 795 1866 praetereunda
814 1770 877 1860 ist,
895 1788 941 1848 de
963 1787 1110 1869 dignitate
1134 1808 1276 1862 eorum,.

87 1871 381 1953 quibusdedimus,
405 1884 471 1931 tum
488 1892 619 1951 aequum
636 1871 729 1933 fuisse
746 1872 890 1944 iudicari,
915 1893 984 1932 cum
1009 1892 1100 1931 nemo
1125 1893 1161 1932 ex
1184 1872 1251 1933 istis

84 1954 288 2017 contradixit:
314 1955 424 2016 deiude
448 1976 521 2017 vero
540 1955 648 2017 missos
667 1977 719 2016 eos
736 1956 820 2030 fieri,
844 1956 903 2016 nisi
925 1955 964 2015 ab
989 1956 1032 2016 eis
1056 1954 1160 2016 affecti
1182 1956 1250 2017 sitis

84 2052 163 2121 pust
185 2038 302 2099 iniuria
345 2041 438 2116 Quod
461 2041 487 2099 si
512 2040 563 2101 isti
582 2040 777 2101 affirmabunt
798 2040 1021 2123 (demonstrare
1038 2061 1251 2119 namquenou

84 2116 272 2208 poterunt),
283 2124 343 2184 boc
359 2124 536 2205 requiritur,
552 2137 589 2186 ut
606 2127 801 2199 ostendatur,
819 2145 872 2187 eos
889 2145 960 2185 mox
978 2124 1114 2185 admissis
1132 2124 1250 2184 delictis

87 2208 349 2290 poenas‘dedisse.
366 2284 368 2288 Α
383 2210 416 2269 si
433 2231 526 2283 vero,
541 2210 597 2270 tali
612 2230 646 2270 re
664 2211 746 2270 nulla
764 2209 896 2290 prolata,
914 2209 1012 2291 legem
1029 2207 1251 2289 approbabitis':

87 2292 269 2374 opinionem
285 2294 419 2355 alferetis
437 2294 623 2369 homiuibus,
643 2314 698 2355 ros
715 2293 837 2354 uonmb
855 2294 952 2354 ullum
970 2294 1125 2366 delictum,
1143 2292 1196 2352 sed
1215 2299 1263 2357 ex,

85 2376 201 2437 invidia
223 2377 430 2439 immunitates
455 2380 621 2440 sustulisse.
649 2375 726 2439 Cum
743 2392 861 2451 autem,
885 2376 1106 2457 Athenienses,
1130 2377 1251 2457 probra,
1315 2424 1318 2429 ,

85 2461 277 2523 utbreviter
292 2463 400 2537 dicam,
417 2464 562 2546 fugienda
578 2476 650 2524 sunt
667 2463 785 2537 omnia,
801 2476 867 2523 tum
885 2461 944 2523 boc
961 2462 1089 2521 maxime
1107 2461 1251 2521 omnium.

10 2554 13 2571 '
85 2546 213 2621 Qum?
247 2546 330 2622 Quia
346 2548 459 2608 invidia
477 2548 602 2608 omnino
621 2548 760 2628 pravitati
776 2560 901 2607 naturae
918 2544 1083 2619 tribuitur,
1116 2567 1173 2606 nec
1190 2544 1252 2613 ulla
1354 2542 1356 2547 ⁴

86 2643 257 2704 causaest,
282 2631 323 2691 ob
342 2654 430 2712 quam
454 2633 576 2693 invidus
599 2632 718 2703 veniam
742 2644 901 2692 mereatur.
934 2630 1054 2691 Deinde
1072 2630 1190 2704 nullum
1206 2629 1252 2690 ri-

88 2714 169 2775 timn
193 2727 251 2788 est,
274 2738 292 2776 a
316 2737 379 2796 quo
403 2730 506 2777 nostra
529 2717 602 2777 urbs
626 2729 687 2778 tam
710 2716 809 2777 aliena
825 2716 979 2788 videatur,
1004 2727 1040 2774 ut
1062 2714 1100 2774 ab
1124 2714 1253 2774 invidia:
1279 2778 1282 2783 ,
1318 2739 1321 2743 ·

90 2798 226 2877 quanvis
241 2799 279 2859 ab
299 2801 383 2861 omni
401 2800 458 2861 alia
475 2801 665 2882 turpitudine
681 2800 850 2873 abhorreat
885 2794 979 2857 Cuius
998 2798 1045 2857 rei
1063 2810 1174 2877 quauta
1190 2797 1254 2857 sint
1309 2865 1320 2877 N

85 2896 275 2964 argumenta,
294 2885 402 2945 videte.
425 2886 560 2945 Primum
577 2885 636 2945 soli
654 2906 690 2945 ex
705 2885 849 2945 universo
867 2903 981 2965 genere
998 2881 1171 2943 mortalium
1189 2901 1254 2954 eos,
1273 2890 1276 2895 “

85 2965 144 3045 qui
159 2988 216 3047 pro
233 2968 329 3048 patria
346 2969 379 3029 in
397 2969 486 3030 bellis
505 2969 695 3042 occubuere,
713 2969 847 3049 sepelitis
865 2967 1004 3048 publice,
1021 2988 1056 3027 ac
1072 2965 1253 3027 funebribus

26 3108 38 3129 x
85 3051 280 3113 orationibus
299 3054 412 3114 ornatis
430 3055 507 3115 sacta
524 3055 650 3116 sortium
667 3054 811 3115 virorum.
852 3052 921 3112 Hoc
939 3051 1180 3117 vero.eiusmodi
1197 3063 1254 3124 est,
1323 3072 1325 3077 ·

84 3147 124 3195 ut
138 3134 256 3197 iudicet
273 3137 428 3211 bomines,
456 3139 509 3218 qui
525 3140 669 3201 virtutem
686 3138 788 3220 magni
805 3136 932 3210 faciant,
956 3156 1037 3210 uon,
1062 3136 1115 3217 qui
1131 3135 1252 3201 virtutis

51 3230 54 3234 ’
86 3216 260 3282 bonoribus
278 3222 440 3284 inrideant
458 3224 578 3284 Deinde
596 3224 634 3284 ab
653 3223 737 3284 omni
753 3243 828 3286 aevo
845 3221 990 3281 maximos
1009 3221 1142 3282 bonores
1160 3220 1253 3281 habe-

83 3304 129 3363 tis
152 3303 322 3367 victoribus
345 3307 557 3391 gymnicorum
581 3302 795 3381 certaminum,
821 3307 854 3366 in
872 3305 982 3386 quibus
1001 3326 1133 3367 coronae
1158 3304 1253 3366 tribui

85 3387 199 3463 solent,
218 3402 252 3465 et
267 3412 332 3452 non
349 3405 525 3473 propterea,
543 3392 614 3473 quia
631 3405 737 3452 natura
754 3392 830 3464 sert,
847 3402 883 3450 ut
901 3410 937 3449 eo
955 3389 1073 3451 bonore
1091 3391 1180 3470 pauci
1197 3409 1254 3471 po·
1305 3418 1311 3425 -

87 3471 220 3548 tiautur,
244 3495 311 3543 eam
327 3476 503 3537 felicitatem
521 3478 638 3557 adeptis
656 3476 814 3550 invidetis,
836 3495 937 3554 neque
956 3474 1089 3534 bonores
1109 3473 1252 3535 diminui-

86 3555 137 3615 tis.
153 3556 279 3620 Praeter
293 3582 338 3636 ea,
350 3583 427 3641 quae
446 3562 584 3636 diximus,
602 3582 693 3623 nemo
711 3561 833 3623 videtur
848 3564 983 3638 unquam
1000 3571 1129 3619 vestram
1145 3557 1253 3619 urbem

85 3638 196 3702 vicisse
221 3643 439 3706 beneficentia:
473 3658 558 3707 tanta
582 3659 629 3707 est
652 3647 718 3707 eius
736 3645 769 3705 in
792 3643 1016 3705 remunerando
1042 3642 1204 3704 liberalitas
1222 3652 1254 3701 et
1348 3660 1351 3664 ·

81 3727 320 3807 magnificentia.
345 3730 424 3791 Sunt
441 3744 542 3791 autem
560 3731 635 3791 baec
651 3731 791 3791 uniuersa
807 3728 959 3801 iustitiae,
976 3727 1113 3799 virtutis,
1130 3746 1253 3807 magna-

84 3808 234 3872 nimitatis
259 3814 377 3874 indicia.
420 3815 468 3874 Ne
491 3815 587 3896 igitur
610 3837 644 3877 ea
662 3837 743 3876 nunc
760 3815 875 3888 tollite,
899 3823 1026 3893 propter
1049 3832 1125 3891 quae
1150 3821 1254 3869 nostra

82 3893 323 3976 urbssomnibus
342 3898 451 3959 seculis
470 3899 620 3961 celebrata
638 3912 700 3961 est:
723 3920 790 3974 nec,
806 3912 843 3961 ut
858 3896 1001 3979 Leptines
1017 3895 1157 3976 privatim
1174 3914 1253 3954 non·

68 3977 200 4054 nullis,
228 3981 341 4061 quibus
368 3983 505 4044 infensus
523 3997 588 4059 est,
615 3984 759 4056 insultet,
781 3983 963 4065 praeclaram
990 3978 1253 4050 existimationem,

21 4054 54 4145 ᾖ·
83 4063 147 4141 qtia
164 4072 316 4147 perpetuo
339 4062 505 4142 lloruistis,
530 4068 666 4136 abiicite:
690 4083 790 4149 neque
810 4067 994 4137 existimate,
1017 4064 1105 4122 aliam
1121 4084 1187 4123 rem
1203 4063 1253 4144 agi

48 4212 59 4240 ‘
84 4167 180 4222 nunc,
199 4172 290 4229 quam
309 4152 486 4234 dignitatem
505 4164 536 4213 et
553 4152 804 4219 existimationem
822 4150 961 4222 civitatis,
978 4159 1081 4233 uuum
1097 4168 1162 4207 eam
1179 4167 1253 4207 con·

86 4245 236 4295 servatam
261 4247 294 4296 et
315 4237 411 4316 priori
429 4238 557 4299 similem
576 4260 640 4300 esse
659 4252 816 4320 oporteat,
840 4258 878 4297 an
895 4253 968 4294 vero
985 4231 1129 4296 abolitam
1148 4245 1180 4293 et
1194 4233 1252 4291 im-

89 4317 246 4381 minutam.
272 4317 350 4383 Cum
367 4335 469 4385 antem
485 4324 581 4386 multa
598 4324 659 4386 sint
675 4323 708 4385 iu
725 4324 781 4385 hae
798 4322 877 4405 lege,
895 4340 972 4400 quae
988 4317 1020 4379 iu
1033 4317 1162 4398 Leptine
1178 4315 1253 4376 mira
