2722 4754
186 277 189 281 ,
241 233 246 239 ·
282 164 301 276 Ᾰ
333 164 586 280 unumst
621 201 930 308 nucariense
1155 211 1216 272 175
1243 238 1249 299 4

57 377 197 447 corrupta,
214 361 295 422 scire
314 379 419 421 omnes
437 381 493 422 ros
510 354 651 420 ‘arbitron'
677 360 759 441 'Ego
777 379 862 432 vero,
880 359 1009 436 Iudices,
1025 373 1144 423 tantum
1162 363 1216 422 ab·

60 465 114 527 est,
130 447 424 529 utquisquamillis
442 445 533 505 rebus
553 446 718 527 adiungere
738 444 903 505 calumniae
921 446 1031 522 velim,
1055 461 1141 509 anta
1159 470 1214 508 vo-
1257 514 1265 525 .

62 539 101 599 bis
116 537 146 596 id
161 533 228 594 fieri
246 532 417 614 postulem,
434 544 492 603 ut,
517 531 542 602 si
570 530 620 589 illa
645 551 701 610 per
723 530 895 589 vecordiam
922 532 974 591 a'ut
991 533 1213 614 simplicitatem

66 637 119 688 aeta
133 633 200 697 sunt
217 618 270 678 aut
288 617 423 697 quamvis
440 615 529 679 'aliam
547 615 789 698 ignorationem,
812 628 843 693 et
860 616 924 696 ipse
943 617 1068 678 missum
1085 620 1214 681 Aeschi-
1236 655 1241 662 ·

68 706 258 777 nemluciam,
289 716 320 762 et
336 702 442 773 vobis,
471 701 596 760 missum
614 714 650 759 ut
666 700 805 773 faciatis,
829 703 977 761 suadeam.
1022 705 1215 787 Quamquam

70 799 155 858 harum
172 789 400 850 excusationum
418 786 501 846 nulla
520 785 614 845 civilis
634 798 686 844 aut
704 786 786 845 iu'sta
801 799 853 845 est
880 787 1040 847 Neminem
1060 791 1141 851 enim
1158 812 1213 853 vos
1261 852 1269 863 ,

72 876 262 962 rempublicam
281 893 394 955 gerere:
405 871 519 931 iubetis
538 884 591 930 aut
608 871 732 954 cogitis:
758 872 959 951 sed,-si.quis
978 873 1037 933 sibi
1054 877 1214 954 persuasit,

38 990 42 999 ·
75 964 208 1031 rehabere
227 959 400 1019 adiumenta
418 977 521 1016 rerum
539 959 758 1039 gerendarum,
783 969 873 1035 atque
892 959 1068 1033 accesserit,
1086 983 1142 1040 pro
1159 982 1213 1021 ve·
1278 974 1316 1009 '-

75 1068 119 1116 nra
132 1046 260 1108 bonitate
286 1056 319 1103 et
334 1042 521 1103 humanitate
537 1064 610 1120 ⁴eum
629 1041 764 1122 recipitis
783 1041 936 1124 benigne,
960 1055 991 1102 et
1014 1066 1077 1104 non
1096 1046 1214 1105 invide:

27 1136 40 1203 :'
77 1139 173 1222 quiret
188 1130 378 1212 magistratus
406 1128 434 1189 ei
461 1129 608 1195 mandatis
637 1141 668 1187 et
691 1126 755 1186 eius
781 1127 853 1187 fidei
871 1143 969 1189 vestra
986 1131 1111 1212 negotia
1130 1148 1240 1191 com-¹

27 1228 29 1237 '
62 1219 174 1286 uiuite
190 1216 286 1291 Quae·
296 1215 321 1274 si
341 1216 407 1293 quis
425 1213 522 1295 probe
541 1212 810 1286 administraverit,
830 1212 1032 1274 honorabitur
1051 1229 1081 1276 et
1099 1237 1136 1276 eo
1156 1238 1214 1278 no-

27 1300 48 1381 ξῖ
77 1299 232 1383 ninesupra
250 1300 360 1383 vulgus
380 1299 544 1360 sileretur?
573 1299 620 1361 sin
639 1298 927 1374 lmrstratusfuerit,
955 1302 1165 1362 excusationes
1183 1314 1225 1377 et„

27 1386 30 1403 ¹
75 1396 156 1465 causas
170 1384 293 1447 afferet?
325 1384 468 1465 Aequum
487 1406 550 1444 non
570 1397 622 1443 est.
665 1385 774 1464 Neque
794 1384 875 1442 enim
892 1383 934 1444 ita
952 1386 1137 1447 satisfactum
1157 1389 1215 1448 erit

59 1475 163 1550 ¹eversis
177 1471 281 1545 sociis,
306 1492 364 1530 nec
381 1471 485 1531 liberis
505 1492 625 1544 eorum,
644 1490 701 1530 nec
719 1469 881 1545 uxoribus,
900 1492 1001 1550 neque
1021 1473 1165 1548 caeteris,
1188 1472 1215 1532 si

76 1571 169 1626 constet
189 1557 247 1630 eis,
272 1579 305 1617 se
329 1570 456 1637 propter
473 1576 571 1615 meam
588 1556 755 1627 inscitiam,
779 1576 819 1615 ne
840 1555 926 1615 istius
946 1557 1059 1632 dicam,
1087 1580 1121 1618 ea
1148 1579 1214 1618 esse
1251 1567 1261 1573 ’

27 1648 29 1677 ²
75 1664 211 1735 perpessos.
234 1643 368 1703 Multum
388 1655 468 1702 certe
487 1641 579 1701 abest.
604 1641 665 1699 Sed
683 1654 794 1700 tamen-
802 1661 856 1717 vos
876 1643 1048 1701 condonate
1066 1643 1214 1704 Aeschini

75 1733 162 1796 ahocia
182 1730 236 1788 ista
261 1729 479 1800 eoimmensa,
505 1727 531 1785 si
556 1747 611 1806 per
638 1725 861 1806 simplicitatem
888 1740 940 1786 aut
966 1730 1101 1807 quamvis
1125 1730 1213 1790 aliam
1272 1729 1276 1735 ’

73 1814 266 1903 ignorationem
286 1813 472 1888 commisisse
490 1812 651 1872 videbitur.
688 1811 736 1870 At
755 1811 780 1871 si
798 1833 835 1870 ex
852 1812 1062 1892 improbitate,
1086 1810 1213 1898 argento

72 1915 174 1983 accepto
190 1912 219 1959 et
233 1898 431 1971 muneribus,
456 1897 549 1977 idque
574 1910 677 1978 aperte
703 1918 739 1956 ex
762 1896 834 1976 ipsis
852 1897 926 1956 actis
946 1899 1214 1974 demonstrabitur,

32 2040 34 2049 .
72 1990 177 2050 maxime
192 1985 329 2065 quidem,
353 1984 378 2043 si
396 1983 464 2043 fieri
481 1988 610 2064 potest,
623 1983 768 2042 occidite:
793 1981 841 2040 sin
859 1982 975 2056 minus,
1001 1997 1032 2044 at
1049 1985 1081 2043 in
1100 2007 1136 2058 eo
1156 1988 1212 2061 do-

72 2083 219 2147 cumentum
237 2069 360 2129 statuite
378 2068 507 2128 vivente.
543 2065 741 2128 Considerate
760 2079 861 2127 autem
879 2067 937 2147 ipsi
952 2068 1127 2144 vobiscum,
1147 2070 1212 2130 eius
1308 2098 1310 2105 ·

73 2155 246 2220 convincendi
274 2154 353 2213 ratio
380 2175 469 2233 quam
502 2173 596 2233 aequa
622 2153 723 2213 sutura
748 2152 801 2212 sit·
845 2151 980 2216 Omnino
1008 2168 1054 2214 est
1077 2154 1213 2230 necesse,

73 2242 229 2307 Aeschinem
251 2259 284 2298 ca
303 2233 395 2298 verba
413 2239 492 2318 apud
510 2261 564 2300 vos
582 2238 689 2298 secisse
706 2239 746 2297 de
764 2236 975 2298 Phocensibus
994 2252 1025 2300 et
1042 2237 1222 2321 Thespien'

73 2331 141 2390 sibus
151 2339 176 2386 et
188 2325 310 2387 Euboea
325 2322 366 2405 (si
382 2345 445 2382 non
456 2324 538 2383 ultro
555 2345 587 2383 se
601 2324 794 2397 vendiderat,
812 2343 928 2403 vosque
943 2323 1144 2410 decipiebat),
1163 2325 1212 2387 vel

73 2416 141 2496 quod
160 2424 255 2493 aperte
278 2409 415 2492 audierat
432 2409 607 2490 Philippum
628 2409 841 2490 pollicentem,
866 2429 899 2468 se
924 2410 975 2469 illa
1000 2424 1212 2493 suscepturum

74 2500 256 2560 et-lactumm:
283 2495 333 2555 vel
351 2494 377 2552 si
394 2494 423 2553 id
443 2495 598 2567 nonfuit,
623 2494 793 2577 praestigiis
812 2493 992 2574 quibusdam
1011 2508 1043 2556 et
1059 2497 1136 2557 lucis
1154 2496 1214 2556 hu-

74 2583 197 2644 manitatis
212 2580 294 2642 illius
313 2579 439 2640 caeteris
464 2580 496 2638 in
519 2579 612 2639 rebus
630 2581 791 2660 deceptum
813 2578 903 2638 etiam
921 2580 996 2641 haec
1015 2583 1052 2641 de
1071 2582 1125 2641 illo
1144 2602 1212 2663 spe-

73 2691 148 2730 rasse.
170 2669 208 2728 Ut
222 2688 327 2729 verum
346 2686 409 2723 non
427 2666 467 2724 sit
484 2664 595 2724 horum
613 2665 757 2738 alterum,
775 2665 843 2725 fieri
860 2685 923 2724 non
941 2679 1051 2746 potest
1077 2667 1215 2748 ‘Propter

73 2757 244 2826 haecautem
261 2765 390 2831 utraque
411 2751 439 2809 ei
456 2750 631 2831 Philippum
654 2750 786 2809 maximo
814 2769 879 2809 esse
903 2751 975 2810 odio
1000 2752 1095 2812 decet
1127 2749 1210 2814 Cur?
1234 2761 1297 2818 238

74 2840 156 2916 Quia,
177 2839 250 2917 quod
268 2838 308 2896 ad
324 2837 411 2894 illum
429 2834 554 2909 attinet,
579 2836 607 2894 ei
625 2834 816 2894 acerbissima
835 2847 866 2895 et
883 2835 1055 2917 turpissima
1074 2830 1213 2925 quaeque
1309 2867 1311 2871 ⁴

63 2916 234 2985 'acddemnts
260 2943 314 2983 vos
334 2921 472 3001 decepit,
490 2921 608 2980 laborat
624 2919 764 2992 infamia,
782 2921 891 3002 dignus
910 2921 1036 2982 interitu
1055 2924 1213 2984 iudicatur.
1251 2993 1255 2997 ¹
1302 2974 1308 2981 .

75 3011 151 3086 Quod
165 3009 189 3086 si
201 3009 241 3068 ita
257 3009 355 3081 fieret,
373 3019 408 3065 ut
427 3006 639 3078 conveniebat,
659 3005 835 3065 iamdudum
852 3007 1034 3086 proditionis
1053 3029 1123 3068 reus
1141 3029 1212 3091 age.

73 3099 252 3154 returz'nunc
269 3106 396 3175 propter
412 3104 548 3153 nostram
571 3090 836 3151 mansuetudinem
861 3103 892 3150 et
917 3092 1139 3172 simplicitatem
1164 3115 1213 3154 ra-

73 3181 156 3249 tiones
169 3181 279 3254 reddit,
299 3180 408 3259 rasque
428 3185 498 3238 cum
516 3175 588 3238 vult.
631 3178 686 3236 Est
703 3176 797 3258 igitur
815 3177 974 3256 quisquam
992 3179 1213 3260 vestrum„qui

53 3250 105 3325 'ex
122 3264 256 3326 Aeschine
280 3265 373 3325 ullam
390 3284 504 3325 vocem
529 3263 675 3336 audierit,
700 3260 875 3342 Philippum
899 3265 1080 3340 accusante?
1106 3265 1213 3341 Quid?

72 3351 289 3434 Redarguentem
315 3350 474 3430 quisquam
500 3361 553 3409 aut
577 3347 729 3407 dicentem
753 3368 822 3406 eum
847 3347 961 3428 aliquid
983 3349 1079 3410 vidit?
1105 3346 1217 3410 Nemoss

73 3435 127 3495 Sed
143 3457 235 3497 omnes
253 3435 458 3496 Athenienses
483 3435 567 3516 priu's
592 3445 733 3499 accusant
750 3433 940 3513 Philippum,
968 3446 999 3493 et
1017 3434 1114 3514 quivis
1133 3456 1236 3495 sem-x

63 3541 131 3600 per:
149 3541 268 3601 qnorum
286 3521 488 3600 utiquenulli
505 3521 569 3579 ulla
586 3518 725 3600 privatim
743 3518 819 3578 sacta
839 3532 885 3578 est
901 3518 1020 3578 iniuria.
1053 3521 1120 3603 Ego
1139 3541 1212 3581 vero

47 3629 50 3633 ’
71 3605 131 3666 haec
145 3607 226 3668 verba
244 3607 281 3667 ab
301 3628 339 3666 eo
356 3606 615 3686 requirerem,.si
632 3627 664 3665 se
683 3613 747 3663 non
763 3604 965 3666 vendidisset:
979 3603 1214 3679 Athenienses,

72 3693 235 3773 nequidem
254 3704 395 3766 tractate,
419 3705 456 3751 ut
473 3689 580 3751 vultis:
606 3690 737 3762 credidi,
756 3687 900 3770 dee'eptus
920 3711 1005 3763 sum,
1027 3691 1142 3765 erravi,
1167 3693 1212 3751 fa-

70 3789 135 3837 teor:
155 3779 237 3839 illum
256 3791 358 3839 autem
376 3777 533 3856 hominem
551 3789 654 3836 cavete
672 3774 889 3835 Athenienses:
916 3776 1049 3856 perfidus
1068 3789 1131 3850 est,
1156 3777 1212 3835 im-

70 3875 167 3943 postor,
192 3864 358 3945 improbus.
383 3885 447 3922 non
465 3863 602 3936 videtis,‘
615 3860 773 3942 quomodo
791 3880 910 3920 mecum
930 3862 1045 3943 egerit?
1066 3875 1106 3923 'ut
1124 3863 1222 3921 dece-'
1250 3866 1253 3873 '

68 3949 148 4028 perit?
163 3951 292 4010 llorum
316 3951 480 4010 verborum
506 3968 563 4031 ego
588 3948 706 4007 nullum
730 3946 838 4027 audio,
864 3967 965 4027 neque
990 3968 1052 4007 vos.
1096 3948 1213 4022 Quam-

69 4033 172 4097 obrem?
198 4032 278 4111 Quia
296 4056 360 4095 non
379 4037 542 4115 deceptus,
560 4053 661 4114 neque
679 4032 789 4106 falsus,
807 4033 861 4092 sed
879 4033 1018 4093 mercede
1035 4033 1117 4092 ultro
1138 4053 1212 4097 con-

69 4112 170 4198 ductus,
194 4135 287 4202 atque
312 4132 439 4204 argento
465 4132 606 4201 accepto,
636 4141 671 4178 ea
698 4109 790 4191 dixit,
817 4130 848 4178 et
873 4118 918 4177 illi
942 4117 1091 4197 prodidit,
1117 4138 1213 4199 seque
1302 4184 1306 4192 ¹

67 4207 230 4284 praeclarum
257 4228 291 4266 ae
316 4207 429 4266 iustum
454 4205 500 4265 illi
523 4204 743 4266 mercenarium
768 4203 922 4284 praebuit:
950 4202 1211 4286 legatumautem
1236 4279 1244 4290 ·
1271 4229 1276 4241 ⁴

67 4291 137 4352 vebis¹
151 4307 182 4354 et
199 4293 296 4353 civem
315 4306 346 4353 et
361 4292 550 4374 proditorem
570 4303 601 4351 et
618 4302 686 4364 ter,
715 4312 779 4351 non
797 4289 907 4360 semel,
944 4302 1042 4353 morte
1061 4289 1211 4353 mulctan.

66 4375 129 4439 dum
160 4378 270 4460 Neque
288 4399 360 4439 vero
378 4399 415 4439 ex
433 4377 480 4461 his
497 4377 598 4453 solum
617 4388 753 4453 constat,
777 4396 848 4435 eum
866 4375 1006 4434 mercede
1024 4376 1211 4436 conductum¹
1304 4450 1321 4463 ·
