2722 4754
108 192 189 309 aa
281 256 290 265 -
392 280 396 289 .
437 197 795 319 hairosriraurs
831 229 1022 303 orario

147 409 270 472 rentur,
295 392 468 479 solitudine
486 392 678 470 fretus,‘vos
709 395 790 456 bona
814 418 867 479 spe
892 398 1037 459 duntaxat
1061 419 1126 458 esse
1151 399 1322 471 lactandos,

58 510 61 516 ¹
88 495 101 511 “
126 482 128 492 '
146 486 248 565 neque
266 482 427 562 quicquam
444 480 536 548 aliud
544 483 715 567 agendum,
749 480 783 542 sl
799 503 872 543 vero
891 477 1231 544 bonorum-vestrorum
1249 497 1321 543 tan-

39 582 56 654 ]
148 592 237 659 quam
256 566 456 629 hereditatem
475 588 601 628 cernere
616 556 706 649 posse
725 568 875 635 existimat
900 567 1008 652 (idque
1024 574 1130 628 verum
1149 566 1224 652 est):
1242 567 1321 629 atsi

34 681 43 692 Χ
145 678 201 739 per
214 652 416 733 vosmetipsos
434 653 556 734 egeritis
573 653 688 726 anania,
706 672 749 725 se,
767 665 802 712 ut
818 673 944 733 operum
960 654 1106 734 ipsoram,
1125 655 1168 714 sic
1184 667 1218 714 et·
1229 674 1320 735 prae-

80 742 83 747 ’
145 741 391 818 miorum„quae
406 737 459 797 -illa
478 751 665 818 sequuntur,
684 758 810 817 aequam
829 760 897 797 cum
916 739 1041 798 caeteris
1059 751 1176 820 partem
1194 739 1320 800 habitu-

143 842 219 903 rum=
239 824 401 906 praevidet.
445 822 507 898 Q'ui
532 836 633 882 autem
657 821 874 902 rempublicam
900 836 1011 906 gerunt
1036 838 1068 884 et
1089 825 1121 883 in
1148 845 1185 883 eo
1212 825 1319 885 studio

142 921 315 982 versantur,
348 907 647 968 utilissima*·dicendi
665 908 702 967 ad
720 928 774 967 vos
794 910 1016 969 consuetudine
1035 910 1162 982 omissa,
1195 932 1227 981 se
1248 931 1318 970 cnm
1348 949 1351 954 -

86 995 91 1019 ¹
142 997 226 1058 hisee
252 995 451 1076 coniungunt
493 992 540 1052 hc
563 993 647 1073 prius
674 993 797 1073 quidem
823 994 962 1053 tributim
988 995 1204 1059 conserebatis:
1233 1015 1317 1055 nunc

77 1154 79 1159 y
121 1076 222 1143 -vero'
237 1080 378 1140 tributim
402 1078 619 1158 rempublicam
642 1079 755 1160 geritis.
799 1077 912 1138 Orator
929 1081 989 1139 dux
1004 1070 1068 1154 est,
1094 1094 1126 1140 et
1151 1080 1331 1164 imperator

70 1218 74 1223 ,
143 1168 216 1228 huie
235 1165 401 1226 obnoxius:
420 1176 450 1223 et
467 1163 521 1243 qui
538 1163 647 1243 partim
665 1163 722 1238 his,
740 1164 849 1246 partim
867 1165 926 1223 illis
945 1163 1158 1248 suffragentur,
1176 1165 1316 1227 trecenti.

143 1258 208 1314 Vos
232 1249 344 1330 reliqui
362 1247 590 1314 attributiestia
610 1250 735 1310 auctarii
752 1249 835 1323 vice,
862 1250 914 1310 alii
932 1250 997 1324 his,
1024 1251 1159 1313 illisalii.
1204 1248 1251 1310 Ex
1268 1249 1322 1311 his·
1350 1271 1353 1279 ·

143 1340 239 1422 igitur
254 1336 346 1396 rebus
364 1333 425 1394 hoc
442 1335 683 1427 consequimini,
700 1348 735 1395 ut
753 1335 804 1394 ille
823 1356 909 1395 aerea
927 1349 1024 1395 statua
1044 1349 1186 1410 ornetur,
1204 1336 1258 1395 ille
1277 1336 1317 1398 sit

143 1425 260 1496 beatus,
272 1442 358 1481 «unus
375 1432 466 1504 atque
480 1418 734 1502 alterrepublica
751 1421 954 1501 potentiores:
973 1421 1087 1501 reliqui
1105 1434 1199 1482 testes
1216 1420 1315 1480 felici-

142 1509 212 1570 tatis
231 1509 344 1584 horum
359 1505 547 1581 sedetis²,‚et,
563 1519 601 1567 ut
618 1506 754 1590 ignaviae
771 1502 888 1566 uestrae
906 1506 1065 1589 indulgere
1083 1507 1216 1588 possitis,
1235 1506 1314 1567 mul-

119 1605 187 1656 ¹tas
208 1608 238 1654 et
255 1614 377 1676 magnas
396 1612 470 1672 opes
489 1612 523 1652 ac
539 1587 684 1675 gloriam,
704 1614 780 1672 quae
799 1592 831 1653 in
843 1592 956 1652 'vestris
974 1590 1113 1652 manibus
1132 1605 1218 1666 sunt,
1237 1592 1315 1652 abii-

143 1681 211 1742 citis
234 1692 336 1759 atque
350 1678 416 1737 istis
441 1677 619 1759 conceditis
656 1677 751 1758 atqui
769 1677 1063 1759 consideratc,'quo
1088 1679 1133 1736 in'
1145 1678 1214 1738 loco
1239 1677 1315 1738 haec

142 1767 222 1848 apud
239 1765 368 1824 maiores
386 1763 508 1841 luerint
536 1763 617 1822 Nam
632 1784 708 1842 quae
727 1760 843 1845 agenda
861 1763 932 1836 sint,
949 1785 1013 1823 non
1032 1764 1138 1823 alienis
1158 1764 1314 1844 exemplis,

97 1852 102 1876 ''
141 1853 196 1912 sed
214 1848 389 1932 domesticis
407 1847 456 1921 usi
474 1840 664 1930 cognoscatis
682 1848 779 1908 licet·
805 1840 852 1907 llli
870 1848 1087 1922 Themistocli,
1114 1848 1200 1909 cuius
1219 1843 1324 1909 ductu

141 1936 246 1998 navale
269 1933 421 2016 proelium
439 1934 476 1994 ad
493 1933 676 1994 Salaminem
691 1934 969 2009 commissum-est,
993 1947 1026 1994 et
1042 1933 1188 2008 Miltiadi,
1214 1935 1316 1993 Mara-

141 2021 267 2084 thoniac
284 2039 405 2101 pugnae
422 2018 501 2092 duci,
520 2019 684 2099 multisque
698 2018 773 2094 aliis,
792 2020 911 2100 quires
929 2021 1021 2102 longe
1040 2020 1183 2079 clariores
1203 2031 1235 2080 et
1250 2019 1317 2080 uti-¹

142 2109 250 2181 liores,
265 2127 359 2186 quam
377 2104 410 2164 hi
420 2103 635 2166 ‘nostriduces
654 2119 826 2188 gesserant,
840 2121 894 2185 'me
913 2105 980 2181 dius
997 2105 1088 2164 fidius
1100 2138 1117 2179 ,·
1127 2126 1191 2165 non
1203 2113 1315 2165 'aereas

45 2257 48 2263 ,
142 2207 254 2255 statuas
279 2189 500 2265 decernebant,
528 2209 628 2269 neque
654 2211 744 2270 supra
766 2184 1239 2270 modum'adamahant,-·neque
1266 2188 1333 2273 (ut'

142 2280 196 2360 qui
214 2277 296 2338 nulla
313 2297 348 2337 re
365 2274 480 2357 populo
498 2276 732 2355 praestantiores
752 2273 867 2359 essent)
885 2270 1048 2356 ⁴exquisitis
1069 2296 1121 2335 eos
1139 2275 1317 2338 afficiebant

141 2362 326 2437 honoribus!
353 2360 475 2420 Etenim
490 2359 746 2445 nulliusillorum
764 2361 933 2444 facinorum
951 2360 1049 2444 gloria
1066 2363 1098 2420 se
1116 2359 1316 2421 fraudabant:

141 2470 242 2530 neque
261 2447 421 2527 quisquam
433 2457 499 2527 est,
524 2445 577 2525 qui
595 2447 698 2506 navale
716 2448 866 2527 proelium
884 2448 921 2507 ad
938 2446 1120 2508 Salaminem
1138 2446 1339 2525 Themisto-‚t

51 2541 54 2545 ’
142 2535 195 2596 elis
215 2554 280 2594 esse
299 2531 388 2604 dicat,
404 2529 726 2606 red-Atheniensium,
744 2545 797 2592 aut
813 2532 1033 2592 Marathoniam
1051 2553 1182 2614 pugnam
1192 2526 1315 2591 Miltia:

142 2614 206 2693 dis,
232 2612 291 2701 sed³
305 2612 442 2677 civitatis.
483 2615 573 2702 Nunc
588 2637 664 2676 vero
681 2618 790 2700 vulgus
808 2617 849 2678 ita
868 2618 1021 2698 loquitur:
1048 2614 1211 2700 Corcyram
1230 2617 1315 2699 cepit

98 2702 101 2707 ’
141 2703 343 2777 Timotheus,
365 2715 412 2763 et:
437 2700 589 2784 legionem
607 2703 720 2763 cecidit
737 2703 917 2784 Iphicrates,
943 2717 989 2763 et:
1017 2703 1126 2762 navale·
1140 2695 1176 2762 ad
1192 2697 1315 2762 Naxum

40 2828 44 2842 ι
140 2790 291 2873 proelium
306 2788 382 2850 vicit
399 2783 551 2846 Chabrias.
594 2787 656 2868 lpsi
673 2788 917 2863 enimvidernini
934 2799 1061 2869 propter
1074 2787 1230 2862 honorum
1247 2780 1314 2849 ma-

30 2944 36 2951 ,
100 2906 103 2912 ¹
142 2877 353 2961 gnitudinem,
389 2893 466 2954 quos
484 2876 645 2953 propterea
664 2873 790 2933 ducibus
810 2874 1003 2945 decrevistis,
1038 2894 1140 2932 rerum
1158 2885 1314 2959 gestarum

141 2960 315 3046 glor-inillis
334 2958 450 3042 cedere.
494 2957 580 3032 Quin
598 2959 688 3018 etiam
706 2957 805 3020 civilia
818 2960 918 3037 dona,
941 2959 1040 3020 atilli
1056 2959 1183 3040 pulchre
1201 2958 1320 3042 largie-·

116 3074 121 3081 ·
140 3047 268 3122 bantur,
291 3046 338 3106 sic
355 3065 413 3106 vos
428 3064 493 3104 non
505 3057 599 3106 recte.
643 3044 816 3130 Peregrina·
828 3067 922 3129 porro
945 3060 1071 3115 munera
1091 3045 1248 3126 quomodo
1267 3040 1314 3104 illl

141 3131 386 3204 diitribuebantl
413 3125 545 3197 Meno'ni
557 3130 730 3206 Pharsalia,
756 3133 809 3211 qui
827 3132 988 3193 duodecim
1007 3131 1125 3214 argenti
1142 3131 1256 3191 talenta
1271 3122 1320 3190 ‘ad-

141 3219 255 3279 bellum
274 3226 393 3302 gestum
409 3215 444 3287 in
462 3212 615 3304 Ei‘pnelad
632 3216 842 3299 Amphipolim
869 3218 1079 3300 suppeditarat
1102 3230 1134 3277 et
1156 3216 1324 3276 ducentos·

73 3305 75 3312 ’
141 3305 278 3386 equites,
300 3301 432 3362 'clientes
451 3322 544 3375 suos,
570 3302 722 3385 suppetias
740 3304 879 3381 miserat,
902 3323 970 3364 non
993 3302 1143 3364 civitatem
1167 3302 1312 3361 decreve-
1343 3374 1353 3382 -

139 3402 230 3463 runt,
265 3389 318 3448 sed
337 3387 557 3448 immunitatem
575 3399 693 3449 tantum
711 3389 876 3452 dederunt:
909 3402 943 3450 et
959 3403 1037 3463 ante]
1049 3389 1130 3449 hunc
1147 3383 1311 3451 Perdiccae

140 3475 218 3559 (qui,
238 3494 300 3555 quo
313 3486 456 3553 tempore
474 3472 623 3533 barbarus
641 3474 716 3534 olim
736 3474 893 3536 Graeciam
911 3474 1065 3535 hostiliter
1081 3475 1241 3546 invaserat,
1257 3492 1312 3531 rex

140 3560 338 3621 Macedoniae
364 3558 424 3618 fuit
459 3571 490 3619 et
506 3559 689 3638 Barbaros,¹
708 3559 761 3641 qui
782 3574 853 3642 post
871 3574 1022 3642 acceptam
1047 3559 1162 3621 cladem
1181 3556 1311 3634 Plataeis
1330 3574 1339 3584 ⁴·

57 3644 115 3704 111
127 3646 341 3720 recedebant,
359 3644 472 3705 delevit
496 3658 526 3707 et
542 3646 609 3729 regi
625 3646 783 3708 Persarum
808 3647 958 3728 integram
976 3647 1057 3707 illam
1076 3659 1206 3728 stragem
1223 3640 1311 3725 feeit)

140 3753 205 3793 non
223 3732 423 3793 decreverunt
440 3730 602 3806 civitatem,
616 3733 673 3792 fsed
681 3731 912 3809 ,immunitatem
931 3732 1088 3792 duntaxat:
1105 3751 1245 3813 magnam
1263 3727 1311 3788 ni-

88 3831 93 3841 '
140 3818 250 3878 mirum
270 3818 497 3898 et‘praeclaram
523 3832 554 3878 et
577 3816 780 3878 uenerabilem
805 3839 889 3878 suam
912 3816 1037 3897 patriam
1056 3816 1262 3886 existimantes
1281 3827 1312 3874 ct

141 3904 249 3985 quovis
267 3901 412 3964 maiorem
431 3902 588 3964 beneficio.
630 3903 720 3964 Nunc
736 3923 824 3977 vero,
842 3901 1063 3977 Athenienses,
1083 3901 1222 3962 homines
1241 3921 1311 3982 per-
1350 3939 1353 3943 ,

35 4050 37 4061 ,
141 3989 242 4064 ditos,
264 4008 367 4049 servos
391 3988 484 4049 servis
508 3989 643 4073 genitos,
670 4001 795 4070 accepto
819 4001 963 4066 tanquam
987 4009 1044 4069 pro
1068 3987 1133 4046 aliis
1157 3986 1311 4060 mercibus

74 4109 107 4127 υ
138 4076 251 4158 pretio,
270 4075 350 4136 cives
367 4073 472 4134 facitis.
488 4075 535 4137 'Et
552 4074 625 4134 haec
642 4073 731 4136 vobis
745 4095 836 4157 agere
853 4072 952 4146 visum
966 4086 1022 4146 est,
1039 4093 1102 4132 non
1121 4073 1206 4152 quod
1225 4072 1311 4132 dete·
1348 4067 1353 4076 ’

107 4164 119 4225 ζ
141 4161 274 4225 r'in'ribus
294 4161 365 4221 estis
384 4159 532 4242 ingeniis,
559 4181 647 4239 quam
666 4159 795 4219 maiores
813 4156 921 4219 vestri:
956 4160 1011 4219 sed
1030 4159 1113 4240 quod
1130 4156 1176 4217 illi
1195 4157 1258 4239 ipsi
1273 4157 1312 4242 de

45 4283 48 4289 .
114 4269 174 4323 ²se
198 4248 351 4330 praeclare
375 4257 551 4318 senserunt,
577 4245 663 4319 vobis
681 4257 782 4305 autem
801 4244 833 4303 id
851 4257 988 4325 creptum
1008 4257 1060 4305 est.
1101 4243 1212 4323 Neque
1236 4256 1312 4302 vero

52 4391 55 4397 .
80 4342 97 4353 “’
141 4335 209 4395 fieri
226 4354 360 4414 unquam
378 4331 519 4414 profecto
532 4341 644 4413 potest,
660 4341 697 4391 ut
713 4328 863 4403 homines,
880 4329 977 4410 parvis
994 4343 1028 4390 et
1040 4327 1152 4390 vilibus
1170 4327 1314 4410 occupati
1332 4388 1335 4393 .

89 4444 114 4469 v
136 4417 418 4495 rebusfsublimes
445 4429 475 4478 et
498 4420 665 4500 generosos
686 4412 1025 4498 'spiritusconcipiantr
1053 4414 1314 4499 quemadmodum

495 4521 508 4545 1
