2722 4754
246 138 1080 279 auu-nasus‘3an1srou1ao'tsuuaq2
1125 229 1131 264 ,
1181 136 1279 285 aaa

99 341 258 416 fortassis,
292 341 427 427 quadiu
446 326 551 425 urinas
567 329 839 426 perpetuostudet
853 343 991 408 ,convicia
1008 343 1110 410 dicere
1123 353 1159 405 'et
1176 343 1271 424 quiri-
1331 369 1335 384 ·

98 441 188 489 tatur
206 439 236 500 et
253 428 627 509 orationesinterrtrmpit,
644 450 726 491 nune
744 439 813 490 eunt
831 431 1003 491 conservari
1021 429 1183 498 convenit?
1200 429 1272 503 Sed,
1304 440 1323 461 ⁴·

98 513 147 574 ita
165 534 214 572 me
226 508 361 572 Minerva
379 526 473 586 amet,
492 532 568 592 quae
587 536 669 576 nunc
686 536 742 594 pro
761 513 909 575 concione
926 516 1020 590 liunt,
1039 516 1182 576 dedecori
1200 527 1272 575 sunt
1323 515 1327 524 '

96 597 304 678 reipublicae:
323 610 353 666 et
370 611 496 678 propter
513 597 648 658 istorum·
659 601 714 680 pro
732 611 878 681 suggesto
895 591 1104 676 temeritatem
1115 604 1145 668 e't
1163 599 1274 683 despit*
1335 640 1338 647 ·

96 684 251 743 rationem
270 674 657 764 ignominiosum‘habetur
673 684 732 746 iam
751 706 767 743 a
784 682 961 745 bonisuiris
979 704 995 742 e
1012 699 1112 747 vestro
1132 706 1288 760 numero„
1314 720 1317 733 ·

96 767 214 828 versari
244 764 279 827 in
305 766 466 848 republica.
511 768 630 842 Quodsi
657 788 739 847 nunc
765 769 854 827 alicui
880 780 1014 829 vestrum
1040 770 1095 829 ista
1120 769 1271 852 voluptati
1337 836 1342 843 ,

95 866 191 912 sunt:
209 872 273 927 non
289 852 389 912 deerit
407 853 633 934 copiaseornrn,
653 853 706 933 qui
717 852 792 934 ¹talia
808 853 956 914 factitant
984 854 1062 913 Nam
1079 855 1170 914 etiam
1188 877 1271 917 nune

81 937 136 997 ‘iis
155 937 304 1018 refertum
323 949 370 996 est
387 952 572 1019 suggestum
614 939 722 1019 Neque
741 938 822 998 enim
841 938 1029 1000 difficileest
1045 939 1271 1021 reprehendere

93 1021 245 1082 consilia:
264 1022 316 1104 sed
334 1024 462 1082 suadere
479 1023 592 1102 aliquid
613 1037 643 1087 et
659 1024 839 1104 persuadere
855 1023 952 1097 vobis,
969 1036 1005 1087 ut
1020 1044 1065 1098 ca,
1082 1043 1281 1105 quaetopors
1311 1085 1313 1090 s
1343 1035 1349 1097 j

91 1120 162 1182 tet,
188 1106 373 1180 decernatis,
398 1107 428 1165 id
441 1128 519 1174 >vero
540 1107 662 1168 difficile
681 1121 735 1168 est.
770 1108 817 1168 Ad
837 1109 911 1169 baec
929 1108 989 1169 nisi
1005 1109 1088 1190 prius
1108 1109 1199 1169 etiarn
1216 1110 1270 1168 iias
1343 1163 1345 1169 ,

62 1207 66 1214 “
92 1191 290 1252 demverbis
309 1211 362 1250 vos
382 1192 568 1271 decepisset,
603 1188 818 1273 cumprimum
837 1209 907 1254 reus
926 1194 1134 1255 essetlactus:
1164 1185 1270 1254 'nesic

94 1277 227 1356 quidem
249 1294 382 1357 aequum
408 1292 504 1350 esset,
533 1290 648 1353 'contra
669 1291 804 1358 receptas
831 1279 912 1360 leges
939 1278 1053 1358 aliquid
1081 1279 1109 1338 ei
1133 1273 1269 1359 concedi.

82 1349 210 1442 *Neque
229 1362 326 1435 enim,
355 1362 380 1420 si
399 1361 578 1440 quibusdam
597 1361 709 1422 violare
728 1363 811 1445 leges
829 1363 1275 1445 permittitur,'postulandum¹

99 1460 211 1520 est,cut
229 1468 264 1506 ex
282 1446 467 1526 praescripto
480 1447 587 1528 legum
606 1446 657 1506 alii
674 1469 707 1507 se
725 1458 850 1529 gerant:
867 1449 920 1507 sed
938 1460 1040 1510 tamen
1058 1447 1112 1506 illo
1130 1442 1271 1529 tempore

95 1532 202 1604 minus
221 1531 383 1591 absurdum
402 1532 525 1604 suisset,
545 1531 572 1590 ci
590 1532 680 1591 fidem
699 1532 829 1604 hahere,
854 1545 885 1592 et
901 1530 1076 1615 gratificari,
1096 1545 1126 1592 et
1143 1534 1196 1594 tali
1214 1532 1269 1594 ali-

96 1637 162 1695 qua
185 1617 217 1675 in
242 1637 275 1676 re
301 1616 470 1693 connivere.
514 1617 593 1690 Quia
612 1638 701 1690 vero,
727 1630 801 1677 tunc
820 1638 856 1676 eo
875 1617 1016 1677 absoluto
1035 1631 1161 1698 propter
1184 1639 1278 1698 spern

96 1701 338 1774 emendationis,
363 1702 454 1781 paulo
478 1714 548 1781 post
573 1703 703 1761 eundem
727 1701 818 1761 istum
844 1714 875 1761 et
897 1703 1058 1764 dicentem¹
1075 1716 1106 1783 et
1128 1717 1274 1785 agentem¹

96 1807 242 1867 ea,quae
259 1805 322 1845 nou
341 1798 477 1858 essentae
495 1786 660 1865 iepublica,
678 1787 780 1846 denuo
799 1786 975 1867 punivistis:
1000 1809 1076 1866 quae
1094 1788 1181 1847 vobis
1200 1789 1269 1848 ido·
1305 1797 1310 1800 “

98 1891 181 1945 nea,
205 1871 230 1932 si
245 1892 324 1931 nunc
343 1871 551 1950 decipiemini,
577 1871 767 1951 relinquetur
786 1872 958 1932 excusatio?
988 1870 1064 1931 Cum
1084 1872 1165 1933 euim
1183 1871 1270 1932 testi·
1342 1899 1349 1917 ι

96 1956 210 2016 monia
224 1977 320 2016 rerum
340 1957 455 2029 adsint,
481 1956 554 2036 quid
572 1955 671 2015 verbis
691 1969 737 2015 est
756 1957 852 2036 opus?
888 1957 975 2031 Quae
994 1968 1094 2017 autem
1113 1956 1171 2037 ipsi
1189 1956 1269 2037 apud

54 2072 60 2081 κ
95 2042 220 2104 animos
244 2053 360 2100 vestros
378 2042 515 2101 nondum
534 2041 603 2100 satis
623 2054 776 2121 comperta
795 2041 931 2115 habetis,
958 2043 995 2101 de
1020 2042 1055 2100 iis
1082 2041 1209 2102 sortasse
1233 2062 1277 2121 ex.

95 2124 201 2186 verbis
219 2125 365 2187 iudicium
384 2139 430 2209 est
447 2126 625 2205 faciendum,
650 2125 793 2185 Demiror
811 2146 879 2199 eos,
898 2126 950 2205 qui
969 2126 1121 2199 sentiunt,
1139 2125 1268 2206 privatas

96 2231 175 2292 opes
194 2210 249 2283 iis,
269 2217 351 2290 *quos
378 2211 528 2292 superiori
552 2223 689 2290 tempore
714 2209 812 2270 bonos
835 2211 917 2270 viros
935 2211 1269 2292 luisse‘eognoverunt,

96 2315 170 2355 esse
194 2290 374 2371 credendas:
408 2296 594 2376 reipublicae
628 2317 803 2373 communes
838 2296 895 2368 iis,
926 2295 1293 2375 quorum‘improbitass

96 2402 157 2440 nec
176 2379 213 2439 ab
232 2381 304 2459 ipsis
324 2394 452 2463 negatur
470 2393 501 2439 et
517 2381 620 2460 palam*
634 2380 820 2460 deprehensa
840 2393 902 2452 est,
928 2380 1166 2441 committendas.
1210 2377 1268 2439 Ca-

74 2487 77 2491 ·
96 2487 171 2525 nem
191 2465 314 2544 quidem
333 2465 406 2525 ovili
424 2467 607 2548 degenerem
633 2478 663 2524 et
686 2466 827 2547 ignavum
849 2465 1052 2524 custodiendo
1071 2485 1161 2525 nemo
1180 2485 1268 2545 prae·
1282 2484 1297 2508 ¹·
1324 2531 1328 2541 ,

65 2599 70 2611 ,
95 2550 222 2610 fecerit:
238 2544 422 2630 reipublicae
441 2564 541 2611 autem
560 2549 814 2632 gubernatoribus
834 2549 972 2630 plerique
992 2549 1097 2610 dicunt
1115 2549 1272 2629 quoslibet

72 2672 75 2676 ›
98 2657 171 2695 esse
193 2635 410 2716 praeficiendos
435 2637 591 2708 custodes,
618 2635 687 2714 qui,
713 2656 781 2695 cum
800 2635 1012 2714 delinquentes
1037 2656 1069 2695 se
1089 2635 1207 2694 deferre
1225 2634 1268 2694 si·
1292 2634 1349 2692 512

96 2719 235 2800 ululent,
252 2720 310 2800 ipsi
328 2721 376 2780 vel
394 2720 530 2802 inprimis
550 2715 742 2780 custodiendi
761 2732 869 2779 essent
895 2721 997 2794 Quae,
1015 2719 1040 2787 si
1059 2719 1195 2799 sapietis,
1215 2741 1268 2779 co-
1346 2768 1349 2774 .

97 2806 231 2886 gitantes
249 2827 319 2877 eos,
345 2806 398 2885 qui
424 2825 455 2866 se
480 2807 536 2866 ista
560 2805 678 2864 ratione
701 2805 966 2880 vestri-*amatores
991 2824 1056 2864 esse
1074 2804 1268 2884 profitentur,

94 2890 199 2951 valere
217 2890 371 2964 iubebitis,
390 2891 509 2971 ipsique
527 2891 612 2949 omni
629 2892 721 2966 modo
741 2889 901 2963 cavebitis,
921 2910 959 2949 ne
978 2891 1027 2949 cui
1044 2889 1196 2949 licentiam
1215 2890 1268 2949 de·
1287 2946 1296 2954 ,

46 3039 49 3043 ,
94 2975 136 3047 tis
156 2976 260 3057 legum
277 2975 503 3048 violandarum,
523 2997 628 3035 eorum
645 2970 838 3056 praesertim,
858 2975 911 3054 qui
928 2974 1145 3055 rempublicam
1164 2996 1269 3055 capes·
1342 2996 1346 3004 ’

96 3073 189 3134 sunt,
220 3061 429 3143 populumque
449 3082 481 3120 se
501 3074 531 3119 et
554 3060 684 3120 dicendo
704 3074 734 3119 et
761 3061 953 3120 decernendo
984 3059 1147 3119 defendere
1173 3059 1267 3140 profi-

76 3157 210 3205 ‘tentun
239 3145 324 3204 Nihil
343 3147 422 3204 enim
441 3146 507 3204 fieri
526 3157 617 3224 queat
635 3144 802 3217 absurdius,
822 3167 922 3224 quam,
940 3167 1008 3203 oum
1027 3144 1156 3213 maiores
1174 3145 1267 3205 vestri
1320 3179 1328 3200 a

96 3226 155 3312 pro
179 3230 358 3290 defensione
384 3231 485 3313 legum
512 3242 656 3310 oppetere
682 3242 811 3288 mortem
834 3250 897 3288 non
922 3228 1105 3302 dubitarint,
1131 3242 1266 3290 voslnec
1307 3252 1310 3259 ’

95 3315 207 3395 punire
235 3315 398 3375 violatores
426 3337 527 3374 earum
553 3314 742 3373 institueres
762 3336 830 3372 cum
857 3313 982 3395 Soloui,
1009 3314 1126 3389 auctori
1152 3315 1266 3396 legum,

82 3421 216 3459 >aeream
236 3401 268 3459 in
287 3401 355 3459 foro
375 3413 502 3459 statuam
521 3399 725 3471 decreveritis,
742 3398 821 3479 ipsas
840 3396 922 3478 leges
941 3399 1017 3458 adeo
1036 3399 1193 3458 manifeste
1210 3406 1267 3468 'nef

94 3485 229 3567 gligere,
249 3498 374 3566 propter
393 3507 465 3564 quas
485 3485 513 3545 ei
531 3499 598 3544 tam.
611 3483 752 3542 eximium
772 3482 925 3542 bonorem
940 3481 1095 3542 habuistis.
1122 3482 1173 3542 An
1192 3504 1264 3544 vero
1293 3476 1295 3481 ¹

96 3582 144 3629 est
160 3571 274 3630 rationi
293 3582 546 3649 consentaneum,
569 3591 637 3627 cum
655 3568 687 3626 in
705 3569 838 3628 serendis
856 3567 973 3648 legibus
992 3567 1139 3647 improbis
1157 3569 1266 3633 irasea-
1312 3591 1315 3594 ’

94 3653 190 3728 mini,
216 3655 249 3713 in
268 3653 428 3714 manifesto
448 3655 573 3723 crimine
593 3653 797 3732 deprehensos
816 3653 973 3711 indemnes
993 3652 1166 3713 dimittere?
1196 3676 1282 3712 cum
1305 3683 1306 3687 ¹

96 3739 272 3822 legislator,
299 3739 392 3809 bomo
414 3740 540 3812 unicus,
566 3751 691 3818 propter
707 3761 761 3798 vos
781 3737 918 3798 omnium
936 3735 1005 3796 odia
1024 3738 1190 3817 susceperit
1207 3739 1265 3796 im-

93 3824 282 3905 proborum:
307 3845 361 3888 vos
381 3845 436 3882 nec
454 3837 580 3905 propter
603 3813 801 3904 vosmetipsos
826 3823 869 3892 in-
884 3821 1038 3881 communi
1062 3823 1192 3882 concilio
1213 3824 1267 3883 de·
1289 3851 1297 3867 r

52 3973 58 3986 χ
95 3910 208 3970 clarare
226 3921 360 3969 vestrum
378 3909 482 3968 odium
497 3909 722 3990 improborum,
740 3899 800 3967 sed
809 3906 899 3966 unius
918 3907 1050 3966 bominis
1069 3907 1266 3985 succumbere
1309 3913 1311 3920 “

94 3994 308 4076 improbitati?
335 4016 403 4052 curn
429 3994 525 4075 eapite
549 3993 721 4067 sanxeritis,
747 4014 786 4052 ne
812 3992 1002 4074 quislegem
1028 3993 1265 4071 commentitiam

75 4080 241 4162 ‚adducre
268 4078 449 4152 connivere,
465 4091 501 4139 ut
517 4100 605 4140 verae
623 4079 706 4160 leges
724 4077 754 4136 in
774 4077 1048 4155 exommentitiarum
1066 4098 1194 4139 numero
1212 4079 1266 4138 ba-

95 4162 248 4241 beantur?
276 4164 327 4224 Sic
345 4177 445 4224 autem
464 4165 636 4225 acutissime
652 4162 858 4243 perspicietis,
876 4161 1005 4243 receptis
1024 4182 1129 4242 parere
1147 4163 1267 4246 legibus
1305 4215 1309 4223 .

96 4263 246 4330 quantum
271 4249 385 4308 bouu‘m
411 4249 466 4321 sit,
493 4262 524 4308 et
547 4249 747 4329 insdespectu
773 4261 804 4308 et
826 4248 967 4330 neglectu
990 4268 1096 4327 *earum
1121 4262 1267 4329 quantum

95 4334 169 4396 insit
186 4333 277 4395 malit
313 4334 338 4393 si
355 4335 456 4415 legum
477 4334 707 4399 commoditates
725 4334 868 4408 seorsim,
904 4344 1030 4412 atquae
1050 4334 1267 4417 exgviolation‘e

115 4521 333 4559 .ll,
