2722 4754
363 207 991 293 unvunsususermun.
1070 172 1074 185 ’
1176 216 1238 276 na

97 364 185 437 licebat
199 377 352 435 accusare,
378 358 496 440 tametsi
514 377 653 426 auctores
672 365 747 449 legis
761 366 930 435 'indemnes
948 379 1068 444 esseut,
1094 382 1165 450 post
1182 389 1235 446 an-

97 476 154 518 num
168 448 310 519 accusauit
328 448 521 528 Aphepsion,
546 451 689 532 Bathippi
715 451 812 526 filius,
838 453 1026 516 Phormione
1045 467 1183 528 oratore,
1203 466 1234 515 et
1257 461 1319 517 288

47 614 51 623 Ι
99 537 240 616 Ctesippus,
258 530 409 592 Chabriae-
422 533 447 591 F
447 577 463 607 .,
480 536 688 597 Demosthene
706 537 863 598 advocato..
878 538 920 597 Hi
934 539 1034 621 igitur·
1045 542 1234 613 accusatores
1292 548 1298 553 “

99 625 217 689 achonem
230 629 335 676 contra
346 617 448 699 legem
457 619 663 680 instituerunt.
682 621 783 681 Status
799 623 959 705 negotialis
973 638 1022 694 ‚est
1034 626 1147 706 scripto
1159 638 1235 685 con:

100 727 165 774 ,mc
193 699 295 782 Capita
315 703 461 763 orationis
481 718 552 764 sunt
570 705 754 788 legi-timum,
771 707 857 781 utile,
875 707 996 769 iustum.
1031 700 1234 770 Sed-neeesse
1299 733 1300 737 ’

101 809 142 867 est,
154 788 299 865 utriusque
317 790 414 867 portis¹
429 802 603 871 argumenta
621 803 657 850 ut
674 793 865 872 explicemus.
892 792 1037 872 Leptines
1053 794 1147 875 igitur
1163 796 1233 854 utili

99 879 188 945 nititur,
205 874 285 951 quot
304 893 367 944 eos,
386 874 438 953 qui
456 895 581 934 munera
600 876 730 960 obeant,
748 877 932 958 reipublicae
952 893 1122 960 comparet,
1141 883 1232 961 atque

100 965 165 1027 man
181 959 276 1017 iusto:
296 977 508 1039 nonaequum
529 983 612 1034 esse,
630 975 666 1021 ut
683 960 733 1021 alii
752 963 870 1023 divitias
889 984 994 1024 secure
1011 976 1153 1036 teneant,
1172 966 1233 1038 alii,

56 1042 65 1062 ⁸
99 1052 192 1113 munera
209 1042 368 1116 obeuntes,
384 1058 529 1124 perpetua
544 1046 668 1107 miseria·
678 1047 901 1110 conflictentur.
918 1048 1112 1109 Accusatoris
1130 1051 1231 1108 firma·
1283 1068 1285 1072 ’
1321 1053 1323 1058 ’

97 1144 173 1198 menta
187 1140 254 1188 seint
271 1127 460 1210 legitimum,
487 1131 599 1191 iustum
619 1145 649 1192 et
667 1133 749 1192 utile.
791 1131 840 1219 hc
851 1133 1027 1216 legitimum
1046 1135 1156 1214 duplet
1176 1148 1240 1208 est„

48 1220 52 1225 ’
96 1218 177 1305 partin
194 1215 223 1275 in
240 1233 371 1293 persona
389 1215 534 1295 positum,
551 1217 659 1297 partim
679 1217 710 1276 in
729 1239 769 1278 re.
805 1219 1052 1299 lnfpersono,.'·ex
1070 1241 1119 1293 eo,
1138 1221 1269 1299 quorl,v
1303 1216 1310 1285 f

97 1299 295 1388 quaelacieuda
314 1299 453 1373 luissent,
471 1323 533 1360 non
553 1302 668 1375 lecerit,
685 1302 805 1362 thesmo
823 1303 944 1363 violato.
961 1304 1111 1363 Thesmos
1129 1317 1230 1363 autem

95 1395 137 1453 lex
150 1397 194 1459 est,
216 1384 408 1445 ferendarum
427 1381 533 1469 legum.
546 1389 695 1449 rationem
721 1388 936 1470 praescribens.
980 1388 1129 1469 Scriptam
1148 1389 1240 1448 enim*
1319 1433 1323 1457 ,

41 1542 46 1550 ⁵
96 1479 171 1558 legen
186 1492 248 1530 eum
267 1483 336 1529 ante
355 1483 466 1531 statuas
485 1473 639 1547 Heroum,
663 1491 681 1533 a
701 1473 810 1553 quibus
829 1468 1011 1557 cognomina
1027 1474 1125 1534 tribus
1144 1495 1229 1534 acce-

94 1568 192 1644 perunt,
206 1575 395 1635 proponere,
422 1569 453 1616 et
469 1560 549 1638 apud
567 1558 782 1640 legumlatores
801 1561 978 1620 confirmare
998 1559 1173 1640 oportebat:
1197 1559 1228 1618 id

95 1644 159 1729 quod
172 1662 227 1700 non
244 1641 323 1700 lecit
345 1645 437 1717 lure,
457 1645 540 1722 quod
558 1663 592 1702 ea
611 1644 659 1703 lex
675 1658 809 1704 veterem
828 1646 927 1728 legem
946 1646 1075 1718 violarit,
1095 1668 1152 1724 qua
1170 1667 1228 1726 po·
1263 1717 1265 1721 Ι

93 1731 145 1814 pali
159 1725 326 1789 donationes
344 1739 427 1787 ratae
446 1748 512 1786 esse
530 1728 700 1801 iubeantur.
735 1731 819 1791 Haec
837 1731 932 1812 igitur
949 1730 999 1810 lex*
1014 1730 1059 1789 illi
1078 1731 1228 1791 contraria
1263 1748 1266 1753 ·
1304 1759 1307 1765 ·

92 1830 139 1890 est,
151 1834 206 1875 cun
222 1811 270 1871 illa
289 1811 498 1900 iubeatquae
518 1814 596 1873 dona
614 1816 746 1897 populus
765 1817 891 1889 dederit,
909 1829 972 1876 rata
991 1836 1073 1875 esse:
1091 1815 1165 1875 baec
1184 1836 1228 1888 ea,

86 1910 156 1983 qua'e
169 1900 223 1960 lata
241 1909 322 1972 suut,
340 1898 505 1983 rieripere
525 1899 652 1975 studeat.
687 1903 771 1960 lusto
791 1900 833 1960 sic
850 1901 963 1985 utitur:
989 1923 1055 1959 nou
1072 1901 1227 1981 eripienda

46 1992 53 2001 '
92 2008 147 2049 esse
160 1986 226 2044 dona
242 1982 320 2042 bene
339 1984 462 2044 ureritis.
480 1984 556 2044 Utili
573 2006 665 2066 porro
683 1985 828 2045 trifariam
847 1986 962 2045 nititur.
979 1985 1114 2044 Primum
1133 1985 1227 2044 inuti-

91 2075 124 2147 le,
137 2064 329 2152 inquiqtobis
347 2070 484 2131 futurum
503 2083 558 2142 e'st,
577 2070 603 2130 si
620 2070 787 2152 patiemini,
806 2068 1018 2131 benemeritis
1037 2071 1117 2129 alona
1136 2069 1228 2151 eripi-t

67 2194 76 2231 ;
92 2178 171 2238 neque
192 2154 267 2213 enim
294 2155 420 2234 posthac
443 2156 566 2214 Leucon
592 2158 765 2238 ellosporo
791 2157 978 2215 frumentum
1003 2154 1227 2215 robismittet.

91 2239 303 2321 Deinle'inutile
324 2239 390 2315 erit,
410 2241 482 2320 quia
497 2259 587 2300 nemo
607 2241 684 2302 benc
700 2244 737 2301 tle
751 2241 906 2323 republica
922 2241 1032 2301 mereri
1046 2241 1138 2313 volet,
1156 2252 1229 2310 cum
1314 2253 1317 2257 '

75 2330 150 2390 'ahos
165 2329 235 2385 lono
253 2325 400 2405 spoliatos
417 2326 533 2386 viderit.
568 2328 727 2386 Postremo
745 2327 945 2409 ignominiam
962 2325 1123 2385 subibitisz.
1140 2324 1226 2385 ti'de'-
1279 2329 1291 2353 ³

91 2415 177 2475 brnhn
192 2432 264 2471 canu
282 2413 394 2493 ingrati
412 2406 487 2471 esse.¹
513 2413 568 2472 Est
585 2426 684 2472 autem
703 2413 777 2473 haec
796 2414 930 2472 secundo
950 2412 1019 2472 loco
1038 2410 1139 2470 habita
1158 2431 1225 2469 ora-

91 2502 210 2561 tioruam
226 2495 412 2577 Aphepsion,
430 2509 466 2556 ut
483 2503 555 2557 natu
574 2497 680 2571 maior,
698 2499 808 2579 primas
827 2499 933 2558 causae
952 2509 1052 2578 partes
1072 2496 1225 2578 egit·Le-
1257 2526 1259 2531 ·

56 2606 61 2615 ’
91 2586 171 2667 ptines
185 2583 277 2660 itaque
295 2582 456 2663 praecipue
473 2584 542 2642 utili
557 2583 691 2658 ¹nititur,
718 2606 868 2656 assereus,
897 2585 1001 2642 deesse
1027 2579 1224 2662 reipublicae,

92 2670 137 2751 qui
150 2688 254 2728 munera
273 2667 401 2729 obeant:
425 2668 675 2744 secnnrlojusto,
701 2669 801 2750 idque·
813 2690 848 2728 err
866 2668 1047 2748 aequalitate
1065 2678 1225 2748 spectatum

91 2755 252 2834 Nequaquam
272 2753 370 2826 enim,
389 2753 507 2833 inquit,
525 2754 684 2814 serendum
703 2767 765 2828 est,
783 2764 819 2813 ut
835 2752 930 2832 aliqui
947 2757 1064 2832 arrepta
1081 2750 1224 2810 immuni,

89 2852 142 2899 tate
155 2838 245 2920 opibus
257 2838 423 2911 abundent,
440 2838 625 2919 reipublicae
640 2851 750 2912 autem,
769 2838 822 2919 qui
836 2859 961 2897 munera
977 2836 1098 2909 obeam,
1117 2822 1224 2912 desint.

46 2932 49 2939 '
90 2924 144 2984 Etsi
155 2936 243 2985 autem
258 2924 372 2991 oratori
390 2925 465 3007 legis
484 2925 634 2985 accusatio
651 2925 893 3006 propositalesse
910 2923 1045 2983 videtne:
1065 2921 1144 2980 illutl
1159 2933 1226 2978 tum

90 3010 160 3070 ctiam
175 3009 285 3069 interim
303 3010 375 3092 agit,
391 3022 428 3070 ut
442 3011 530 3070 suam'
545 3030 670 3090 quoque
687 3010 786 3091 legem
799 3007 908 3070 tractet
920 3020 951 3069 et
963 3008 1130 3068 confirmet.
1147 3005 1224 3065 Nam

90 3096 142 3155 eius
155 3095 180 3153 in
191 3094 326 3178 ¹legitimo
345 3096 441 3177 capite
459 3097 653 3167 fundamenta
672 3095 743 3155 iacit
761 3117 796 3155 ex
814 3096 940 3155 adverso
958 3092 1101 3175 legendo,
1119 3101 1150 3150 ct
1169 3109 1223 3171 op·
1247 3094 1309 3149 289

42 3232 49 3253 ,
88 3181 204 3261 porculo
213 3194 370 3261 utramque
382 3182 498 3263 legem,
517 3195 557 3254 et,
576 3193 722 3261 quantum
740 3180 870 3254 intersit,
890 3177 1089 3240 ostendendo.
1107 3176 1154 3234 h'e
1172 3197 1224 3236 ve-

87 3286 119 3324 ro
133 3264 219 3326 subito
233 3279 263 3328 rt
286 3267 539 3327 inconvenienter
562 3267 644 3349 leges
669 3265 839 3348 ingereret,
866 3286 930 3325 eam
948 3260 1136 3323 remmulto
1154 3273 1225 3321 ante
1269 3322 1272 3331 ,

88 3349 206 3411 mutarit.
246 3351 293 3412 Ac
318 3354 413 3434 prima
439 3353 561 3433 quidem
588 3351 734 3411 orationis
762 3351 895 3410 obiectio
919 3350 1040 3436 ridetur
1062 3347 1242 3428 aleptihe
1313 3417 1322 3427 x

89 3433 158 3509 orirh
171 3437 215 3495 sed
232 3459 336 3497 revera
355 3439 476 3498 iuventa
496 3450 542 3496 est
559 3436 595 3497 ad
607 3436 824 3496 Demosthenis
841 3435 1015 3507 utilitatem,
1032 3447 1068 3494 ut
1087 3432 1225 3492 videatur

85 3521 239 3581 adversarius
260 3523 325 3583 eius
344 3523 460 3583 sancire
480 3524 586 3604 legem.
631 3521 714 3597 Quid
734 3522 815 3581 enim
839 3518 1137 3580 vultDcmosthenis
1151 3517 1226 3586 ¹lexi'

63 3606 120 3664 ‘Ut
132 3607 203 3681 dona,
221 3629 298 3689 quae
318 3610 449 3690 populus
469 3597 643 3682 ‹ledih'rata
660 3608 736 3674 siut:
749 3628 788 3667 ea
805 3627 878 3667 vero
898 3605 951 3685 qui
970 3603 1126 3665 consecuti
1144 3615 1226 3676 sunt,
1292 3604 1297 3613 ’

83 3689 109 3753 iu
121 3690 160 3751 ius
173 3706 328 3766 vocentur,
344 3707 397 3767 ut,
416 3694 444 3753 si
460 3692 545 3775 ‹ligni
563 3693 641 3767 sint,
659 3706 801 3765 teneant,
819 3691 867 3751 siu
885 3690 1038 3751 immerito
1057 3694 1161 3750 tenere
1179 3688 1225 3747 ri-

82 3776 193 3853 deantur,
210 3779 357 3839 convictis
376 3779 552 3860 adimantur.
587 3781 654 3858 lpse
673 3776 768 3861 igitur
783 3777 926 3861 Leptines
944 3774 1161 3838 Demosthenis
1178 3775 1225 3834 le-

79 3860 134 3942 gem
147 3864 306 3925 confirmat
342 3866 419 3924 Nam
438 3866 520 3944 quod
539 3863 640 3924 statim
658 3863 752 3923 initio·
767 3863 922 3944 queritur,
940 3863 1053 3923 multos
1071 3858 1224 3920 immerito

50 3958 53 3963 '
78 3967 129 4008 esse
144 3946 395 4011 donatosr'babet
411 3950 628 4010 Demosthenis
648 3951 761 4032 legem,
780 3949 923 4031 indignos
943 3951 1159 4027 secerneritem
1178 3944 1224 4004 tt-

78 4054 124 4112 qne
139 4056 190 4116 per
205 4035 307 4096 omnia
326 4058 462 4116 sparsum
481 4047 533 4094 est
551 4036 648 4095 hlulta
667 4035 746 4094 euim
766 4056 800 4096 ea
819 4037 856 4094 ‹le
871 4057 904 4095 re
922 4035 1013 4095 rerba
1031 4031 1112 4104 facit,
1131 4030 1225 4111 idque
1290 4084 1301 4099 ,

75 4114 345 4194 commonefaciat
362 4122 476 4189 iudices
491 4116 665 4181 recitationi
677 4120 751 4203 legis
767 4116 859 4202 paulo
874 4133 945 4203 post
962 4128 1134 4178 secuturae:
1147 4114 1224 4176 Cum

72 4217 155 4266 autem
171 4207 315 4279 vidisset,
335 4210 399 4266 caru
417 4206 566 4266 rationem
584 4207 732 4288 Leptinae'
748 4228 813 4267 esse
832 4205 1069 4279 validissimam,
1083 4218 1120 4264 ut
1138 4203 1224 4264 ‹litis-

71 4289 125 4351 simi
140 4314 263 4353 munera
284 4293 410 4365 obeant,
428 4293 582 4352 neminem
602 4312 667 4351 esse
686 4305 829 4374 oportere
856 4292 1039 4369 immunem:
1065 4291 1129 4351 n‘o‘ii
1148 4284 1226 4349 lniuc
1295 4304 1298 4309 '

68 4378 157 4456 pontit
172 4378 371 4462 principalem
391 4377 607 4452 abiectionem,
625 4379 780 4449 sed-eam,
800 4360 1223 4455 ‹quaesibi'conducibilis'ct
