2722 4754
1249 172 1270 212 'S

111 158 117 173 ’
159 204 222 265 rso
317 152 321 159 ⁶
445 175 805 303 Demosthenis
832 157 1035 273 ‘on-auro

95 376 105 388 ²
160 361 229 420 data
244 358 374 440 'pecunia
392 352 606 430 tentabat,'ut,'
617 356 729 434 omisso
749 368 779 416 et
796 354 924 416 liberato
938 354 1124 436 Aristarcho,
1142 356 1332 419 Demosthess

129 484 133 491 -
160 445 192 504 ni
209 444 356 509 iudicium
375 440 717 501 caedisintentaremus.
801 440 805 453 '
995 482 999 487 ·
1190 513 1194 517 .

166 557 168 561 ⁴
185 564 199 576 ·-
245 525 328 609 Cape
346 527 421 587 mibi
438 527 495 586 iam
509 518 603 588 ¹etiam
621 526 720 606 legem
735 527 773 586 de
787 526 973 587 muneribus.
991 526 1114 585 Interim
1127 548 1211 602 vero,
1230 527 1329 588 Athe-

158 617 299 693 nienses,
316 614 388 674 dum
407 611 465 672 iste
482 610 729 695 legem-profert,
747 609 823 682 volo
837 632 930 690 pauca
949 612 1057 691 advos
1077 614 1195 673 dicere:
1217 632 1329 694 preca-

88 701 102 760 .’
158 716 207 762 tus
220 704 242 760 'a
260 698 347 760 v'obis
366 696 508 779 omnibus
525 716 581 778 per
599 696 700 754 lovem
725 707 757 753 et
775 695 865 767 deos,
890 695 1027 769 ludices,
1052 710 1088 758 ut
1106 697 1224 772 omnia,
1251 716 1330 778 quae

134 800 139 816 '
158 777 304 858 audietis,
322 783 366 844 sic
376 781 526 854 audiatis,
544 792 584 839 ut
597 800 665 838 cum
683 778 790 838 animis
808 779 915 840 vestris
934 781 1092 863 cogitetis,
1111 782 1257 863 quidnam
1276 780 1336 842 vea'·

140 866 253 932 =·st'rum
271 868 441 950 aliquis,si
459 866 530 926 'talia
547 876 821 944 perpessus-esset,
838 863 975 938 fecisset,
994 867 1171 947 quantaque
1184 867 1329 950 indigua·-

157 956 243 1016 tion'e
260 955 368 1016 saetam
380 951 445 1013 sibi
461 949 603 1010 iniuriam
620 948 829 1009 vindicandam
847 951 1032 1022 censuisset,
1053 953 1129 1034 Nam
1149 972 1209 1035 ego
1227 953 1329 1035 gravi-

157 1055 207 1103 ter
222 1037 443 1119 tuli-equidem·
465 1033 663 1095 contumelias
675 1034 713 1092 -in
731 1054 857 1095 munere
881 1035 1027 1097 obeundo
1044 1037 1120 1096 mibi
1136 1038 1247 1098 'factast
1271 1038 1333 1098 sed

73 1135 134 1194 ³50
158 1126 255 1199 multo
274 1125 364 1185 etiam
382 1120 519 1204 gravius,
537 1118 753 1192 Athenienses,
771 1136 909 1201 ea,‘quae
928 1133 1031 1183 secuta
1049 1135 1131 1198 sunt,
1148 1122 1329 1203 maioreque

95 1212 130 1275 *a
157 1235 226 1275 cum
243 1208 455 1291 indignatione
473 1204 538 1265 tuli.
575 1205 676 1281 Quem
694 1205 773 1264 enim
794 1207 919 1283 omnino
938 1207 1029 1268 finem
1050 1225 1116 1268 esse
1136 1208 1251 1269 dixeris
1269 1207 1326 1275 im„-

156 1295 316 1381 probitatis
335 1291 493 1353 autetiam
512 1302 646 1353 summae
670 1289 876 1372 impudentiae
898 1303 934 1352 et
951 1293 1136 1355 crudelitatis
1155 1286 1327 1355 et-2c'ontu-

156 1382 273 1455 rochae,
291 1378 317 1440 sl
335 1377 413 1458 quis,
431 1386 592 1457 postquam
610 1375 741 1455 aliquem
760 1376 873 1452 multis,
891 1377 1025 1451 hercule,
1042 1399 1107 1439 non
1124 1376 1261 1438 fer'endis
1278 1378 1326 1438 in-

104 1479 105 1482 ’
155 1467 242 1544 iuriis
260 1463 397 1546 agitarit,
424 1461 490 1521 illas
508 1462 584 1521 adeo
603 1468 667 1520 non
692 1463 834 1522 emendet
850 1471 1042 1545 mutatasqn'e
1058 1464 1147 1537 velit,
1172 1476 1219 1524 ut
1227 1463 1328 1524 multo

156 1553 246 1613 etiam
264 1547 412 1610 atrociora
429 1547 555 1628 insuper
572 1546 729 1629 designet,
753 1567 816 1608 nec·
826 1548 936 1629 opibus
954 1548 992 1609 ad
1011 1568 1045 1608 ea
1062 1562 1187 1623 utatur,
1211 1547 1327 1629 quibus

72 1641 76 1647 “
116 1669 124 1678 ·
155 1634 226 1698 si'ne‘
240 1634 426 1714 cuiusquam
435 1631 715 1717 olfensa'suisip'se
739 1633 907 1693 commodis
926 1636 1094 1709 consultat,
1119 1635 1326 1695 sed-adcon·

154 1721 245 1795 traria
257 1719 362 1802 magis,
379 1718 435 1799 pe'r
453 1739 540 1798 quae,
557 1717 661 1796 aliquo
679 1717 797 1797 iniuste
811 1718 908 1779 eiecto
927 1714 1165 1791 etcontumeliis
1185 1730 1326 1794 onerato,

42 1830 64 1887 J,
135 1805 250 1888 'copiis
269 1817 300 1865 et
317 1794 500 1866 abundantia
519 1801 688 1885 divitiarum
706 1801 771 1884 ipse
789 1803 895 1865 beatus
917 1804 1076 1866 videatur?
1111 1799 1327 1877 Haec-antem,

154 1890 374 1962 Athenienses,
397 1889 454 1948 iste
472 1889 507 1948 in
521 1907 570 1946 me
590 1886 696 1947 omnia·
715 1887 900 1970 designavit:
927 1911 1016 1969 quem
1037 1902 1066 1951 et
1090 1889 1328 1957 falso-'crimine

105 2018 108 2023 «
154 1977 357 2038 caedis-reum
374 1974 464 2050 fecit,
483 1973 566 2055 quod
584 1971 616 2030 in
634 1992 683 2031 me
701 1992 764 2033 non
784 1973 924 2047 cadebat,
941 1987 1042 2035 utres
1060 1975 1125 2057 ipsa
1143 1974 1328 2035 declararit:

81 2078 86 2085 ·
155 2074 185 2122 et
202 2056 553 2138 desertommordinum
571 2058 730 2139 accusavit,
747 2057 845 2118 tribus
864 2058 928 2139 ipse
948 2060 1106 2121 ordinibus
1128 2060 1278 2121 desertisa
1295 2072 1329 2120 et

151 2166 253 2206 rerum
269 2143 474 2204 Euboicarum
491 2142 574 2226 (nam
592 2142 652 2203 hoc
668 2163 764 2225 paene
783 2141 966 2227 omisissem)
983 2165 999 2205 a
1015 2144 1330 2228 Plutarcbo'bospite

152 2244 243 2312 atque
261 2229 359 2290 amico
377 2250 433 2289 suo
451 2239 605 2311 gestaru-m
623 2227 740 2308 culpam
755 2226 850 2288 inme
867 2230 1029 2290 transferre
1048 2242 1173 2292 conatus
1194 2243 1253 2303 est,
1271 2250 1328 2289 an-

107 2340 131 2376 a
148 2330 274 2396 ,tequam
292 2320 446 2375 con‘starct
462 2314 543 2372 inter
561 2332 683 2384 omnes,
700 2313 896 2393 Plutarchum
912 2327 1067 2376 auctorem
1087 2336 1169 2377 esse:
1188 2315 1329 2394 denique

67 2400 69 2405 ’
153 2400 349 2474 cumeortito
377 2398 452 2458 mtht
478 2397 647 2457 senatorius
676 2398 753 2458 ordo
770 2399 995 2463 decerneretur
1022 2414 1053 2461 et
1070 2401 1108 2461 de
1126 2421 1178 2460 me
1195 2411 1332 2463 censure

63 2487 66 2494 '
102 2523 104 2531 ι
151 2487 255 2560 ficret,
279 2483 430 2560 accusavit
446 2483 520 2557 ita,
535 2495 568 2542 ut
585 2483 618 2541 in
635 2502 765 2543 summas
778 2484 935 2567 angustias
953 2480 1119 2569 redigeret:
1159 2485 1240 2546 Nam
1259 2506 1323 2546 non

71 2601 73 2606 .
150 2570 244 2630 modo
263 2582 379 2630 atroces
398 2568 522 2628 iniurias
547 2564 738 2641 mihijfactals
762 2568 868 2628 'ulcisci
889 2590 955 2630 non
974 2571 1099 2632 licebat:
1126 2572 1181 2632 sed
1200 2571 1323 2653 pericn-

126 2716 131 2725 ,
151 2657 214 2716 lum
233 2655 323 2714 etiam
342 2666 422 2727 erat,
447 2652 673 2714 ne'alienorum
691 2651 846 2717 ‘scelerum
866 2675 980 2734 poenas
1000 2657 1108 2718 darem.
1144 2658 1322 2732 Quaestum

150 2761 209 2825 ego
226 2739 355 2812 serrem,
374 2750 404 2798 et
421 2737 499 2813 huc,
517 2758 579 2818 quo
597 2757 762 2812 recenseo,
786 2740 882 2799 modo
891 2740 1044 2824 agitarer,
1063 2733 1247 2823 quamquam
1264 2762 1322 2802 nee

150 2823 287 2886 omnium
306 2822 539 2897 desertissimus,
557 2843 657 2905 neque
675 2824 765 2883 nimis
784 2845 900 2907 pauper
917 2823 1007 2906 atque
1017 2827 1117 2908 inops,
1135 2826 1211 2906 quid
1229 2844 1324 2910 ageret

149 2909 287 2983 debeam,
303 2908 525 2983 Athenienses,
544 2928 607 2991 non
623 2909 757 2971 invenio.
802 2909 834 2969 Si
854 2911 927 2990 quid
946 2911 1033 2971 enim'
1046 2912 1137 2973 etiarn
1155 2911 1212 2971 hac
1229 2912 1267 2972 de
1285 2930 1318 2972 re

148 2995 207 3055 iarn
227 2993 390 3055 dicendum
409 3005 469 3054 est:
494 3013 558 3073 uon
575 2995 640 3074 pari
658 3015 817 3075 aequoque
836 2995 919 3069 iure,
935 2996 1160 3071 Athenienses,
1186 2995 1318 3056 ricinum

148 3082 216 3140 eum
234 3079 388 3160 opulentis
407 3099 463 3139 nos
480 3079 654 3153 tenuiores,
681 3100 744 3139 non
761 3080 908 3154 vivimus,
932 3101 1012 3141 nou:
1035 3083 1138 3147 sedet
1155 3080 1319 3143 dilationes

147 3164 274 3226 sistendi
291 3184 324 3225 se
342 3163 474 3237 iudicio,
501 3168 573 3244 qhas
591 3163 650 3245 ipsi
668 3165 790 3238 volunt,
817 3166 859 3226 eis
886 3166 1113 3240 conceduntur,
1139 3180 1171 3227 et
1187 3165 1321 3227 iniuriae

136 3249 276 3332 ‚istorum
304 3248 460 3310 obsoletae
480 3249 545 3308 'iam
565 3261 596 3319 et
618 3248 746 3331 frigidae
770 3250 879 3312 advos
906 3252 1189 3333 perveniuntznos
1214 3263 1326 3312 autern·

145 3333 435 3416 reliquumsvulgus,
452 3324 479 3392 si
497 3334 570 3414 quid
586 3335 728 3416 contigit,
745 3335 920 3396 recentibus
938 3335 1037 3397 adbuc
1051 3337 1173 3398 debetis
1188 3356 1221 3397 rn
1233 3335 1319 3397 rudi·

146 3417 226 3479 cium
244 3418 441 3493 adducimur,
461 3431 602 3479 et'testes
620 3419 684 3478 istis
704 3419 736 3478 in
750 3426 876 3501 promtu
895 3435 984 3495 sunt,
1001 3434 1033 3482 et
1050 3421 1188 3495 advocati
1202 3432 1320 3482 omnes

145 3502 278 3587 expediti
295 3515 401 3565 contra
418 3524 483 3564 nos.
512 3504 589 3562 Mihi
607 3524 680 3564 vero
696 3525 756 3565 uec
773 3525 842 3566 vera
860 3506 966 3566 testari
983 3507 1228 3587 vellequosdanr
1247 3511 1336 3574 cen,

143 3586 223 3649 aitis
248 3588 288 3647 Et
304 3587 379 3648 baec
397 3590 519 3670 quidem
539 3578 607 3648 cum'
624 3589 763 3674 lacrymis
782 3590 892 3652 dixerit
909 3591 1030 3670 aliquis,
1049 3593 1167 3674 opinor.
1186 3590 1255 3652 ‘Sed
1272 3591 1319 3653 le-

38 3721 48 3731 c
143 3671 305 3755 gemsmihi
322 3674 425 3749 recita,
444 3675 700 3754 quemadmodum
719 3695 883 3760 coeperam.
919 3677 1032 3738 Recita.

635 3811 784 3867 ,nom
844 3849 848 3856 .

127 3975 130 3979 .
200 3923 261 3986 ‘Si
279 3927 347 4006 quis
365 3927 599 3991 Atheniensium
618 3930 656 3991 ab
683 3931 786 4012 aliquo
805 3934 971 4015 acceperit,
998 3948 1052 3995 aut
1068 3929 1317 4017 ipse‘alteride-

57 4026 116 4085 351
143 4008 316 4110 derit,··aut
330 4014 485 4115 «pollicitis
501 4015 628 4114 ,alipuos
652 4018 826 4113 corruperit
842 4019 880 4078 ad
903 4019 1076 4080 nocendum
1102 4020 1240 4104 populo,
1269 4033 1318 4081 at·

134 4115 202 4175 -que
217 4105 316 4183 ettam,
332 4119 361 4167 ,su
373 4100 454 4179 adem
468 4119 523 4181 per
536 4120 632 4160 civem
645 4100 777 4182 aliquem
793 4103 885 4163 modo
898 4104 1161 4167 machinationeve
1175 4126 1317 4185 quaeun-

71 4230 76 4236 .
118 4184 120 4187 ’
140 4199 205 4326 32⁸,
217 4178 340 4327 {interita
357 4183 581 4268 ignominiosus
600 4186 766 4262 est031tum
777 4184 865 4268 ipse,
876 4200 944 4249 turn
960 4188 1061 4265 liberi,
1079 4201 1145 4252 tuna
1164 4189 1317 4272 quicquid

47 4326 58 4379 j
89 4397 96 4405 .
147 4348 155 4363 '
208 4352 283 4413 ‘ls'te
302 4364 403 4449 autem
427 4327 489 4417 tam
508 4367 554 4447 est
571 4354 664 4417 bomo
690 4355 801 4443 impius
820 4371 852 4420 et
874 4357 1025 4441 pollutus,
1050 4342 1086 4422 nt
1102 4330 1170 4422 tum
1198 4359 1316 4435 dicere,
