2722 4754
328 264 597 331 anvrnsus
631 211 981 374 rinocn'arsu.
1175 255 1238 325 'asa
1289 230 1292 235 ’

60 422 166 485 voluit
182 441 248 482 esse
272 420 502 496 auctoritatem,
528 390 560 482 et
577 416 724 500 quicquid
741 439 777 480 ea
794 419 1019 495 decrevissent,
1044 416 1077 480 id
1096 409 1238 479 damnato

71 526 137 570 esse
146 507 391 590 perpetiendum.
408 507 448 569 Et
462 506 504 569 ob
519 505 580 569 lroc
593 505 693 592 ipsum
705 503 792 567 uobis
805 505 1010 571 Heliastarum
1027 502 1251 585 iusiurandum*

76 594 250 657 recitabitur.
283 594 365 676 Lege
382 605 425 656 tu.
1055 586 1067 599 ⁷

323 739 629 801 tusruustenurt
671 704 1007 815 tarsnrasrlnurt.¹
1037 778 1040 786 .

153 832 363 913 Pronuntiabo
387 848 556 908 secundum
573 848 658 931 leges
678 857 709 912 et
727 846 851 908 decreta·
864 844 973 928 populi
990 844 1189 908 Atheniensis
1207 857 1240 913 ct
1290 922 1294 928 .

76 948 188 998 senatus
197 934 454 1017 Quingentorum.
472 935 498 992 T
497 933 678 1018 yrannidem
691 951 776 1007 vero,
791 944 844 995 aut
858 952 1024 1014 paucorum
1039 931 1239 1006 dominatum,
1328 942 1331 947 '

24 1094 31 1105 x
74 1014 135 1082 mea
152 1019 303 1082 sententia
322 1039 385 1079 non
412 1019 634 1099 comprobabo:
659 1037 780 1098 neque,
804 1017 830 1078 si
849 1017 916 1098 quis
941 1016 1049 1099 populi
1066 1004 1239 1078 Atbenien-

32 1168 37 1177 ,
69 1107 108 1168 sis
128 1106 297 1167 libertatem
317 1104 503 1185 oppresserit
520 1116 572 1166 aut
590 1105 752 1186 quicquam
771 1115 877 1165 contra
894 1101 970 1164 hacc
988 1101 1098 1165 dixerit
1114 1113 1168 1162 aut
1185 1100 1240 1162 de·
1280 1178 1286 1188 ι

69 1192 214 1266 creverit,
232 1190 411 1251 concedam:
437 1209 537 1271 neque
556 1209 649 1252 novas
667 1189 784 1251 tabulas
802 1187 960 1269 privatim,
976 1208 1078 1269 neque
1096 1208 1113 1248 a
1151 1206 1239 1247 orum
1308 1222 1311 1228 -

65 1276 304 1338 Atheniensium
319 1274 511 1349 divisionem,
529 1295 586 1335 nec
597 1275 736 1336 aedium:
753 1293 856 1353 neque
874 1274 992 1333 exsules
1003 1208 1167 1347 redonabit,
1183 1291 1240 1333 ne·

67 1381 129 1445 que
147 1361 253 1444 capitis
273 1362 445 1423 damnatos:
469 1381 569 1440 neque
588 1365 659 1434 eds,
677 1358 732 1439 qui
749 1369 887 1434 manent,
905 1358 1052 1439 expellam
1071 1371 1177 1420 contra
1193 1356 1240 1418 le-

65 1468 124 1533 ges
138 1448 276 1528 receptas
296 1459 327 1507 et
344 1444 465 1506 decreta
489 1444 599 1527 populi
615 1443 814 1505 Atheniensis
832 1456 865 1504 et
881 1456 1021 1518 senatus,
1045 1463 1146 1525 neque
1164 1462 1241 1527 ego-

62 1545 132 1594 met
148 1532 224 1615 ipsc,
242 1550 343 1612 neque
361 1530 454 1591 alium
472 1532 582 1591 sinam:
602 1550 702 1611 neque
720 1528 929 1612 magistratum
948 1526 1069 1605 creabo,
1085 1541 1120 1590 ut
1138 1529 1164 1590 is
1181 1529 1241 1589 im-

62 1631 167 1701 peret,
183 1630 346 1697 antequam
365 1616 402 1676 de
421 1615 481 1676 alio
500 1628 588 1700 gesto
606 1617 784 1699 magistratu
801 1615 936 1677 rationes
954 1614 1105 1690 retulerit,
1123 1613 1187 1675 sive
1199 1613 1241 1677 sit

59 1701 238 1783 novensis,
256 1701 320 1763 sire
337 1701 494 1782 pontifex,
509 1702 575 1762 'sive
594 1701 770 1783 quicunque
783 1721 853 1763 cum
864 1701 1047 1764 novemviris
1066 1699 1175 1761 eodem
1190 1699 1261 1761 dicv

62 1801 218 1863 creantur,
231 1787 299 1849 sive
317 1806 439 1875 praeco,
456 1787 519 1848 sive
536 1786 665 1871 legatus,
682 1787 747 1849 sive
765 1806 913 1850 assessore
931 1780 1032 1870 neque
1044 1785 1090 1848 bis
1107 1786 1237 1847 eundem

64 1872 276 1959 magistratum
298 1874 435 1934 eundem
452 1871 567 1948 virum,
591 1894 693 1955 neque
710 1874 800 1935 binos
825 1875 1018 1957 magistratus
1035 1872 1168 1934 eundern
1185 1890 1241 1955 ge·
1302 1877 1320 1952 ᾗ

63 1981 143 2021 rore
159 1958 252 2022 sinam
270 1959 379 2021 eodem
404 1979 501 2019 anno:
528 1978 586 2020 nec
610 1958 753 2041 accipiam
779 1979 905 2020 munera
929 1970 1057 2040 propter
1072 1956 1241 2032 Heliaeam,

61 2044 120 2105 vel
136 2045 202 2127 ipse
219 2064 294 2127 ego,
320 2044 369 2105 vel
395 2044 554 2125 quisquam
577 2044 660 2105 alius.
677 2044 774 2118 mihi,
793 2044 843 2107 vel
860 2042 912 2105 alii
936 2062 985 2104 me
1009 2042 1150 2116 conscio,
1173 2059 1240 2102 non

59 2128 194 2206 fraude,
217 2150 284 2191 non
298 2128 523 2190 machinatione
541 2129 617 2190 ulla:
643 2142 674 2191 et
691 2142 779 2192 natus
793 2149 865 2191 sum
879 2149 979 2190 annos
998 2124 1240 2209 nou'paueiores

60 2213 209 2298 triginta:
228 2228 258 2276 et
274 2215 394 2277 audiam
410 2212 477 2276 turn
494 2227 717 2291 accusatorem,
733 2228 802 2276 tum
816 2234 923 2289 reum,
940 2208 1039 2294 aequo
1057 2213 1159 2299 animo
1173 2232 1236 2272 am·
1260 2218 1325 2280 475

61 2300 140 2362 bos:
159 2314 193 2361 et
209 2301 392 2362 sententiam
410 2300 448 2361 de
466 2320 505 2362 eo
522 2301 635 2375 seram,
653 2301 738 2381 quod
757 2313 804 2362 est
819 2300 852 2359 in
870 2296 1078 2361 controversia
1095 2297 1237 2376 positum.

61 2384 188 2447 Adiuro
208 2388 321 2460 lovem,
339 2386 526 2467 Neptunum,
545 2382 699 2458 Cererem,
717 2393 748 2469 et
766 2383 832 2464 ipse
849 2381 925 2442 mibi
944 2380 1069 2441 exitium
1087 2380 1240 2462 imprecor

64 2484 99 2533 et
110 2470 245 2545 familiae
262 2492 357 2544 meae,
375 2467 489 2549 siquid
506 2469 618 2531 borum
634 2468 800 2554 neglexero
815 2479 846 2528 et
860 2466 993 2528 violare:
1012 2465 1059 2527 sin
1077 2465 1159 2529 bona
1175 2465 1239 2528 tide

63 2555 261 2638 praestitero,
277 2555 429 2636 praeclara
447 2554 523 2614 mibi
541 2568 573 2616 et
589 2555 671 2617 bona
687 2555 783 2616 multa
801 2553 949 2615 eveniant

152 2639 214 2702 Hic
232 2660 305 2713 sero
323 2661 388 2702 non
404 2641 495 2714 inest,
512 2640 645 2702 ludices:
673 2640 788 2721 Neque,
799 2638 928 2699 vinciam
950 2638 1055 2699 ullum
1067 2635 1240 2698 Athenien-

68 2725 156 2789 sium.
191 2718 269 2787 Nam
285 2724 399 2787 iudicia
416 2738 503 2800 sunt,
522 2746 600 2807 quae
618 2746 730 2787 omnes·
742 2745 845 2786 causas
862 2723 1013 2784 iudicent:
1035 2733 1067 2782 et
1084 2722 1240 2803 trispoee
1258 2766 1261 2771 «

22 2804 29 2813 ’
69 2825 132 2875 stas
150 2811 253 2885 datur,
278 2823 309 2872 ct
326 2810 445 2873 vincula
464 2824 496 2872 et
513 2811 648 2892 quernus
666 2811 755 2872 aliam
772 2809 915 2871 mulctam
932 2806 1100 2891 infligendi
1133 2807 1240 2867 Licere

10 2941 12 2946 -
67 2892 165 2981 igitur
181 2894 269 2959 robis
295 2896 438 2957 damnare
454 2896 601 2970 vinculis,
627 2916 683 2978 per
700 2897 775 2957 baec
797 2894 946 2956 ostendo:
970 2914 1020 2954 res
1038 2906 1139 2954 autem
1157 2890 1239 2961 iudi·

67 2994 149 3044 catas
165 2982 353 3057 rescindere,
370 2995 402 3043 et
417 2980 557 3062 iniquum
576 2995 607 3042 et
623 2981 708 3043 neias
726 3000 804 3056 esse,
822 2991 854 3040 et
866 2993 961 3041 status
980 2979 1135 3061 popularis
1154 2998 1240 3039 erer-

67 3066 207 3143 sionem,
233 3067 315 3129 inter
331 3087 437 3128 omnes
456 3078 595 3128 constare
613 3068 731 3148 opinor.
773 3065 985 3127 Nostra'enim
1001 3063 1093 3138 urbs,
1112 3063 1241 3138 ludices,

65 3152 192 3237 legibus
210 3165 242 3214 et
260 3153 389 3214 decretis
406 3152 532 3234 regitur.
566 3152 600 3213 Si
618 3152 686 3232 quis
705 3164 807 3212 autem
826 3169 884 3225 ea,
897 3164 975 3231 quae
992 3149 1140 3233 suffragio
1158 3147 1240 3209 indi-

71 3250 239 3311 censurat,
256 3258 335 3299 nova
352 3238 420 3321 lege
438 3238 601 3320 abrogarit,
620 3237 673 3317 qui
686 3236 755 3297 finis
772 3235 963 3317 reperietur?
979 3238 1042 3296 Lex
1059 3255 1094 3296 ea
1112 3234 1241 3295 dicenda

67 3323 174 3407 potins
193 3322 262 3397 erit,
280 3344 318 3384 an
335 3323 438 3407 legum
455 3321 618 3383 interitus?
635 3322 751 3384 Annon
767 3320 977 3405 gravissimum
994 3320 1178 3401 supplicium
1193 3331 1242 3380 ta-

68 3408 107 3477 lis
123 3407 285 3492 legislator
302 3408 456 3470 meretur?
472 3408 667 3491 Extremum,
684 3428 751 3468 mea
768 3404 893 3488 quidem
910 3407 1072 3488 opinione:
1082 3418 1155 3466 ¹no'n
1173 3424 1241 3464 mo-

72 3494 121 3555 do
131 3490 313 3575 quod'banc
330 3494 430 3577 legem
448 3492 536 3566 tulit,
570 3488 624 3554 sed
643 3494 713 3574 quia
730 3492 809 3556 viam
827 3491 969 3562 ostendit,
979 3491 1045 3561 aliis
1063 3504 1095 3553 et
1111 3488 1243 3552 tollendi
1293 3532 1297 3537 -

69 3577 193 3654 indicia,
211 3591 243 3640 et
253 3580 369 3655 exsules
378 3577 552 3652 revocandi,
567 3591 598 3640 et
606 3578 791 3640 atrocissima
801 3597 940 3658 quaeque
948 3575 1140 3638 conficiendi.
1156 3566 1245 3653 Quid

68 3663 153 3726 enim
179 3663 340 3747 probibet,
366 3664 500 3737 ludices,
525 3664 551 3723 si
576 3684 658 3725 nunc
680 3665 739 3725 iste
761 3662 959 3745 triumphans,
976 3658 1243 3735 discesserit,·tali
1275 3670 1278 3675 '

69 3748 139 3835 lege
156 3751 291 3832 perlata,
317 3769 379 3829 quo
397 3749 498 3809 minus
515 3748 592 3810 alius
610 3750 780 3823 exoriatur,
799 3749 852 3829 qui
869 3770 1023 3809 summum
1038 3746 1164 3828 aliquod
1179 3742 1243 3806 rei'·

68 3833 213 3917 publicae
237 3834 422 3917 praesidium
440 3855 518 3917 nova
534 3832 604 3917 lege
622 3834 824 3896 demoliatur?
858 3834 1010 3915 Equidem
1027 3832 1141 3916 opinor
1155 3830 1243 3893 nibil.

68 3919 234 4001 Siquidem
251 3919 363 3994 audio,
393 3920 477 4002 prius
502 3919 592 3978 etiam
616 3920 660 3981 sic
676 3918 855 4003 popularem
872 3930 983 3981 statum
1001 3918 1096 3980 fuisse
1114 3936 1242 4000 oppret-

69 4026 157 4081 sum,
184 4005 403 4086 cumprimum
420 3990 598 4065 violatarum
622 4004 726 4089 legum
749 4006 958 4067 accusationes
976 4003 1112 4066 sublatae
1130 4012 1244 4079 essent,
1273 4052 1275 4057 .

69 4102 103 4151 et
119 4103 259 4172 peremta
276 4090 460 4151 iudiciorum
477 4089 648 4161 auctoritas.
671 4090 820 4165 Fortassis
836 4105 938 4155 autem
955 4089 1065 4172 aliquis
1084 4088 1244 4163 obiecerit,
1326 4134 1332 4151 .

68 4194 139 4249 me,
175 4175 316 4235 dissimili
340 4174 452 4236 horum
473 4187 506 4235 et
522 4175 646 4253 illorum
663 4189 837 4259 temporum
854 4190 952 4252 statu,
987 4178 1026 4237 de
1043 4176 1243 4258 oppressione

68 4259 222 4322 libertatis
241 4259 336 4341 loqui
378 4259 491 4341 Atqui,
509 4260 651 4337 ludices,
672 4263 764 4323 etiam
781 4262 887 4323 talium
904 4282 1007 4322 rerum
1025 4262 1139 4323 semina
1157 4258 1263 4345 epar-⁶

68 4362 144 4431 gere
162 4345 197 4408 in
213 4344 370 4427 republica
387 4366 479 4407 nemo
496 4346 607 4421 debet,
641 4349 699 4409 etsi
716 4364 873 4429 nunqnam
898 4347 1051 4413 exoritura
1075 4348 1154 4409 sint:
1188 4342 1244 4406 sed
1294 4352 1316 4387 ·'

68 4430 214 4516 quisquis
237 4429 299 4493 tale
321 4430 483 4514 quicquam
499 4431 548 4495 vel
566 4432 669 4497 dicere
685 4433 735 4496 iel
749 4452 841 4516 agere
858 4432 1051 4519 instituerit,
1069 4420 1245 4517 puniendus

882 4527 1054 4598 “2‘3
