2722 4754
139 183 188 267 ιιι,
230 184 255 243 ·,
307 249 310 254 .
352 251 362 269 N
410 150 1017 285 ,nunusrue‘uuoaarro
1074 129 1088 139 ’

141 332 241 392 clarus
259 330 421 390 et‘iustus:
439 348 541 407 quem,
558 322 584 387 si
602 346 684 388 nnnc
702 323 892 408 quaeremus,
909 348 948 388 ne
965 339 1031 387 tum
1050 327 1178 406 quidem
1192 322 1315 424 pr'aesto
1348 366 1352 373 -

138 418 278 479 futurum
296 412 462 474 sentiemus
480 412 570 491 nobis
588 412 719 496 (tautum
737 412 858 490 abesse,
881 414 993 474 utiam
1012 433 1080 473 eum
1099 411 1255 473 inventuri
1274 408 1314 470 si

141 500 239 585 mus)
264 499 318 560 sin
330 496 546 577 omiserimus,
570 510 690 580 praesto
716 496 836 559 futurus
863 512 915 575 est.
958 497 1047 573 Quis
1053 497 1157 586 igitur
1178 494 1239 556 ille
1259 506 1351 573 epta

140 587 212 671 qui,
236 607 308 669 cum
325 604 409 643 nunc
425 586 495 643 nou
506 583 600 658 adsit,
623 596 690 645 tum
707 582 739 643 in
757 596 879 664 promtu
902 574 1023 643 futurus
1041 578 1124 646 est?
1142 579 1219 643 Nam
1237 583 1315 642 istae

78 711 101 723 =-
132 670 244 757 'nescio
263 664 350 749 quau
358 688 425 729 esse
444 669 583 752 ambages
600 668 749 728 videntur.
776 668 844 752 ligo
862 668 966 728 dicam
991 656 1129 742 Videtis,
1137 667 1315 729 Athenien·

141 776 214 834 ses,
221 767 321 816 totam
338 754 416 819 hunc
432 754 563 818 urbem?
597 754 632 813 ln
651 751 707 813 hac
724 754 852 834 pecunia
870 753 968 828 inest,
990 767 1096 854 parum
1115 755 1218 827 abest,
1237 751 1317 844 quin
1338 801 1341 805 .

86 886 88 891 -
142 842 257 915 dicam,
294 862 371 942 quae
397 861 465 899 cum
492 839 577 905 omni
591 836 726 919 aliarum
750 839 872 898 urbium
893 840 1024 941 pecunia
1049 840 1181 900 conferri
1208 826 1317 919 possit.

29 928 35 993 ,“
70 940 74 952 “
131 916 232 1008 'quam
250 948 304 1006 qur
295 925 497 1007 possident,
524 945 560 985 eo
580 923 682 983 animo
699 937 787 998 sunt,
805 937 857 998 ut,
875 925 903 985 si
920 945 1026 986 omues
1045 936 1180 985 oratores
1200 945 1262 983 eos
1273 922 1314 999 ita

55 1093 58 1096 .
141 1024 310 1088 terrerent,
327 1022 489 1071 venturum
508 1029 573 1069 esse
591 1008 725 1090 Regem,
743 1010 864 1108 adesse,
886 1030 950 1070 non
968 994 1070 1070 aliter
1072 1029 1162 1091 posse
1167 1009 1265 1079 fieri,
1284 1019 1316 1068 et
1346 1004 1350 1010 ’

140 1118 202 1159 unu
221 1119 290 1158 cnm
308 1095 479 1160 oratoribus
493 1094 546 1154 alii
557 1094 687 1154 totidem
704 1093 961 1155 vaticinarunturt
975 1108 1038 1155 non
1054 1096 1146 1155 modo
1160 1115 1224 1154 non
1239 1110 1313 1152 con-

65 1246 69 1253 ,
142 1184 274 1277 ferrent,
299 1181 353 1245 sed
370 1199 428 1240 nec
449 1181 691 1266 puolerrentaut
707 1179 877 1241 faterentur
893 1201 926 1241 se
944 1180 1063 1240 habere.
1097 1180 1142 1240 Aa
1159 1177 1313 1243 siverbo-

78 1333 83 1338 ,
142 1272 211 1330 rum
227 1280 361 1327 terrores
378 1265 454 1328 istos
473 1267 509 1338 ad
526 1286 591 1335 rem
610 1264 743 1325 conferri
760 1266 912 1327 viderent:
932 1285 1030 1326 nemo
1049 1266 1089 1325 ita
1106 1265 1237 1326 stolidus
1258 1276 1314 1338 est,

14 1349 23 1364 ‘
65 1415 68 1419 ,
127 1354 279 1436 Ιιιιιίιιοιι
296 1349 463 1411 liberaliter
481 1350 566 1412 daret
583 1364 614 1411 et
630 1350 746 1451 primus
765 1351 923 1412 conferret
950 1350 1027 1425 Quis
1047 1344 1128 1412 eniih
1146 1347 1259 1410 malit'
1249 1368 1314 1435 ipse
1348 1386 1353 1390 -

96 1499 99 1503 .
142 1454 290 1538 unacum
307 1436 439 1497 fortunis
467 1435 608 1496 omnibus
631 1435 775 1510 interire,
801 1458 890 1516 quam
908 1448 1023 1516 partem
1051 1436 1228 1497 facultatum
1256 1440 1343 1535 ιιιοζ

143 1514 308 1610 semetipso
327 1534 358 1583 et
374 1521 501 1602 reliquis
520 1521 581 1582 suis
599 1520 698 1581 bonis
707 1521 867 1582 conferre?
903 1521 1095 1582 Pecuniam
1085 1521 1180 1605 rgitur
1196 1533 1264 1580 tum
1281 1521 1313 1580 in
1339 1561 1347 1569 -

48 1602 52 1610 ’
125 1622 274 1693 ‘promtu
282 1608 350 1667 fore
368 1608 493 1681 dico-,'
475 1628 543 1668 cum
561 1626 665 1667 revera
682 1604 776 1666 fuerit
794 1628 918 1687 opus,
912 1614 977 1666 non'
993 1607 1086 1687 prius
1120 1606 1256 1666 Proinde
1274 1624 1313 1665 ne

144 1693 347 1794 quaerendam
365 1687 490 1772 qtiidem
509 1708 627 1753 cen'seo
647 1692 819 1775 Quantum
838 1691 918 1751 enim
936 1714 1019 1752 nunc
1038 1690 1201 1774 exigeritis,
1224 1691 1250 1751 si
1267 1691 1314 1750 in·
1341 1757 1345 1761 ,

87 1814 91 1820 ³
134 1777 304 1863 ¹stitueritis
324 1777 459 1859 erigere:
477 1775 509 1838 id
526 1777 624 1877 magis
638 1777 810 1837 ridiculum
819 1776 920 1851 suerit,
939 1799 1028 1856 quam
1046 1800 1072 1838 st
1063 1776 1167 1835 nihil
1187 1775 1313 1859 omnino

145 1877 226 1926 esset
243 1876 389 1924 exactum.
422 1861 490 1945 lege
509 1862 703 1946 centesimam
716 1861 842 1931 iubebit
858 1862 987 1943 aliquis?
1013 1863 1142 1943 proinde
1161 1860 1316 1943 sexaginta

144 1951 259 2012 talenta
277 1948 364 2008 dicet
399 1947 461 2006 Sed
479 1940 773 2031 quinquagesimam
765 1946 861 2007 dicet
878 1947 1007 2027 aliquis?
1034 1948 1167 2027 duplum.
1185 1947 1316 2028 proinde

146 2048 281 2096 centum
288 2045 318 2093 et
328 2030 458 2116 viginti
493 2032 611 2112 Ecquid
636 2032 694 2092 hoc
719 2033 819 2092 estad
846 2032 993 2092 ducentos
1012 2045 1043 2092 et
1068 2032 1149 2093 mille
1174 2031 1331 2105 camelos,

146 2140 224 2201 quos
242 2117 321 2202 Regi
345 2118 520 2199 pecuniam
529 2117 640 2178 vehere
664 2117 716 2177 isti
732 2114 902 2178 dictitant?
928 2117 989 2177 Sed
1012 2139 1140 2197 ponam,
1165 2117 1245 2177 velle
1262 2137 1318 2176 vos

109 2205 286 2283 conserte
305 2201 537 2264 duodecimam?
556 2203 722 2302 quingenta
740 2202 859 2264 talenta.
894 2203 1009 2263 Verum
1027 2203 1059 2262 id
1077 2224 1130 2264 vos
1148 2223 1206 2262 nec
1224 2204 1318 2263 susti·
1338 2199 1345 2204 ’

28 2295 123 2351 119
150 2274 277 2350 nebitis:
301 2310 374 2362 nec,
392 2289 418 2349 si
436 2287 641 2362 numeretis,
649 2287 731 2347 bello
749 2309 803 2368 par
826 2286 884 2347 erit
907 2289 1043 2369 pecunia
1079 2285 1233 2348 Caetera
1223 2287 1321 2370 igitur

146 2375 234 2436 vobis
252 2386 324 2435 sunt
342 2375 555 2473 comparanda,
579 2373 712 2453 pecunia
732 2373 933 2452 relinquenda
951 2395 1034 2433 nunc
1051 2373 1113 2432 suis
1132 2371 1319 2454 possessori·

147 2461 213 2521 bus.
248 2481 397 2539 nusquam
423 2454 503 2518 euim
518 2457 706 2538 reipublicae
729 2459 968 2527 commodiuset
985 2458 1143 2518 honestius
1163 2457 1319 2519 custodie-

57 2562 62 2571 ‘
106 2558 112 2588 ²
147 2559 206 2606 tur.
241 2541 319 2604 Cum
336 2556 410 2604 'vero
427 2543 590 2604 necessitas
608 2543 662 2602 illa
676 2543 815 2616 venerit,
832 2555 914 2633 tum,
931 2544 1014 2603 ultro
1033 2543 1270 2603 conferentibus
1281 2542 1321 2601 il-

147 2631 201 2705 lis,
226 2624 399 2711 accipicirda
425 2629 489 2689 erit
522 2630 609 2689 Haec
626 2642 657 2688 et
680 2628 748 2688 fieri
770 2624 914 2708 possunt,
937 2628 1163 2703 Athenienses,
1186 2640 1217 2687 et
1234 2627 1320 2686 factu

148 2715 277 2807 honesta
301 2727 373 2774 sunt
391 2726 422 2774 et
444 2713 532 2783 utilia
550 2726 581 2774 et
605 2700 711 2796 dig'na,
738 2733 816 2795 quae
834 2714 913 2798 Regi
939 2715 976 2773 de
1000 2713 1090 2774 vobis
1116 2713 1322 2773 nuncientur.
1350 2746 1353 2751 -

149 2796 249 2881 neqne'
267 2819 323 2880 per
339 2799 414 2859 haec
431 2791 552 2859 levis
525 2820 553 2859 er
570 2800 670 2858 terror
687 2799 882 2859 incuteretur.
908 2798 972 2858 Scit
989 2799 1081 2873 enirn,
1098 2800 1227 2859 maiores
1246 2816 1322 2857 suos

54 2908 56 2917 ’
149 2884 328 2946 atrecentis
346 2883 538 2983 triremibus,
564 2904 695 2965 quarum
705 2898 766 2943 nos
786 2896 908 2944 centum
933 2884 1145 2984 praebuimus,
1163 2882 1247 2944 mille
1266 2903 1322 2961 na-

150 2992 202 3031 ves
225 2960 362 3030 subactas
385 2968 537 3028 amisisse:
563 2981 662 3048 atque
679 2966 797 3043 audiet,
819 2978 970 3041 'trecentas
992 2970 1131 3030 triremes
1155 2990 1218 3029 vos
1224 2969 1324 3069 ipsos

50 3099 54 3106 ‚
150 3053 335 3116 instruxisse.
369 3055 473 3130 Quare
490 3074 554 3113 non
568 3053 716 3126 temere,
728 3054 848 3115 tametsi
865 3035 985 3115 valde
976 3056 1123 3133 insaniet,
1146 3053 1323 3114 inimicitias

71 3150 122 3189 ‘¹3
150 3140 272 3200 nostrae
295 3124 380 3198 urbis
398 3137 457 3198 sibi
460 3137 599 3239 'putabit
619 3139 835 3233 suscipiendas.
871 3139 991 3214 Quodsi
1017 3153 1143 3221 propter
1159 3139 1322 3219 pecuniam

152 3245 182 3285 er
172 3224 282 3284 subit
293 3223 402 3283 efferri
418 3224 541 3294 animis:
566 3222 597 3284 id
616 3228 740 3303 quoque
758 3225 927 3285 subsidium
943 3238 1045 3286 vestro
1064 3226 1213 3285 infirmius
1231 3243 1322 3304 repe,-

80 3359 82 3366 .
150 3309 217 3378 ciet
253 3311 280 3369 ls
300 3309 381 3368 enim
398 3319 516 3382 aurum,
533 3308 689 3383 utaiunt,
706 3309 805 3370 vehit:
812 3311 908 3390 quod
925 3309 980 3369 ubi
999 3311 1197 3383 distribuerit,
1214 3308 1320 3389 requi-
1348 3328 1352 3333 ·

58 3410 61 3413 “
151 3407 206 3457 ret
241 3394 318 3454 Nam
336 3405 368 3452 et
383 3392 484 3453 sontes
504 3405 549 3454 et·
557 3393 642 3475 putei
667 3394 796 3454 deficere
816 3394 986 3469 solent,
961 3418 987 3455 ει
1005 3397 1072 3475 quis
1090 3417 1228 3477 magnam
1245 3390 1321 3453 inde

153 3479 271 3560 copiam
289 3473 379 3537 'simul
398 3490 428 3537 et
446 3478 552 3538 crebro
577 3479 727 3539 hauserit:
754 3480 840 3540 vobis
864 3492 964 3540 autem
988 3481 1053 3563 agri
1078 3481 1338 3550 aestimationem·

153 3585 206 3625 sex
222 3562 305 3624 mille
323 3559 471 3625 talentim
494 3564 642 3624 subsidio
639 3585 715 3624 esse
734 3565 854 3666 audiet,
879 3585 934 3645 pro
954 3565 1040 3626 cuius
1066 3567 1245 3627 defensione
1262 3586 1321 3664 pu-

70 3672 72 3677 ‘
91 3696 94 3703 ι
152 3660 298 3747 gnatnros
317 3668 382 3708 esse
400 3669 473 3722 nos,
491 3650 621 3710 maiores
640 3649 714 3724 eius,
735 3651 837 3751 quiin
856 3651 1033 3710 Marathone
1052 3651 1186 3724 fuerunt,
1206 3651 1323 3731 optime

153 3732 302 3805 troverint
336 3734 418 3793 Dum
435 3755 508 3794 vero
536 3735 713 3816 superiores
721 3736 853 3797 erimus:
878 3736 1007 3816 pecunia
1023 3737 1131 3817 utique
1150 3736 1240 3796 defici
1258 3756 1324 3795 non

152 3819 328 3900 p'oterimus
362 3816 409 3878 Ac
426 3840 465 3878 ne
483 3819 559 3880 illud
577 3821 716 3900 quidem,
729 3822 824 3921 quod
842 3818 983 3881 nonnulli
1001 3834 1175 3895 metuunt,
1168 3842 1234 3895 ne,
1253 3840 1323 3880 curn

55 3924 59 3935 ·
136 3903 321 3984 'pecuniam
314 3901 476 3977 habeat,
471 3927 600 3989 magnas
618 3905 772 4005 peregrini
763 3906 892 3966 militis
912 3907 1012 3986 copias
1032 3908 1198 3980 conducat,
1210 3926 1324 3967 verum
1345 3922 1350 3931 ‘

155 4008 220 4076 epse
238 3987 313 4047 mihi
329 3988 458 4049 ridetur
492 3991 572 4072 Ego
583 3991 664 4050 enim
682 3991 828 4065 arbitror,
854 4004 958 4052 contra
975 3989 1151 4074 Aegyptum
1170 4006 1201 4052 et
1219 3991 1323 4052 Oron-

129 4126 131 4132 ,
154 4087 216 4133 tem
241 4086 272 4134 et
295 4073 371 4133 alios
392 4073 545 4136 Barbaros
569 4077 715 4155 quosdam
740 4077 852 4136 multos
877 4077 1005 4136 fortasse
1032 4077 1219 4155 Graecorum
1244 4076 1334 4138 velle.

87 4198 93 4216 2
151 4159 235 4238 apud
252 4157 340 4218 illum
356 4178 472 4220 merere
491 4160 644 4240 stipendia
669 4159 763 4242 (non,
779 4175 823 4220 ut
840 4161 891 4220 ille
917 4162 1026 4221 horum
1049 4141 1181 4263 aliquem
1208 4162 1323 4243 capiat:

79 4268 102 4302 ·.
137 4232 209 4304 xsed
228 4244 454 4344 unusquisque,
478 4259 514 4305 ut
525 4244 642 4326 opibus
660 4245 812 4325 aliquibus
830 4247 927 4327 partis
941 4261 1070 4333 urgente
1088 4247 1191 4328 inopia
1211 4247 1322 4308 libere·

133 4315 233 4417 »ιιιι)ε
258 4331 310 4391 aed
336 4352 389 4410 qur
380 4329 554 4410 reliquam
574 4329 731 4392 Graeciam
750 4332 891 4392 inuadere
917 4330 1007 4406 velit,
1033 4326 1151 4393 nullum
1171 4334 1326 4433 Graecum
