2722 4754
49 258 98 363 J·
141 242 220 361 ,1232
299 271 319 352 s
373 272 375 278 ’
385 208 1039 385 ΜΜΜΜΜΜΜΜΜΜΜΜΜΜΜΜΜ

157 435 241 520 quqd
273 456 336 503 non
366 427 585 514 praevaricatus
603 454 702 532 pum,
738 447 813 508 aut,
844 435 927 515 quod
960 447 1133 511 accusatus,
1168 436 1355 503 absolutus

44 564 47 574 ,
139 526 240 581 suin:
272 521 332 593 sed
352 519 435 599 quod
461 517 684 578 conducibilem
703 520 792 597 etlam
812 520 921 612 legem
944 521 1002 580 tuli
1028 521 1148 604 etipsa
1169 522 1333 613 experien-

155 607 197 666 tia
212 604 452 704 comprobatam.-
489 595 612 663 Nam'
596 626 664 664 cum
687 605 783 665 totius
802 605 875 664 belli
898 598 1038 687 tempore
1058 599 1185 673 classes
1200 629 1237 668 ex
1262 628 1332 668 mea

153 687 222 774 lege
254 691 464 769 mitterentur,
500 689 601 749 nullus
635 697 772 783 unqpanl
800 691 982 750 trierarchus
1019 693 1168 777 supplex
1180 695 1260 767 fuit,
1297 705 1338 762 ut’

155 788 315 836 oneratus·
349 775 486 836 ΜΜ]]ΜΜ
474 797 509 850 ΜΜ
536 764 710 860 Munychia
726 776 820 836 sedit:
838 775 956 836 nullus
982 798 998 835 e
1026 779 1187 839 classiariis
1207 779 1341 840 vinctus

105 867 108 870 ’
155 874 216 922 est:
252 860 335 922 ΜΜ]]Μ
359 860 489 921 triremis
514 881 615 940 neque
641 861 715 921 foris
742 863 781 921 ob
813 861 985 923 tarditatem
1009 863 1101 944 periit
1131 862 1334 946 reipublicae,
1345 880 1352 891 ··

91 984 96 993 ·
154 968 256 1029 neque
275 948 359 1007 domi
382 947 487 1007 relicta
512 945 588 1019 fuit,
616 948 733 1027 quod
725 968 769 1006 1re
794 968 858 1006 non
884 963 996 1028 posset
1030 949 1077 1009 ΛΜ
1102 951 1258 1011 veteribus
1284 949 1332 1008 le·
1350 990 1357 1007 0

69 1056 70 1061 ¹
147 1024 242 1117 'gibus
262 1033 336 1092 haec
361 1034 463 1092 omnia
486 1031 614 1091 fiebant:
642 1046 672 1092 et
696 1033 727 1091 in
753 1054 840 1092 causa
866 1047 952 1105 erant
976 1056 1139 1119 pauperes,
1168 1060 1221 1116 qur
1211 1035 1358 1127 obito,

153 1139 279 1180 munera
297 1136 361 1178 non
386 1129 534 1200 poterant
556 1111 675 1177 Multis
692 1140 763 1178 sane
771 1119 945 1181 facultates
974 1123 1104 1183 deerant
1138 1123 1206 1204 Ego
1225 1122 1335 1181 autenr'

136 1229 226 1291 ‘cum
256 1227 273 1265 a
303 1197 487 1286 pauperibus
520 1202 557 1262 ad
589 1195 700 1265 divites
733 1204 954 1265 transtulissem
986 1206 1188 1273 trierarchias:
1226 1206 1340 1267 omnia.

77 1305 85 1339 '-
112 1286 211 1377 ·{;rite
237 1290 358 1351 fiebant.
402 1291 566 1352 Enimvero
590 1302 721 1370 propter
734 1289 820 1350 hoc’
810 1314 910 1371 1psum
937 1293 1025 1353 etiam
1049 1295 1168 1354 laudem
1195 1307 1330 1366 mereor,

121 1418 125 1422 -
154 1378 248 1460 quod
258 1377 359 1437 omnia
378 1377 443 1436 eius
462 1377 583 1473 generis
603 1377 705 1435 munia
723 1376 798 1435 mihi
817 1377 932 1471 delegi,
949 1380 1042 1439 unde
1051 1381 1087 1438 ad
1106 1378 1335 1460 rempublicam·

50 1494 80 1533 ς
155 1463 246 1525 simul
273 1475 304 1522 et
328 1463 425 1545 gloria
452 1475 482 1522 et
508 1460 607 1521 honos
636 1474 667 1520 et
691 1463 796 1544 copiae
821 1458 974 1523 redirent:
1004 1466 1147 1546 quodque
1174 1462 1289 1524 nihil
1279 1485 1327 1523 m-

68 1568 128 1624 168
155 1551 242 1623 vide,
268 1548 344 1607 nihil
363 1549 486 1623 acerbe,
513 1547 589 1608 nihil
613 1547 763 1608 malitiose
788 1548 887 1631 gessi,
912 1562 964 1609 aut
987 1551 1121 1625 abiecte,
1148 1563 1201 1610 aut
1220 1562 1326 1623 contra

74 1700 77 1704 Α
154 1637 238 1698 urbis
251 1634 464 1716 dignitatem.
487 1634 533 1693 ΑΜ
554 1634 684 1712 eundem
704 1650 769 1703 esse
793 1656 894 1694 meum
920 1635 1054 1696 animum
1073 1636 1227 1697 constabit
1245 1638 1284 1695 et
1292 1635 1326 1694 in

128 1715 278 1785 ‘urbanis
297 1717 608 1780 administrationibus
636 1733 666 1778 et
683 1722 715 1778 in
734 1721 921 1795 Graecorum
940 1722 1082 1804 negotiis
1114 1723 1224 1802 Neque
1244 1720 1347 1781 enim‘

113 1862 119 1881 Ι
153 1811 187 1869 ἱΜ
210 1805 366 1887 republica
388 1806 577 1887 locupletum
603 1806 728 1887 gratiam
752 1807 882 1897 praetuli
905 1807 1076 1868 defensioni
1101 1806 1327 1867 multitudiuis:

39 1886 83 1939 '³³'
152 1891 313 1979 usquein
338 1891 429 1951 rebus
456 1892 644 1951 Graecorum
669 1883 836 1973 Philippi
828 1915 953 1953 munera
979 1907 1009 1954 et
1035 1873 1203 1979 hospitium
1228 1893 1347 1974 pluris·

81 2041 90 2047 ,
151 1979 229 2057 feci,
262 1997 351 2058 quam
378 1999 555 2038 communes
584 1976 771 2037 Graecorum
799 1979 935 2038 omnium
960 1974 1112 2039 utilitates.
1157 1978 1331 2059 Reliquum

57 2080 61 2091 ¹
151 2086 234 2127 nunc
253 2084 319 2123 esse
337 2063 412 2123 mihi
430 2077 520 2145 puto,
542 2076 578 2123 ut
596 2065 634 2123 de
646 2064 831 2161 praeconio
823 2058 935 2124 dicam
951 2079 982 2125 et
998 2064 1167 2124 rationibus
1185 2065 1324 2124 referen-
1353 2071 1357 2075 ’

40 2155 68 2197 ’-
92 2182 98 2201 ν
152 2153 206 2212 dis.
241 2149 318 2209 Nam
337 2151 367 2209 et
393 2150 505 2243 optima
523 2150 631 2209 fecisse
650 2156 701 2208 rue
726 2163 756 2209 et
779 2163 928 2231 perpetuo
947 2152 1041 2216 vestri
1060 2172 1125 2216 esse
1144 2144 1323 2212 studiosum

153 2250 184 2298 et
201 2237 239 2298 ad
264 2235 342 2310 bene
368 2236 554 2295 merendum
571 2237 607 2295 de
632 2235 718 2295 vobis
737 2249 890 2325 paratum,
904 2237 982 2297 satis
1003 2259 1038 2296 ex
1056 2236 1119 2308 his,
1146 2251 1226 2316 quae
1245 2235 1357 2321 (Helas

82 2394 85 2399 ¹
152 2335 242 2396 sunt,
261 2342 343 2380 ame
363 2331 519 2381 ostensum
540 2342 604 2390 esse
624 2321 771 2382 existimo
788 2316 938 2381 Tametsi
956 2336 1095 2382 actorum
1114 2322 1150 2380 in
1165 2319 1322 2402 repeblica

140 2365 361 2486 factoiumque
377 2423 515 2469 nieorum
531 2420 646 2488 partem
665 2409 822 2466 maximam
840 2421 1014 2488 praetereo:
1032 2419 1097 2467 tum
1114 2399 1198 2487 quod
1215 2405 1322 2466 ordine

60 2545 73 2557 ,
116 2543 127 2554 ,f
151 2494 230 2554 mihi
244 2494 281 2553 ad
299 2494 478 2553 violatarum
496 2492 621 2575 legum¹
618 2492 731 2552 crimen
749 2493 997 2575 respondendum
1026 2515 1090 2553 esse
1101 2513 1247 2568 censeo,
1257 2504 1321 2550 tum

150 2581 245 2661 quod,
265 2591 308 2638 nt.
320 2580 357 2639 de
375 2568 500 2659 reliquis
519 2578 830 2639 administrationibus
848 2579 925 2638 nihil
938 2580 1049 2654 dicam,
1067 2590 1203 2638 vestrum
1220 2591 1321 2637 tamen

39 2676 40 2680 ’
59 2720 72 2728 .,
103 2732 108 2742 ‚
123 2702 126 2704 v
145 2656 287 2726 ¹omnium
299 2664 516 2724 conscientiam
529 2684 585 2744 pro
600 2685 647 2723 me
658 2665 746 2745 loqui
760 2679 843 2747 puto
862 2665 907 2725 hc
921 2666 1012 2730 verba
1025 2652 1158 2745 quidem,
1173 2684 1250 2744 quae
1263 2663 1320 2722 iste
1342 2694 1345 2699 ·

52 2751 57 2759 ’
88 2763 90 2766 ’
148 2773 276 2819 sursum
270 2763 311 2810 et
322 2751 464 2810 deorsum
475 2750 686 2830 permiscendo
699 2753 736 2811 de
751 2751 869 2812 violatis
883 2750 1175 2835 legibus'faciebat,
1166 2763 1207 2809 rta
1217 2770 1265 2808 me
1278 2748 1321 2807 dii

87 2842 92 2848 ’
112 2868 115 2873 <
149 2849 262 2912 ament,
272 2840 377 2919 neque'
383 2856 437 2896 vos
449 2835 771 2916 percepisse-arbitror,
786 2858 886 2938 neque
898 2837 962 2917 ipse
974 2837 1062 2918 potui
1074 2837 1219 2917 pleraque
1219 2826 1321 2895 intel-

121 2923 252 3015 ligere.
286 2922 472 3003 Simpliciter
490 2935 590 2981 autem
609 2935 690 2981 recta
708 2922 755 2983 via
774 2924 839 2982 de
831 2940 896 2982 rure
915 2923 1083 3005 disputabo.
1118 2923 1185 3004 Ego
1203 2932 1321 2980 tantum

121 3002 257 3068 absum
275 3007 311 3066 ab
331 3029 381 3081 eo,
396 3020 432 3066 ut
447 3007 553 3081 dicam,
570 3028 618 3066 me
636 3029 699 3066 non
718 3029 783 3068 esse
800 2999 966 3068 obnoxium
985 3007 1031 3091 (id
1038 3008 1159 3108 quod
1151 3020 1209 3066 rste
1227 3007 1320 3065 modo
1351 3047 1354 3050 ·

134 3093 280 3181 -subinde
300 3093 469 3176 exagitabat
487 3106 518 3152 et
535 3091 748 3183 inculcabat),
770 3108 806 3154 ut
829 3115 1024 3176 peromnem
1043 3095 1134 3153 vitam
1154 3091 1323 3152 obnoxium

71 3179 85 3203 ‘
151 3175 228 3241 'esse
240 3199 288 3238 me
311 3179 405 3238 fatear
428 3167 607 3238 reddendae
625 3179 737 3238 rationi
763 3200 885 3253 eorum,
912 3201 989 3259 quac
1012 3177 1246 3239 adnrlnistrarim
1269 3177 1324 3236 aut
1349 3169 1353 3183 ’

77 3273 87 3277 “’
148 3282 293 3348 gesserrm
312 3265 391 3346 apud
409 3286 477 3324 vos
504 3256 573 3326 sed
582 3276 723 3346 eorum,
717 3287 807 3345 quac
826 3267 883 3325 de
882 3287 951 3325 mco
970 3264 1139 3352 pollicitus
1143 3277 1174 3323 et
1193 3263 1321 3345 largrtus

149 3358 216 3412 sum
222 3351 368 3432 populo,
395 3340 512 3409 nullum
531 3370 579 3410 me
599 3341 678 3409 diem
698 3351 864 3418 obnoxium
884 3371 949 3410 esse
968 3351 1085 3410 affirmo
1113 3339 1230 3434 (audis,
1256 3347 1320 3407 Ae-

57 3440 60 3448 ’
140 3435 312 3519 >schine?),
338 3456 439 3515 neque
462 3420 554 3494 alium
580 3457 786 3515 quemquam,
807 3450 837 3497 et
862 3437 888 3496 si
900 3457 1023 3497 novem
1047 3437 1184 3496 virorum
1207 3431 1349 3522 aliquis.

117 3529 120 3533 ’
148 3521 251 3599 fuerit
295 3521 381 3596 Quae
401 3521 482 3582 enim
480 3521 548 3580 lex
567 3535 613 3581 est
629 3535 712 3581 tanta
731 3522 892 3603 iniquitate
911 3534 942 3580 et
959 3522 1179 3583 inhumanitate
1197 3513 1325 3592 referta,

52 3677 59 3684 ,
148 3619 185 3683 ut
202 3627 282 3680 eum,
303 3629 356 3687 qur
347 3600 496 3706 aliquid
506 3608 544 3667 de
555 3614 618 3666 suo
637 3608 762 3689 largitus
778 3621 828 3668 est
846 3622 877 3668 et
893 3608 1080 3668 humanitate
1099 3616 1190 3687 atque
1208 3604 1322 3664 libera
1351 3640 1356 3645 -

42 3696 69 3775 ς’
148 3676 234 3752 litate
251 3715 343 3765 usus,
370 3705 400 3752 ct
417 3670 516 3792 gratia
530 3693 642 3773 spoliet
661 3695 746 3759 etad
762 3695 996 3753 calumniatores
1015 3682 1173 3764 adducat,
1187 3691 1344 3770 illosque·

148 3772 318 3840 rationibus
348 3778 464 3838 alienae
495 3770 684 3838 liberalitatis
715 3779 869 3862 exigendis
901 3779 1074 3860 praeliciat?
1110 3778 1201 3838 Nulla
1230 3789 1322 3836 certe

45 3895 47 3901 ·
102 3898 105 3903 ·
147 3863 270 3940 Quodsi
289 3886 378 3951 quam
397 3864 453 3923 iste
466 3884 537 3923 esse
557 3865 615 3938 ait,
646 3865 800 3925 ostendat:
835 3865 867 3924 in
887 3886 921 3929 ea
940 3886 998 3946 ego
1017 3865 1217 3944 acquiescam
1227 3875 1259 3921 et
1277 3874 1323 3921 ta-

127 3950 233 4024 cebo.
268 3948 329 4009 Sed
342 3934 430 4008 nulla
448 3962 504 4023 est,
522 3948 733 4030 Athenienses.
768 3948 837 4011 At
828 3964 886 4012 rste
905 3950 1121 4050 calumniator,
1149 3949 1235 4028 quod
1254 3961 1348 4006 tum.

147 4035 302 4096 theatralis
327 4034 475 4116 pecuniae
493 4048 623 4109 curator,
647 4035 773 4118 largitus
793 4058 859 4096 sum
882 4034 1059 4117 pecuniam:
1084 4036 1180 4135 Num,
1208 4033 1323 4113 inquit,

148 4120 315 4207 obnoxium
333 4120 466 4181 laudavit
482 4133 611 4182 senatus
631 4142 695 4180 non
692 4120 830 4182 scilicet
856 4122 896 4180 ob
916 4140 1021 4180 eorum
1041 4120 1221 4200 quicquam,
1242 4139 1322 4198 quo-

59 4222 62 4227 ’
145 4229 216 4282 nrm
233 4206 368 4275 rationes
386 4207 563 4267 referendae
581 4206 657 4264 mihi
677 4218 777 4279 erant,
797 4207 850 4266 sed
869 4207 909 4266 ob
929 4227 980 4278 ea,
999 4228 1076 4286 quae
1094 4205 1221 4287 largitus
1243 4226 1322 4274 sum,

149 4310 174 4351 o
187 4291 394 4353 calumniator
429 4293 490 4354 Sed
510 4305 541 4352 et
558 4309 732 4365 murorum,
743 4291 868 4392 inquit,
888 4291 1072 4352 instaurator
1089 4291 1183 4350 fuisti.
1204 4288 1320 4354 ·0bEt

148 4370 235 4437 lioc
217 4395 325 4460 ipsunt
342 4391 425 4440 recte
443 4376 604 4448 laudabar,
640 4375 750 4455 quod
741 4396 905 4458 impensas·
893 4379 949 4438 de
966 4397 1036 4437 meo
1055 4399 1123 4436 suna
1140 4376 1282 4458 largitus
1289 4388 1323 4453 et

82 4514 89 4536 ,
147 4482 214 4541 non
221 4476 375 4579 expensas
393 4463 458 4528 tuli
501 4459 633 4546 Expensi
658 4461 740 4523 enini
762 4461 883 4528 tabulae
905 4462 1039 4534 rationes
1065 4475 1097 4523 et
1117 4461 1320 4541 inquisitores
