2722 4754
385 183 391 191 ·
511 100 846 228 ιιιιιιιιιιιιιι
1041 144 1058 206 ἑ·
1119 108 1129 125 ’
1143 169 1313 259 saa.

37 316 44 340 '
98 312 194 375 nisse:
226 302 306 380 Cui?
335 317 489 399 rogabunt
509 315 618 377 statim
650 317 784 378 Neaerae
809 319 968 393 nimirum,
993 318 1118 382 dicetis.
1145 322 1259 397 Quam·
1282 327 1322 383 88

96 401 233 462 obrem?
277 404 370 477 Quod
393 415 424 462 et
446 403 607 484 peregrina
620 400 687 467 civi
711 404 815 484 nupsit
839 417 943 464 contra
967 405 1084 487 legem,
1114 418 1145 466 et
1166 406 1259 466 liliam

96 487 264 546 adulteram
289 486 417 547 elo'eavit
438 487 597 567 Theogeni
622 509 725 571 regem
751 489 867 570 agenti,
899 510 975 568 quae
1001 512 1113 550 arcana
1128 495 1185 572 'pro
1209 512 1275 575 ιε-Ι

95 571 218 652 publica
242 593 328 631 sacra
346 571 452 631 feeerit
476 585 506 631 et
522 573 641 648 Baccho
666 594 744 633 uxor
761 574 827 632 data
847 573 939 637 fuerit
956 588 1163 656 caeteraque,
1175 596 1258 635 eom-

96 670 298 716 memorantes
322 655 390 717 eius
412 654 653 730 accusationem,
684 680 773 745 quam
797 658 874 717 bene
899 671 930 717 et
952 661 1128 719 memoriter
1152 672 1183 720 et
1208 681 1256 732 ac-

96 755 200 800 curate
228 742 321 801 fuerit
350 742 388 801 de
419 742 546 824 singulis
574 756 717 802 accusata
776 743 898 817 Quibus
925 744 1003 803 illae
1022 744 1132 804 auditis
1163 766 1285 824 quae·

94 839 181 886 rent:
201 823 310 900 Quid
301 826 545 907 agiturfecistis?
569 831 633 886 Vos
652 847 723 887 vero
742 827 863 887 dicetis:
876 827 1091 912 Absolvimus.
1120 830 1206 888 lam'
1197 830 1282 911 agi„

92 925 146 971 tur
168 923 322 970 matronae
356 911 567 1010 pudicissimae
591 911 677 974 vobis
709 891 892 985 irascentur,
925 914 1012 993 quod
1032 920 1170 993 aeque
1152 935 1254 973 secum

93 997 181 1055 istam
205 995 367 1075 republica
378 1008 408 1056 et
433 997 522 1055 sacris
549 995 664 1077 dignati
689 997 769 1056 sitis:
795 1019 871 1080 quae
896 1010 996 1057 autem
1020 1010 1154 1065 amentes
1166 998 1292 1096 sunt,

48 1108 57 1122 ·
92 1082 189 1161 palam
208 1081 385 1152 ostendent,
404 1103 435 1140 se
453 1081 896 1162 facturas,-qu1cqu1dlrbeat
914 1080 1255 1162 tanquamimpuuitate

56 1244 60 1248 ·
92 1166 215 1225 avobis
239 1178 275 1231 et
297 1165 415 1246 legibus
440 1165 605 1245 proposita.
638 1167 757 1225 Nam
733 1189 759 1225 sr
770 1164 943 1249 negligetis
967 1180 1000 1226 et
1017 1186 1129 1246 susque
1154 1168 1253 1246 deque
1293 1193 1308 1205 ‘

91 1251 212 1309 feretis·
238 1250 369 1331 suspicio
396 1251 468 1323 erit,
494 1271 549 1309 vos
575 1271 697 1330 quoque
720 1270 820 1310 mores
845 1251 932 1311 istius
957 1251 1091 1322 mnlieris
1117 1251 1253 1331 probare.

92 1336 194 1410 Quare
212 1335 305 1416 longe
323 1334 535 1414 praestitisset,
560 1356 623 1393 non
641 1336 708 1394 fieri
722 1336 785 1394 lroc
802 1330 946 1394 iudicium
956 1358 1089 1415 ,quam,
1107 1357 1143 1394 eo
1162 1336 1254 1408 facto,

91 1421 179 1479 istam
197 1419 320 1479 absolvi.
355 1418 489 1479 Omnino
508 1419 587 1478 enim
607 1420 664 1477 iam
690 1419 798 1485 scortis
822 1418 944 1479 licentia
970 1418 1090 1496 dabitur
1107 1415 1254 1491 nubendi,
1313 1466 1318 1474 .

85 1507 202 1605 ¹quibus
220 1505 340 1575 volent,
369 1523 502 1581 suosque
528 1503 691 1563 liberos
665 1524 729 1563 erus
749 1524 813 1563 esse
836 1504 973 1604 dicendi,
997 1502 1100 1583 quiin
1118 1507 1252 1563 mentem
1319 1513 1321 1519 ’

91 1591 134 1650 eis
153 1588 285 1648 venerit:
308 1602 375 1646 tum
391 1587 474 1668 leges
500 1601 616 1661 vestrae
634 1589 753 1648 futurae
771 1601 844 1647 sunt
860 1589 979 1661 irritae,
1004 1598 1068 1649 tum
1087 1588 1265 1649 blanditiae

89 1687 261 1734 scortorum
286 1672 433 1732 obtinere
450 1684 611 1771 poterunt,
639 1672 782 1751 quicquid
808 1673 923 1733 libebit.
958 1673 1059 1747 Quare
1086 1686 1117 1732 et
1140 1672 1250 1732 civium

90 1772 261 1830 nostrarum
280 1757 388 1816 habete
410 1757 575 1831 rationem,
601 1765 693 1825 utne
716 1778 882 1838 pauperum
905 1757 984 1817 filiae
1001 1770 1136 1839 nuptum
1154 1756 1250 1817 collo-

89 1844 151 1902 cari
168 1853 328 1921 nequeant.
362 1841 451 1900 Nune.
469 1842 567 1914 enim,
597 1842 716 1900 tametsi
733 1842 839 1947 'aliqua
856 1842 1039 1925 paupercula
1056 1855 1142 1917 est,
1137 1842 1249 1902 dotem

89 1927 119 1986 ei
137 1928 207 1986 satis
226 1948 364 2008 magnam
392 1926 512 1997 confert
528 1927 592 2000 lea,
616 1948 642 1985 sr
634 1926 845 1986 'mediocrem
869 1906 1012 1987 duntariat
1028 1949 1045 1986 a
1063 1941 1169 1988 natura
1186 1927 1249 1986 for-

88 2033 167 2071 mam
186 2012 351 2110 acceperit:
376 2011 549 2091 proculcata
566 2024 665 2071 autem
684 2033 700 2070 a
717 2011 804 2070 voltis
822 2011 878 2071 hac
895 2011 962 2099 lege
981 2025 1029 2089 et,
1047 2011 1173 2071 muliere
1192 2009 1286 2072 istaX

87 2096 263 2169 absoluta,
253 2096 338 2154 irrita
354 2096 441 2166 facta,
459 2095 585 2156 omnino
605 2096 662 2154 iam
681 2109 851 2154 scortorum
869 2109 1010 2175 quaestus
1028 2097 1111 2156 ad
1085 2097 1194 2156 crvium
1212 2096 1249 2155 fi-

86 2181 142 2240 lias
161 2181 352 2265 devolvetur,
376 2175 452 2259 quae
470 2194 594 2261 propter
610 2180 744 2269 inopiam
762 2201 824 2238 nou
847 2193 992 2259 poterunt
1009 2181 1137 2280 elocari,
1158 2170 1250 2260 atque

85 2265 295 2347 ingenuarum
287 2265 464 2323 mulierum
492 2264 620 2345 dignitas
644 2264 680 2322 ad
705 2260 896 2334 meretrices,
923 2277 990 2322 cum
1007 2264 1185 2344 permissum
1205 2265 1249 2324 eis

85 2350 180 2409 fuerit
196 2350 361 2428 suscipere
367 2349 478 2408 liberos
493 2369 556 2447 pro
571 2369 624 2406 sua
641 2346 779 2420 libidine,
796 2361 828 2408 et
845 2347 928 2409 festis
944 2361 974 2408 et
991 2349 1093 2408 sacris
1100 2362 1131 2409 et
1148 2350 1248 2408 bono-

66 2424 171 2494 ‘ribus
190 2454 340 2523 exaequo
359 2433 418 2498 frui
445 2432 580 2492 civitatis.
615 2433 717 2507 Quare
743 2433 855 2516 singuli
872 2445 992 2513 putate,
1016 2455 1070 2493 vos
1087 2434 1166 2494 ferre
1183 2431 1247 2493 suf-

88 2518 197 2601 fragia,
221 2519 316 2577 alius
315 2539 371 2597 pro
388 2539 501 2591 uxore,
524 2517 599 2581 alius
617 2517 769 2597 profilia,
796 2518 871 2577 alius
889 2539 944 2598 pro
963 2531 1074 2591 matre,
1097 2518 1173 2578 alius
1189 2538 1247 2599 pro
1292 2564 1295 2568 .

86 2604 241 2702 republica
260 2615 290 2662 et
307 2601 425 2684 legibus
433 2606 475 2662 ”et
487 2603 601 2675 sacris,
592 2644 601 2675 ,
619 2623 657 2661 ne
676 2602 743 2662 illae
762 2604 870 2662 eodem
888 2602 993 2662 haberi
1010 2603 1079 2662 loco
1097 2626 1165 2683 cum
1183 2608 1265 2662 me-v

85 2689 195 2747 retrice
214 2687 271 2762 ista
269 2687 455 2765 videantur,
473 2710 559 2760 nete,
576 2686 606 2744 in
626 2709 733 2768 magna
751 2700 781 2747 et
797 2689 947 2788 praeclara
963 2686 1111 2748 modestia
1129 2700 1160 2747 ct
1177 2707 1248 2747 cura

86 2750 295 2853 aparentibus
315 2787 345 2832 et
362 2773 498 2872 cognatis
517 2773 659 2831 educatae
678 2773 761 2831 etad
785 2773 966 2853 praescripta
984 2773 1085 2854 legum
1104 2773 1247 2845 elocutae,

86 2859 191 2947 eadem
216 2857 392 2917 conditione
412 2858 487 2930 siut,
516 2878 574 2936 qua
592 2856 666 2949 ista,
692 2877 769 2934 quae
787 2857 889 2933 multis
913 2869 944 2917 et
950 2857 1124 2957 impudicis
1149 2849 1276 2916 modis
1286 2909 1301 2921 ,

85 2963 175 3022 saepe
195 2964 261 3000 cum
281 2942 383 3003 multis
402 2943 509 3002 eodem
528 2942 614 3000 die
594 2963 657 3000 rem
676 2941 791 3015 habuit,
808 2955 843 3002 ut
853 2963 1020 3021 umcnrque
1033 2941 1092 3001 fnit
1108 2941 1246 3040 hbllum:

40 3072 57 3104 3
84 3027 302 3086 Existimabitis
316 3040 426 3100 autem,
441 3048 540 3106 neque
556 3046 614 3100 me,
633 3049 685 3105 qur
677 3027 806 3101 dicam,
819 3027 1053 3126 Apollodorum,
1069 3047 1180 3105 neque,
1193 3024 1246 3105 qui
1305 3090 1318 3101 ³

86 3133 118 3170 se
138 3113 302 3171 defendent
321 3114 435 3191 quique
453 3111 512 3170 illis
531 3111 816 3191 patrocinabuntur,
842 3133 907 3171 esse
926 3112 1023 3172 cives:
1042 3113 1095 3171 sed
1112 3112 1194 3210 leges
1206 3122 1246 3170 et
1306 3164 1309 3169 .

84 3196 231 3255 Neaeram
251 3198 287 3255 de
305 3195 516 3257 facinoribus
508 3208 588 3271 mter
603 3217 636 3254 se
655 3195 828 3277 disceptare
861 3197 986 3256 Etcum
1004 3195 1036 3256 in
1053 3192 1245 3256 accusatione
1267 3201 1324 3257 386

84 3280 257 3353 versamini,
275 3281 384 3363 leges
375 3303 453 3361 ipsas
471 3266 590 3351 audite,
607 3301 662 3359 per
679 3302 751 3380 quas
759 3280 938 3360 respublica
957 3295 1002 3341 est
1019 3280 1195 3354 incolumis,
1214 3291 1283 3340 et·

37 3373 40 3376 ’
85 3367 251 3424 seeundum
271 3388 343 3444 quas
362 3388 415 3426 vos
433 3364 681 3446 pronuntiaturos
701 3365 837 3453 iurastis,
855 3366 1084 3445 quidiubeant,
1104 3365 1175 3444 quid
1194 3365 1245 3425 illa

83 3450 219 3522 violarit:
245 3450 312 3509 ubi
325 3464 425 3511 autem
449 3451 486 3508 ad
512 3450 720 3509 defensionem
745 3464 922 3530 perventum
948 3450 1020 3523 erit,
1045 3448 1245 3510 accusationis

83 3537 218 3594 firmatae
237 3513 355 3616 legibus
375 3550 404 3596 et
421 3533 609 3635 probationis
635 3555 755 3607 eorum,
781 3557 857 3615 qnae
876 3535 956 3595 dicta
971 3548 1059 3609 sunt,
1085 3545 1245 3608 memores,

84 3620 256 3698 solaque
230 3642 294 3679 erus
312 3621 435 3690 facie'
407 3642 482 3702 vasa,¹
497 3618 629 3700 cogitate
647 3620 798 3693 duntaxat,
816 3643 870 3693 an,
885 3621 1000 3679 Neaera
1013 3643 1094 3680 cum
1105 3620 1156 3691 sit,
1174 3618 1244 3703 talla

51 3731 53 3735 >
83 3705 273 3785 perpetrarit.
291 3705 368 3763 lllud
386 3719 497 3777 autem,
515 3702 731 3778 lltbenienses',
746 3704 955 3764 recordatione
974 3705 1099 3807 dignum
1118 3716 1173 3777 est,
1189 3725 1249 3763 vos-

76 3787 255 3861 Archiam,
275 3812 341 3849 eum
357 3791 534 3890 pontificem
553 3801 676 3871 ageret,
694 3791 865 3851 convictum
883 3789 915 3848 in
933 3790 1069 3849 iudicio
1072 3784 1247 3879 impietatis,

82 3887 120 3933 ut
138 3873 190 3951 qui
210 3895 271 3932 non
289 3875 386 3953 patrio
404 3876 464 3934 ritu
484 3895 566 3932 sacra
582 3874 718 3947 fecisset,
743 3874 911 3974 punivisse·
936 3872 989 3954 qui
1008 3887 1039 3934 et
1057 3875 1093 3934 de
1111 3874 1176 3934 aliis
1195 3893 1244 3932 re·
1315 3906 1324 3918 .

83 3959 141 4017 bus
161 3972 207 4016 est
223 3972 387 4032 accusatus,
407 3973 438 4019 et
454 3958 585 4038 Sinopae
603 3959 754 4039 meretrici
770 3959 921 4019 victimam
937 3950 1100 4018 addaicenti
1114 3959 1244 4019 adaram

53 4090 56 4095 .
83 4042 270 4107 Eleusiniam
290 4050 431 4104 mactasse
449 4043 622 4115 ferebatur,
630 4066 696 4103 cum
715 4064 778 4103 non
796 4044 888 4103 moris
905 4056 983 4104 esset
996 4047 1035 4102 ed
1048 4044 1097 4103 die
1116 4056 1271 4102 mactare

81 4126 238 4200 victimas,
263 4150 361 4208 neque
381 4128 461 4206 illius
487 4128 621 4198 mulieris
649 4140 728 4186 esset
749 4128 951 4201 sacrificinm,
976 4129 1028 4187 sed
1053 4125 1248 4198 sacrificulae,

85 4212 458 4293 Quam'igituriniquum
477 4213 585 4288 fuerit,
609 4235 678 4272 eum
698 4225 780 4272 etex
799 4233 910 4294 genere
928 4212 1192 4293 Eumolpidarum,
1204 4222 1247 4281 :et

37 4288 43 4299 ’
86 4296 174 4358 claris
193 4309 294 4371 ortum
311 4299 476 4372 natalibus,
501 4311 532 4358 et
550 4299 645 4360 civem
663 4296 897 4374 Atheniensem,
922 4311 1084 4382 propterea
1103 4297 1185 4378 quod
1202 4296 1246 4356 le-
