2722 4754
478 248 481 253 ·
515 218 819 281 epistotae<
1184 224 1244 282 eat
1274 214 1278 225 ⁸

71 369 223 443 mniatus,
241 390 351 449 neque
375 370 483 430 contra¹
502 382 557 430 vos
581 371 724 452 privatim·
743 372 887 433 facultate
912 393 978 432 mea
1002 366 1091 446 usus,
1120 372 1191 445 sed,
1218 375 1246 433 si

69 455 148 536 quid
172 474 252 536 opus
276 467 375 529 esset»,
399 454 521 535 publice
546 476 602 536 pro
626 457 715 516 vobis
736 454 954 539 inprocinc'tu
977 458 1121 518 steterim.
1138 458 1243 532 ‘Quod
1346 490 1348 497 ·

60 562 140 609 ‚cum
160 553 232 599 satu
251 540 428 622 grandiores
441 540 569 613 umrint,
587 561 717 621 aequum
733 554 800 615 ent,
819 555 854 609 ut
871 542 1043 602 iunioribus
1061 536 1243 603 concionem

70 626 215 685 saltemus
240 625 420 708 Pythonem·
438 624 618 708 Byzantium
646 625 777 686 babitam
803 626 960 700 indicetis,
988 648 1076 700 cum,
1104 626 1242 691 adductis
1266 638 1267 643 ’

72 711 261 771 l'rraecorum
285 709 411 792 legatia,
433 711 547 784 adfuit,
573 711 698 771 iniurias
723 725 846 772 nostrae
869 711 955 773 urbis
980 724 1243 787 ostensurum-et,
1277 784 1279 789 ¹

71 795 257 857 contrarium
275 794 359 867 eiua,
384 796 635 876 quod-'sperarat,
660 810 817 878 expertus,
835 797 982 866 recessit:
1006 796 1138 881 ubiego
1157 796 1249 858 solut.
1305 842 1309 849 -

72 893 228 942 oratorum
246 879 327 940 illius
345 878 491 962 temporis
510 893 638 941 vestram
656 904 775 942 causam
795 881 924 942 defendi.
948 881 1082 954 Omitto,
1099 896 1178 963 quot
1195 883 1239 942 le·
1318 906 1326 921 ⁸

71 966 283 1049 gationcs-pro
298 965 385 1031 vobis
402 967 547 1025 obierim:
565 966 597 1025 in
616 967 726 1047 quibus
745 967 887 1027 omnibus
902 964 1022 1027 nullum
1042 969 1239 1046 nuquam-vel

72 1051 232 1111 minimum
250 1049 465 1111 detrimentum
483 1051 614 1132 cepistis.
644 1052 687 1111 Ea
706 1049 808 1125 enim,
823 1073 842 1112 o
860 1052 1079 1131 Athenienses,
1098 1052 1129 1111 in
1143 1073 1239 1133 repu-

72 1135 150 1196 blica
168 1137 246 1196 ratio
265 1157 330 1196 mea
348 1136 425 1208 fuit,
442 1158 505 1197 non
522 1149 558 1196 ut
575 1137 630 1196 vos
647 1138 724 1197 alios
741 1136 792 1197 alii
810 1137 988 1210 vinceretis,
1001 1150 1064 1197 -aut
1078 1149 1119 1196 ut·
1133 1136 1239 1211 cit-itm

71 1235 134 1282 tem
151 1235 259 1282 contro
276 1220 471 1303 semetipsam·
486 1243 641 1282 acuercmz
661 1223 714 1282 sed
732 1223 776 1282 ad²
789 1243 823 1283 ea
840 1243 895 1283 vos
913 1222 1050 1295 incitavi,
1068 1222 1152 1282 unde
1169 1222 1238 1304 glo-

70 1306 146 1367 riam
169 1319 202 1368 et
225 1306 481 1389 magnanimitatis
503 1307 679 1388 opinionem
703 1308 924 1367 relaturostvos
945 1306 1113 1367 arbitrarer.
1149 1307 1237 1381 Qu'ae

70 1414 141 1453 cunr
160 1412 282 1466 omues,
311 1404 377 1451 tum
394 1392 693 1461 veroadolcscentes
709 1392 849 1452 admirari
867 1391 997 1463 debent,
1026 1400 1083 1451 net
1101 1410 1169 1450 enm
1187 1411 1237 1450 re-

71 1477 194 1557 quirere
212 1478 330 1548 solum,
365 1476 418 1556 qui
440 1490 578 1557 captator
592 1498 683 1538 aurae
701 1476 1018 1576 popularisvulgique
1036 1475 1237 1557 cupiditatum

70 1562 249 1623 administer
275 1564 412 1620 omnium
435 1560 472 1621 in
495 1563 649 1642 republica
675 1562 717 1622 sit
743 1561 862 1644 (talium
888 1582 971 1620 enam
994 1562 1077 1622 nulla
1102 1582 1237 1640 unquam

69 1647 198 1729 penuria
215 1645 317 1706 futura
334 1644 413 1728 est),
428 1647 491 1707 -sed
509 1668 578 1707 eum
598 1648 705 1719 etiamt
730 1647 783 1727 qui
801 1647 886 1707 bono·
903 1644 1005 1706 studio
1023 1659 1121 1706 vestra
1140 1658 1236 1706 errata

70 1731 280 1813 r'eprebendat
303 1732 389 1806 Quin
408 1743 439 1790 et
455 1732 512 1792 alia
531 1732 624 1792 multa
641 1746 817 1813 praetereo,-
833 1745 960 1813 propter
977 1752 1053 1810 quae
1073 1732 1164 1805 alius,
1182 1732 1237 1812 qui

70 1816 185 1877 nullam
209 1814 457 1877 aliam-narasset
479 1837 618 1898 operam,
643 1816 709 1877 iure
733 1839 804 1877 suae
823 1818 931 1878 salutis
957 1816 1061 1876 baberi
1085 1816 1236 1885 rationem

63 1901 254 1984 'postularem
272 1901 456 1970 ut-uedilitia
475 1924 616 1976 munera,
632 1916 669 1963 ut
686 1901 854 1963 triremium
873 1900 1106 1973 instructiones,
1123 1901 1236 1961 otlar-

69 1986 203 2070 gitiones
227 1987 415 2068 pecuniarias
442 1987 783 2048 omnibns-'necessariis
808 1986 1013 2068 temporibus:
1034 1984 1159 2066 ¹quibus
1187 2006 1235 2046 me

70 2092 134 2131 non
147 2072 247 2133 modo
263 2072 395 2153 primum
419 2063 603 2133 succurrisse
615 2072 794 2144 constabit,
818 2072 873 2132 'sod
894 2071 972 2132 alios
990 2071 1081 2132 etium
1099 2092 1164 2131 esse
1182 2070 1236 2131 ndss

69 2144 249 2231 bortatu'm„
266 2158 702 2241 Quorum-singulacogitate,
720 2156 936 2229 Athenienses,
951 2177 1043 2236 quam
1060 2176 1096 2216 ea
1115 2154 1235 2217 calami-

69 2254 132 2303 tate
151 2242 373 2325 lndignasint,
403 2256 480 2322 qtae
499 2264 547 2302 me
561 2243 734 2324 oppressit·
759 2239 835 2301 Cum
854 2260 927 2301 rero
945 2238 1083 2321 piurimis
1102 2238 1236 2300 nuncin

69 2326 156 2386 malis
174 2336 292 2386 verserr
317 2328 390 2406 quid
408 2328 538 2407 primum
556 2328 729 2408 deplorem,
743 2326 854 2395 dubito
863 2362 878 2397 ,·
889 2338 993 2386 utrum
1011 2339 1137 2386 aetatem
1149 2346 1235 2406 aque

68 2410 277 2493 periculosum
295 2411 433 2472 exsilium
452 2411 581 2493 experiri
601 2425 724 2493 praeter
736 2412 1045 2471 consuetudinem-et·
1056 2410 1234 2495 dignitatem

68 2516 183 2578 cogor,
207 2496 485 2579 au··ignominiam,
510 2498 611 2578 quod,
628 2497 749 2556 nullius
763 2496 905 2557 criminis
929 2494 1088 2558 conuictus
1110 2504 1234 2556 et'reus

68 2594 226 2666 peractus,
244 2581 514 2663 damnatus-perii,
532 2604 571 2641 an
588 2603 692 2662 spem,
710 2603 768 2661 qua
786 2582 947 2642 frustratus
964 2580 1162 2642 hereditatem
1181 2600 1235 2641 eo-
1266 2628 1269 2633 .
1310 2633 1313 2639 .

69 2688 137 2727 rum
154 2667 328 2741 malorum,
349 2688 426 2747 quae
450 2667 516 2727 aliis
534 2667 751 2741 debebantur,
767 2666 841 2748 cepi.
884 2667 993 2746 Neque
1010 2668 1092 2727 enim
1110 2654 1234 2751 egoiel
1312 2698 1314 2703 >

68 2752 196 2832 Harpali
212 2751 325 2811 amicus
344 2752 412 2826 sni,¹
439 2753 487 2813 vel
509 2765 634 2833 propter
650 2752 751 2833 priora
769 2773 835 2812 mea
853 2764 917 2813 acta
935 2753 968 2811 in
985 2752 1139 2833 republica
1157 2768 1234 2832 poc-

69 2858 123 2898 nat
142 2837 213 2897 dare
230 2836 346 2917 debeo:
372 2858 439 2898 eom
459 2851 560 2909 etca,
587 2858 717 2917 quornm
735 2837 912 2910 accusabar,
938 2836 1064 2918 probata
1081 2836 1235 2923 non-sint,

43 2960 46 2965 -
70 2928 157 2985 ete'x
173 2922 317 2983 omnibus
334 2923 372 2982 de
390 2923 522 3004 Harpalo
540 2921 624 2989 lactis
643 2923 772 2982 decretis
790 2923 855 2982 sola
872 2943 919 2993 ea,
934 2938 1091 3005 quaecgo·
1110 2921 1171 3005 egi,
1187 2920 1235 2980 ¹ci-

69 3007 195 3071 ritatem
222 3007 310 3067 omni
329 3007 454 3067 crimine
478 3007 641 3067 liberarint
654 3037 658 3043 ·
671 3008 716 3066 Ex
734 3008 853 3086 -quibus
876 3007 1031 3067 omnibus·
1044 3006 1236 3089 perspicitur,

70 3114 121 3155 me
144 3093 335 3174 temporibus
351 3091 613 3165 circumventum,
639 3113 704 3152 nou
730 3093 879 3152 scelerum
904 3093 1235 3165 damnatum,·.iniuste

70 3201 154 3251 eam,
173 3178 281 3259 quain
300 3199 405 3238 omnes
424 3200 493 3238 reos
511 3177 697 3252 utisoletis,
715 3178 899 3238 iracundiam
918 3177 1047 3258 experiri
1064 3191 1235 3259 propterca,

70 3264 155 3346 quod
177 3263 416 3346 ego-primasio
435 3263 581 3325 indicium
597 3262 676 3322 veni.
709 3263 786 3323 Nam
804 3263 879 3342 quid
896 3282 955 3344 ego
970 3263 1064 3343 aequi
1087 3278 1235 3344 pro-mea
1257 3269 1317 3327 443

69 3350 249 3414 defensione
275 3369 348 3407 non.
363 3348 450 3408 attuli
469 3370 510 3408 ex
532 3349 588 3420 iis,
615 3367 692 3426 quae
709 3360 816 3428 postea
834 3360 969 3408 caeteros
987 3347 1056 3407 ress
1067 3368 1235 3409 conserva·

40 3484 42 3489 .
69 3435 161 3496 runt?
186 3447 239 3495 aut
263 3434 342 3514 quid·
358 3432 493 3514 amplius
510 3434 557 3492 vel
581 3454 663 3493 nuuc
686 3433 788 3494 dicere
809 3432 968 3513 quisquam
993 3433 1109 3513 possit?
1135 3433 1236 3493 Nemo

58 3532 160 3582 certe.
180 3520 269 3580 Nam
286 3539 365 3599 quae
389 3519 466 3578 iacta
490 3539 554 3578 non
578 3520 667 3591 sunt,
692 3539 726 3578 ea
749 3517 826 3579 lacta
850 3530 886 3578 ut
902 3518 978 3590 sin't,
1004 3518 1125 3578 efficere
1143 3536 1236 3578 nemo
1294 3542 1295 3547 ¹

68 3617 179 3689 potest
204 3605 265 3665 Sed
283 3605 320 3664 de
339 3603 385 3663 bis
397 3603 735 3684 'quamquam-scribere
752 3604 846 3664 multu
863 3623 995 3684 possem,
1012 3603 1133 3664 dosinn:
1151 3603 1236 3685 quod

69 3691 264 3751 innocentiae
282 3688 498 3750 conscientiam
520 3689 707 3769 experientia
724 3710 781 3750 me
803 3687 909 3748 doemt
927 3688 966 3747 ad
984 3687 1149 3748 iuvandum
1166 3688 1235 3770 pur-

68 3797 120 3837 ras
133 3774 250 3835 babere
269 3774 365 3846 vires,
381 3774 418 3855 ad
436 3775 609 3856 augendum
627 3785 727 3833 autern
746 3772 839 3835 animi
856 3773 994 3834 dolorem
1013 3773 1150 3833 omniurn
1168 3792 1235 3833 esse

69 3860 301 3923 acerbissimam
323 3861 487 3939 Postquam
504 3879 578 3919 vero
595 3879 650 3938 pro
668 3870 767 3920 restra
784 3858 930 3939 sapientia
947 3857 1168 3929 reisorunibns
1186 3878 1236 3917 re-

45 3990 49 3997 »
70 3946 225 4008 conciliati
244 3946 331 4006 estis:
348 3957 380 4004 o't
396 3944 471 4003 mibi
488 3944 739 4027 reconciliamini,
757 3964 776 4003 o
794 3941 1008 4003 Athenienses:
1026 3944 1134 4024 Neque
1153 3943 1236 4004 enim

69 4031 183 4117 (testor
201 4032 281 4093 deos·
293 4042 325 4091 et
342 4028 466 4110 berulis)
489 4030 545 4090 'ulli
569 4034 701 4089 uestrum
726 4028 868 4089 iniuriam
883 4027 968 4089 teci:
996 4029 1118 4088 etmihi
1136 4028 1236 4088 urnula

70 4128 207 4181 anteacta
222 4118 367 4177 vitamet
389 4114 577 4175 testimonio·
593 4127 655 4186 eat,
690 4113 740 4174 cui
764 4113 874 4177 merito
895 4112 965 4194 plus
982 4113 1054 4172 fidei
1073 4112 1237 4174 baberetur
1265 4141 1268 4147 u

69 4225 87 4264 a
104 4201 213 4274 vobis,-
231 4199 392 4281 quam-isti
409 4199 545 4272 crimini,
563 4199 648 4280 quod
664 4218 748 4259 nune
764 4198 798 4258 in
815 4218 864 4258 me
880 4196 1055 4257 coniectum
1072 4199 1150 4259 illud
1167 4199 1238 4279 qui,

70 4289 141 4349 dem
159 4299 216 4360 eat,
232 4284 472 4367 scd-probatum·
484 4285 1057 4362 &demonstratum-nonuesta-neque
1073 4304 1123 4344 me
1140 4283 1238 4365 pessi-

70 4376 155 4449 nium
170 4384 225 4434 aut
242 4370 384 4434 minimae
400 4368 479 4432 fidei
492 4390 558 4432 ease
574 4369 661 4443 inter.
673 4390 743 4444 eos,
760 4372 839 4449 quoa
857 4367 1012 4429 calumnia»
1023 4367 1239 4451 impetiit-dea

962 4453 1040 4530 tt*
