2722 4754
225 121 545 253 aurursus
578 133 1117 311 ιιιιιιιιιιιοιιιΜι
1188 184 1249 255 ιιι
1323 168 1334 189 '

55 343 171 415 ¹mala
177 337 243 404 dari
261 345 422 418 omnihus,
450 306 649 406 ιιιιιιιιιιιιιοι·
664 282 842 406 venditurus
861 343 962 409 omnia
979 343 1141 425 quicquam
1158 341 1252 424 prod-
1341 342 1347 352 ⁸

21 450 24 454 ·
78 441 134 490 est
161 430 269 492 Talem
287 432 388 491 aut'em
407 438 474 489 esse
485 431 592 505 istum,
609 426 718 490 scienti
735 430 797 495 tibi
805 431 915 507 dicam.
942 429 1118 503 Meministi,
1135 441 1181 489 ut
1187 429 1252 497 He·
1303 488 1305 496 ,

48 575 52 583 ,
76 536 247 598 gemonem
265 514 363 576 laesae
381 513 544 575 maiestatis
562 537 649 577 rcum
666 515 793 576 fecerit?
821 526 856 575 ut
874 514 910 574 ab
929 516 1097 577 accusando
1115 514 1251 584 Demade

77 614 204 681 accepta
222 600 350 699 pecunia
368 599 539 660 destiterit?
556 613 592 660 ut
605 600 798 682 Agathonem
818 598 964 673 olearium
978 602 1107 662 missum
1125 598 1252 670 fecerit?
1331 640 1338 647 «-

77 680 161 759 Cum
188 686 271 763 enim
296 686 411 752 dudum
436 684 602 746 clamitaret
627 699 659 745 et
683 685 916 757 vociferaretur,
942 686 1020 763 proh
1040 682 1261 786 dirimatque

77 755 243 831 hominum
256 753 363 844 iidem,
384 781 415 829 et
431 791 488 850 pro
507 769 662 833 concione
675 771 794 831 eoelum
811 783 910 831 terrae
928 769 1079 844 misceret,
1095 771 1252 850 quaestio·
1325 798 1329 803 ·

77 875 135 915 nes
155 854 321 915 habendas
328 855 507 915 clamitaret.
541 868 662 935 accepta
675 875 872 936 quacunque
880 856 1037 929 mercede,
1070 877 1258 936 quamquam,

72 942 244 1021 praesens,
272 961 344 1000 cum
363 940 387 998 is
407 940 632 1014 absolveretur,
659 941 820 1001 obmutuit
855 942 889 997 ln
908 940 1077 1008 accusando
1092 941 1253 1016 Democle,

77 1024 303 1109 perduellionis
319 1045 383 1124 req,
402 1024 712 1105 accusationemque
708 1024 843 1086 reiecit?
861 1023 931 1093 Alia
943 1024 1062 1090 infinita
1074 1038 1156 1102 sunt,
1174 1046 1252 1104 quo

76 1131 155 1169 rum
164 1105 240 1168 mihi
250 1109 421 1188 meminisse
435 1110 571 1169 omnium
582 1110 768 1178 laboriosnm
782 1123 841 1169 est:
859 1123 889 1170 te
902 1121 1001 1181 autern
1014 1108 1105 1168 etiarn
1117 1111 1253 1190 exempla
1322 1130 1326 1133 ·

77 1194 204 1254 illarum
217 1195 370 1272 actionum
381 1194 492 1254 habere
505 1195 579 1293 sciq,
599 1218 652 1275 qur
642 1196 706 1254 illi
717 1208 842 1276 propter
852 1195 980 1275 praedae
991 1195 1168 1255 societatem
1179 1195 1252 1255 suh·

77 1279 204 1340 servias.
230 1266 335 1354 Quis
326 1279 421 1360 rgitur
439 1293 493 1353 est,
513 1303 566 1378 qur
557 1279 674 1339 'talem
691 1279 815 1340 tuetur?
833 1280 939 1339 Bonus
957 1301 995 1339 an
1014 1257 1129 1339 malosi
1147 1279 1253 1341 Malus.

81 1361 313 1440 Quamobrem?
341 1365 418 1423 Nam
437 1377 469 1424 et
486 1387 533 1422 sur
525 1362 694 1424 similium
714 1377 772 1424 est
776 1364 918 1445 proditor
936 1376 966 1424 et
983 1364 1136 1424 bonorum
1155 1363 1252 1427 hostis
1301 1391 1318 1399 ··

81 1461 191 1509 natura
206 1461 238 1508 et
253 1468 381 1531 genere.
399 1449 459 1511 uisi
477 1449 544 1529 quis
563 1449 785 1510 calumniatoris
802 1462 833 1509 et
845 1448 977 1508 hominis
996 1448 1130 1534 improbi
1147 1468 1251 1511 semen
1269 1465 1270 1471 ’

80 1546 115 1595 et
133 1534 275 1606 radicem,
292 1545 328 1593 nt
345 1533 486 1615 agricola,
506 1534 706 1613 relinquenda
724 1555 790 1594 esse
808 1546 913 1604 censet
929 1511 1122 1614 reipublicae
1153 1530 1252 1609 Quod

66 1617 150 1679 ‘non
169 1632 225 1679 ιιι
239 1617 421 1692 honestum,
445 1619 669 1693 Athenienses,
704 1633 811 1720 atque,
835 1620 879 1680 ita
895 1640 944 1678 me
964 1619 1007 1678 dii
1025 1631 1143 1693 ament,
1167 1620 1252 1680 nefas
1287 1686 1300 1701 ..

80 1703 192 1764 etiam·
186 1723 260 1764 -esse
279 1703 426 1763 existimo.
460 1703 568 1784 Neque
593 1705 673 1764 enirn
700 1706 829 1805 maiqres
846 1703 933 1765 vobis
959 1703 1012 1764 has
1032 1704 1128 1765 curias
1146 1705 1252 1767 aedifi·
1312 1720 1316 1725 “

81 1809 173 1849 casse
189 1799 278 1886 puto,
304 1800 339 1849 ut
357 1788 438 1849 istud
464 1785 623 1849 hominum
649 1810 744 1872 genus
768 1791 802 1850 in
820 1786 867 1849 eis
888 1802 1032 1889 tauquam
1050 1782 1251 1851 viviradices

83 1872 309 1956 propagaretis:
335 1874 389 1933 sed
413 1887 534 1948 contra,
559 1887 595 1935 nt
612 1874 793 1935 coerceretis
810 1887 843 1935 et
860 1874 1024 1954 puniretis,
1049 1894 1153 1953 neque
1168 1876 1251 1955 quis-

83 1980 194 2038 quam
195 1957 408 2031 aemularetur
419 1972 472 2018 aut
495 1972 651 2041 appeteret
668 1959 902 2040 improbitatem.
938 1958 1081 2023 Omnino
1100 1959 1252 2019 autemid

21 2070 27 2074 ·
81 2055 135 2102 est
158 2042 393 2142 improbitatis
383 2043 560 2125 ingenium,
594 2058 630 2104 nt
646 2045 712 2104 sine
738 2045 853 2126 magnis
875 2043 1000 2124 reprimi
1023 2043 1254 2116 difficultatibus
1332 2056 1335 2060 ’

23 2184 32 2191 .
80 2126 181 2187 haud
184 2127 288 2209 possit
317 2124 394 2187 Cum
413 2129 493 2189 enim
512 2128 732 2211 Aristogiton
723 2152 755 2188 m
772 2127 966 2190 manifestis'
957 2127 1076 2199 iniuriis
1094 2140 1254 2199 accusetur
1317 2130 1330 2139 ‘

81 2210 117 2272 et
130 2232 196 2273 non
212 2213 284 2290 olim
297 2213 438 2295 perierit:
439 2215 527 2293 quid
542 2214 714 2276 faciendum
727 2227 839 2275 estant
851 2212 1034 2275 dicendum?
1047 2212 1102 2292 qni
1116 2233 1152 2275 eo
1167 2212 1253 2275 venit
1311 2234 1323 2256 a

23 2373 28 2379 ι
80 2282 303 2378 improbitatis,
316 2311 366 2371 ut,
383 2298 442 2367 ianr
460 2312 625 2373 accusatus,
645 2299 807 2372 clamitare,-
825 2297 1016 2371 calnmniari,
1034 2297 1169 2357 minitari
1186 2318 1252 2358 non

81 2383 253 2444 desisteret
288 2384 409 2458 Quibus
428 2384 510 2450 enim
527 2407 581 2446 vos
599 2405 647 2447 res
666 2385 810 2447 maximas
824 2381 992 2449 credebatis
1011 2382 1157 2456 ducibus,
1180 2380 1261 2463 qnia-

10 2463 12 2467 ’
81 2470 225 2529 nummos
245 2489 274 2528 er
264 2468 458 2549 postulanti
475 2469 723 2541 nomentana·
696 2489 751 2529 ers
757 2489 814 2528 nec
831 2469 934 2532 fimeta
951 2466 1169 2541 committenda
1185 2482 1253 2540 esse

42 2554 48 2561 '
82 2553 264 2616 dictitabat:
261 2553 393 2653 quibus
411 2553 510 2614 verbis
529 2574 593 2614 non
610 2553 679 2613 illos
698 2552 850 2626 laedebat,
872 2572 940 2613 non
957 2540 1089 2634 (licitum
1108 2551 1189 2612 enim
1207 2551 1252 2612 eis
1290 2557 1295 2565 ‘
1331 2590 1338 2597 -

83 2652 165 2713 erat,
181 2639 285 2720 paucis
304 2637 354 2698 isti
372 2639 503 2698 nummis
522 2627 614 2712 datis,
633 2659 667 2698 ea
685 2659 748 2698 non
766 2634 903 2720 audire),
920 2638 975 2696 sed
992 2649 1090 2697 vestra
1107 2635 1252 2719 suffragia
1322 2686 1326 2692 .

85 2723 302 2785 contemnebat
319 2735 361 2783 et
367 2742 452 2784 suam
470 2723 694 2804 improbitatem
714 2722 893 2783 ostentabat
935 2721 1129 2802 Magistratus
1145 2740 1252 2800 porro,

88 2809 233 2888 quisorte
253 2821 403 2882 creantur,
420 2808 581 2897 lacerabat,
596 2809 763 2890 poscebat,
769 2807 928 2888 pecuniam
948 2805 1096 2905 erigebat,
1115 2826 1177 2885 qno
1188 2827 1252 2866 ma-

84 2893 185 2954 lorum
202 2915 335 2976 genere
340 2915 403 2967 non
420 2894 566 2957 vexabat?
600 2895 759 2965 Postremo
786 2905 887 2954 antem
913 2911 1019 2951 omncs
1037 2890 1070 2950 in
1086 2891 1252 2952 tunmltum

85 2991 118 3039 et
143 2979 335 3039 seditionem
354 2978 505 3040 coniicere
530 2979 649 3040 studuit
673 2978 755 3038 falsis
781 2977 877 3039 literis
903 2973 1089 3076 propositis·
1119 2971 1252 3056 deniqne

83 3063 116 3124 in
136 3063 272 3124 omnium
289 3061 455 3145 perniciem
473 3077 561 3126 natus
581 3077 636 3137 est,
661 3077 691 3123 ct
707 3064 812 3124 talem
816 3085 849 3125 se
868 3082 934 3123 esse
952 3074 1018 3122 tota
1035 3052 1095 3121 vita
1114 3062 1253 3132 declarat

51 3214 54 3221 ,
83 3151 129 3209 lta
147 3144 229 3209 enim
247 3170 312 3209 rem
335 3149 523 3248 perpendite
564 3147 768 3209 Athenienses
793 3147 918 3209 omnino
945 3145 1038 3207 vicies
1065 3145 1149 3206 mille
1173 3158 1254 3228 sunt,

84 3237 205 3295 Horum
221 3233 431 3333 unusquisque
449 3255 513 3293 uno
528 3234 634 3295 saltem
652 3234 778 3334 negotiu
797 3233 939 3333 quopiam
959 3225 1123 3312 occupatus
1138 3231 1170 3291 in
1182 3216 1252 3291 ford
1272 3293 1281 3299 ,

74 3318 313 3394 .obambulat,'
289 3340 352 3378 srve
370 3319 402 3378 id
420 3339 491 3379 sane
510 3319 665 3401 publicum
683 3319 732 3392 sit,
750 3318 813 3380 sive
831 3319 989 3408 privatum.
1007 3320 1068 3377 Iste
1085 3329 1186 3376 autem
1204 3315 1253 3381 ni·
1300 3314 1328 3381 q

79 3403 128 3464 hil
146 3405 318 3503 quicquam
329 3405 491 3464 ostendere
510 3404 609 3484 possit
632 3427 678 3464 rer
669 3404 867 3465 moderatae
885 3413 938 3461 aut
955 3400 1152 3475 honestae,
1142 3422 1175 3459 ιιι
1194 3421 1270 3480 qna

77 3503 224 3553 versetur
242 3503 272 3550 ct
289 3489 380 3551 vitam
398 3511 414 3548 a
437 3501 474 3549 at.
508 3489 580 3551 Non
598 3489 721 3570 publico
746 3489 848 3568 aliquo
867 3487 950 3547 bono
969 3485 1103 3547 animum
1122 3506 1252 3567 oc-cnpa
1320 3553 1343 3563 Ι,

81 3586 149 3635 tum
168 3573 276 3648 habet,
300 3596 404 3634 nona
388 3491 474 3646 arii,
484 3595 548 3634 non
571 3575 788 3656 agriculturae,
814 3595 878 3633 non
894 3572 951 3637 ulli
976 3570 1116 3651 quaestui
1140 3573 1254 3643 studet,
1274 3577 1349 3646 499

45 3700 49 3707 ·
80 3680 153 3719 cum
171 3660 295 3720 nemine
313 3658 383 3718 ullis
408 3658 602 3719 humanitatis
621 3673 673 3720 ant
696 3658 906 3719 familiaritatis
931 3656 1040 3717 officiis
1060 3656 1106 3716 ιιι
1123 3654 1256 3735 coninua

79 3757 167 3805 ctus:
202 3746 256 3805 sed
275 3765 356 3824 per
350 3744 450 3802 lorum
474 3743 633 3804 incedit
605 3765 724 3827 viperae
749 3744 844 3804 instar
866 3756 919 3827 ant
935 3741 1123 3822 scorpionis,
1150 3751 1252 3801 erecto
1312 3742 1319 3755 ’

11 3860 16 3869 ·
80 3830 209 3903 aculeo,
235 3829 296 3888 huc
314 3842 404 3907 atque
423 3828 495 3889 illuc
513 3829 666 3902 saltitans,
692 3812 960 3908 circumspectans,
987 3849 1037 3886 cur
1028 3826 1254 3888 calamitatem
1303 3896 1306 3910 .

79 3926 137 3974 aut
154 3914 394 3991 maledictum,
392 3925 444 3971 aut
460 3913 572 3973 malum
596 3913 721 3994 aliquod
740 3914 864 3987 offerat,
889 3933 951 3994 quo
969 3911 1002 3971 in
1019 3911 1162 3971 timorem
1179 3931 1254 3972 con-

81 3999 165 4073 ierto
188 4020 330 4059 nummos
356 4010 549 4077 extorqueat:
578 4020 634 4059 nec
651 3998 848 4081 ingreditur
839 4020 871 4058 ιιι
896 3998 989 4058 ullam
1012 3995 1165 4075 publicam
1181 4009 1254 4056 ton-

80 4083 211 4146 strinam
229 4095 283 4144 ant
298 4082 505 4166 myropolinm
522 4096 575 4144 aut
592 4084 663 4144 alias
682 4083 835 4147 officinas:
855 4084 914 4145 sed
932 4079 1137 4181 insociabilis,
1163 4101 1255 4163 raga-

41 4208 45 4213 -
58 4169 227 4243 bundus,
251 4191 280 4229 ι
269 4167 499 4250 congressibus
517 4169 706 4243 abhorrens,
730 4190 794 4229 non
811 4167 923 4251 gratia,
941 4187 1005 4227 non
1016 4164 1170 4264 amicitia,
1188 4186 1254 4227 non

80 4254 145 4315 ulla
162 4253 317 4338 praeditus
335 4265 383 4316 est
400 4255 549 4316 moderati
566 4255 721 4316 hominis
718 4254 928 4338 cogitatione.
951 4249 1043 4313 sed”
1019 4271 1059 4311 ιιι
1079 4248 1254 4324 comitibus,

83 4360 162 4421 qnos
174 4340 310 4422 pictores
321 4339 489 4402 lemuribus
502 4340 679 4452 adiungunt
692 4341 773 4422 apud
790 4339 916 4412 inferos,
933 4335 1025 4500 diriq
1032 4334 1254 4464 ptalediceutia,
1270 4334 1277 4349 “

615 4526 630 4559 Ι

135 4631 146 4657 0
236 4643 240 4651 .
