2722 4754
301 137 305 143 ¹
340 189 407 251 uu
443 184 609 249 rursu
637 176 942 259 tsenrtoua„

541 387 747 455 russas
792 388 856 461 e.

114 566 117 571 .
143 521 201 579 lam
227 515 253 575 si
280 534 357 597 quae
376 513 412 572 in
436 529 485 580 me
510 484 647 569 convicia
673 521 755 568 extra
773 507 959 589 legationem
977 511 1103 588 dixerit,
1129 511 1233 571 multis
1302 500 1305 505 ’

46 603 232 669 nominibus
259 621 337 663 eum,
354 594 459 658 audire
484 616 548 653 non
567 593 725 654 debebitis.
767 593 839 653 Non
859 595 940 654 enim
966 618 1024 678 ego
1050 597 1257 658 sun1h0die³
1292 592 1296 597 '

74 713 145 765 reus,
167 678 430 767 neque=deiueeps
450 680 525 740 mihi
544 680 704 760 quisquam
724 679 866 739 infundet
884 703 1000 760 aquam.
1037 685 1121 759 Quid
1139 685 1234 767 igitur

79 778 143 843 aliud
159 774 206 834 illa
223 775 314 847 sunt,
339 770 430 850 quam
448 767 592 826 iustarum
612 764 766 827 rationum
785 765 909 846 inopia?
944 768 1023 842 Quis
1043 771 1124 829 euim
1144 793 1231 831 accu-
1299 797 1301 801 ¹

81 883 131 931 ure
144 859 230 932 velit,
250 859 323 917 dum
341 876 410 915 reus
430 853 546 936 agitur,
565 851 609 925 si,
629 874 689 932 quo
709 874 741 910 se
762 852 957 925 defenderet,
977 853 1125 915 haberet?
1152 848 1235 917 illud
1329 862 1336 874 ’

83 953 153 1016 etiarn
173 943 380 1014 considerate,
408 938 542 1010 ludices,
570 937 595 996 si
620 959 677 1020 ego
696 938 761 1019 ipse
779 960 851 998 reus
869 960 984 1012 essem,
1013 953 1043 999 et
1061 940 1230 1005 Aeschines
1259 1017 1269 1025 ⁶

23 1044 26 1071 :
53 1024 57 1031 '
85 1044 220 1104 ,mearet
238 1027 617 1113 Philippusuautemstssct
635 1025 735 1097 iudex,
758 1037 849 1104 atque
869 1046 927 1107 ego
947 1046 1010 1084 non
1029 1048 1140 1108 negare
1159 1045 1246 1108 pot.¹

23 1138 25 1163 ι
70 1102 199 1196 ¹,effusore
214 1112 389 1193 deliquisse,
408 1106 533 1169 sedisti
549 1108 761 1170 maledicerem
779 1124 811 1170 et
830 1133 899 1190 eum
919 1110 1069 1193 exagitare
1089 1113 1230 1174 institue,
1243 1144 1265 1171 ¹.

30 1246 39 1271 t
86 1228 149 1272 reu:
166 1220 264 1262 noune
283 1198 411 1278 putatis,
436 1194 512 1254 illud
531 1195 630 1275 ipsum
649 1217 738 1278 aegre
756 1195 889 1256 laturum
906 1197 1099 1277 Philippum,
1113 1199 1144 1269 pi
1162 1200 1229 1279 quis

37 1278 41 1283 Ι
87 1292 147 1378 apud
167 1309 229 1348 eum
249 1282 429 1360 homiuibus
443 1280 480 1339 de
498 1280 565 1361 ipso
585 1281 663 1340 bene
682 1281 803 1341 meritis·
823 1282 1036 1343 malediceret?
1063 1284 1111 1347 Ne
1134 1286 1231 1367 igitur
1253 1297 1315 1355 259

89 1400 132 1441 ros
151 1368 394 1435 deterioressitis
419 1366 578 1446 Philippo:
604 1367 659 1427 sed
685 1368 722 1425 ad
749 1388 783 1426 ea
808 1369 997 1449 respondere
1022 1390 1092 1429 eum
1118 1373 1230 1456 cogi„
1301 1377 1308 1384 ,

23 1470 31 1573 l.
90 1480 192 1546 moroan
208 1466 370 1516 accusatur.
414 1451 520 1511 Recita
538 1452 757 1511 testimonium.
818 1523 821 1526 y

437 1586 865 1649 resaruouiuu:

116 1700 119 1705 ’
154 1716 211 1797 Ego
236 1711 330 1791 igitur
355 1709 537 1792 integritatis
564 1731 648 1769 meae
676 1709 861 1770 conscientia
886 1710 999 1785 fretus,
1026 1724 1057 1771 et
1080 1712 1230 1773 rationem

33 1850 38 1857 -
90 1800 261 1872 reddendam,
282 1810 330 1868 et,
350 1817 427 1876 quae
446 1795 564 1877 legibus
582 1794 738 1868 iubentur,
749 1788 936 1875 'praestanda
955 1797 1056 1856 omnia
1076 1798 1231 1858 ducebam.
1255 1840 1259 1846 -

80 1890 140 1949 ds'te
155 1884 249 1946 eontra.
293 1883 396 1956 Quare
417 1883 469 1959 qui
489 1881 557 1940 fieri
579 1893 697 1961 potest,
722 1894 758 1940 ut
784 1881 815 1939 in
841 1883 948 1941 eodem
975 1883 1101 1964 negotio
1121 1904 1179 1966 ego
1199 1898 1231 1944 et

88 1975 140 2034 istc
153 1970 296 2031 fecerimus
317 1968 441 2027 eadem?
460 1966 525 2025 Aut
542 1971 596 2045 qul
617 1966 761 2025 convenit
778 1966 838 2039 isti,
857 1988 939 2025 nunc
957 1968 1037 2047 apud
1055 1990 1108 2028 vos
1128 1991 1162 2029 ea
1182 1971 1251 2030 di-·

89 2081 160 2130 cere,
186 2075 308 2134 quornm
326 2074 374 2111 me
394 2066 480 2113 antea
498 2074 655 2131 uunquam
673 2051 878 2111 insimulavit?
895 2052 1112 2134 Nequaquam
1131 2067 1231 2114 certe:

89 2145 135 2204 sed
147 2155 233 2201 nmen
249 2140 349 2212 dicct,-
367 2161 439 2212 nec,
458 2136 648 2211 mehercule,
668 2137 784 2197 iniuria.
827 2137 916 2196 Scitis
937 2138 1017 2196 enim
1034 2139 1143 2219 utique
1161 2139 1232 2217 hoc,
1274 2205 1276 2210 ,

92 2251 124 2289 ex
137 2247 184 2307 quo
199 2225 257 2285 nati
275 2220 348 2284 sunt
365 2224 504 2283 homines
524 2235 555 2281 et
572 2222 682 2282 iudicia
701 2236 894 2282 exercentur:
913 2223 1067 2284 neminem
1084 2246 1231 2304 unquam,

89 2315 136 2395 qui
153 2310 251 2372 crimen
277 2311 437 2383 fateretur,
463 2329 531 2367 esse·
547 2299 798 2367 condemualum‘:
823 2309 877 2367 sed
901 2309 1034 2369 frontem
1056 2310 1241 2390 perfricans.
1322 2326 1325 2332 '

32 2456 40 2462 ,
89 2408 188 2482 negant,
201 2395 398 2469 mentiuntur,
416 2415 518 2454 causas
538 2393 818 2468 comminiscuntur,
838 2393 940 2454 omnia
957 2394 1081 2470 faciunt,
1100 2417 1138 2456 ne
1154 2417 1230 2476 poe-
1274 2442 1276 2447 -
1308 2406 1313 2412 ‘

89 2506 136 2544 nas
148 2485 224 2543 luant.
267 2481 405 2556 Quarum
417 2537 419 2541 ,
431 2502 533 2538 rerum
552 2479 635 2538 nulla
652 2499 711 2538 vos
725 2492 850 2558 oportet
867 2479 959 2539 hodie
977 2480 1094 2561 decipi,
1121 2483 1176 2542 sed
1194 2500 1231 2543 ex

90 2581 212 2649 vestrapte
228 2567 414 2625 conscientia
430 2567 467 2625 de
487 2586 575 2624 causa
593 2565 741 2624 iudicare:
760 2586 828 2634 uon
840 2565 916 2625 meis
933 2578 986 2625 aut
1000 2566 1086 2626 istius
1105 2568 1230 2627 eredere

63 2648 68 2654 ⁵
89 2653 249 2714 sermonibus
267 2665 320 2711 aut
337 2652 485 2725 testibus,
519 2671 595 2730 quos
614 2650 671 2710 iste
695 2663 814 2730 paratos
841 2650 965 2710 habebit
982 2653 1019 2711 ad
1046 2651 1164 2731 quidvis
1182 2666 1229 2715 te·

91 2739 267 2811 edicendum,
300 2738 442 2817 Philippo
469 2736 642 2817 praebitore
667 2738 764 2795 utens.
809 2736 962 2806 Videbitis¹
987 2750 1107 2810 autem,
1140 2760 1230 2818 quam
1256 2767 1258 2771 ·

89 2845 137 2906 pro
156 2845 186 2884 eo
204 2822 261 2883 sint
285 2824 425 2904 expedite
450 2822 560 2882 dicturi
584 2820 808 2880 testimonium:
834 2819 935 2902 nequ'e
959 2820 1035 2902 illud
1060 2821 1151 2882 etiam
1174 2844 1229 2905 vos

89 2924 199 2982 moveat,
215 2910 240 2968 si
256 2931 316 2969 vox
334 2909 415 2968 illius
435 2909 513 2968 clara
532 2920 563 2966 et
582 2930 688 2989 magna
707 2920 767 2980 est,
787 2928 853 2967 mea
871 2928 944 2967 vero
962 2907 1094 2967 tenuior.
1120 2908 1229 2988 Neque

89 2995 153 3054 enim
167 2996 199 3055 de
217 2995 389 3055 oratoribus
409 3008 460 3054 aut
473 2993 686 3067 orationibus,
714 2993 739 3052 si
751 2992 880 3074 sapitis,
908 2992 1167 3053 iudicium-hodie
1186 2994 1229 3053 sa-

89 3080 168 3140 cittis:
190 3083 242 3141 sed
268 3081 467 3164 ignominiam
486 3093 613 3161 propter
628 3101 676 3139 res
695 3079 847 3161 flagitiose
873 3092 904 3139 et
926 3078 1072 3141 scelerate
1097 3080 1242 3160 perditas¹

23 3194 26 3199 ·
85 3180 229 3267 susceptam
246 3167 279 3226 in
298 3180 436 3226 auctores
455 3165 690 3245 retorquebitis,
722 3165 871 3248 negotiis,
899 3186 977 3244 quae
998 3185 1102 3225 omues
1120 3164 1230 3236 nostis,
1263 3172 1264 3177 ’

88 3253 241 3314 examinatis.
271 3254 359 3328 Quae
378 3252 472 3334 igitur
488 3252 540 3312 illa
557 3252 649 3311 sunt?
668 3251 755 3326 Quae
773 3272 827 3311 vos
846 3251 939 3323 scitis,
958 3271 1059 3330 neque
1078 3272 1160 3332 opus
1175 3261 1230 3323 est,

86 3356 112 3397 ea
125 3359 168 3397 ros
187 3337 311 3398 euobis
330 3338 442 3398 audire.
473 3338 549 3398 Nam
567 3336 593 3397 si
613 3359 658 3410 ea,
679 3358 755 3417 quae
773 3336 859 3396 vobis
878 3337 1033 3418 pollicitus
1053 3349 1108 3411 est,
1129 3336 1230 3396 omnia

85 3436 290 3505 paeemlsecuta
312 3437 400 3497 suut,
435 3437 579 3504 tantaque
604 3423 723 3506 ignavia
742 3435 772 3482 et
797 3422 958 3482 timiditate
977 3444 1030 3482 vos
1051 3444 1116 3482 esse
1133 3423 1230 3482 refer-
1259 3486 1262 3491 ,
1306 3460 1309 3465 -

84 3509 286 3582 tos'fatemini,
303 3522 367 3582 ‘ut,
395 3508 479 3592 (cum
505 3509 539 3569 in
563 3531 635 3591 agro
663 3522 768 3568 nostro
798 3507 874 3567 nulli
901 3507 1003 3568 hostes
1028 3522 1231 3582 versarentur,

79 3616 134 3654 cum
150 3586 248 3676 neque
268 3595 344 3655 mari
361 3615 622 3678 oppugnaremur,
641 3615 741 3674 neque
758 3593 820 3654 ulla
831 3590 894 3654 ¹alia
913 3586 1064 3655 calamitas
1082 3593 1230 3676 reipubli-

76 3680 304 3740 cae'aecidisset:
322 3681 377 3740 sed
395 3694 427 3741 et
443 3703 565 3741 annona
582 3681 666 3762 parvi
685 3693 852 3754 emeretur,
872 3693 903 3739 et
919 3679 1023 3765 pibilo·
1034 3680 1121 3762 peius
1142 3702 1232 3761 quam

73 3788 141 3826 nunc
165 3766 325 3825 vobiscum
350 3764 523 3849 ageretur),
557 3766 614 3826 etsi
631 3766 854 3848 praescissetis,
881 3779 972 3844 atque
997 3788 1032 3826 ex
1056 3764 1121 3827 istis
1145 3766 1229 3847 prius

69 3852 237 3926 audissetis,
256 3864 288 3911 et
304 3852 406 3912 socios
424 3853 576 3932 perituros
595 3866 626 3912 et
642 3851 804 3913 Thebanos
822 3864 964 3933 potentes
983 3851 1068 3925 fore,
1087 3865 1121 3912 et
1134 3852 1234 3927 Thra-¹

68 3938 136 3998 ciam
154 3937 331 4018 Philippum
351 3952 586 4019 occupaturum,
605 3938 686 3999 etin
704 3938 831 3998 Euboea
848 3936 969 3997 castella
987 3949 1174 3997 exstructum
1192 3936 1230 3996 iri

63 4024 169 4084 advos
190 4024 424 4109 oppugnandos,
444 4037 474 4084 et
493 4023 605 4098 omnia,
623 4045 699 4104 quae
718 4025 894 4096 factasunt,
912 4024 1013 4082 futura
1032 4043 1109 4096 esse,
1127 4035 1229 4084 tamen

62 4109 169 4190 cupide
194 4109 434 4189 facturi-pacem
452 4109 588 4169 fueritis:
615 4109 763 4170 absolvite
780 4108 983 4181 Aeschinem,
1008 4128 1067 4166 nce
1090 4129 1159 4168 cum
1183 4119 1232 4170 tot
1329 4149 1333 4157 ·

59 4194 182 4278 flagitiis
207 4193 375 4276 periurium
400 4195 585 4278 coniungite.
627 4195 735 4276 Neque
761 4195 843 4255 enim
869 4193 954 4256 uobis
979 4192 1121 4253 iniuriam
1145 4193 1249 4255 facit:'
1276 4234 1279 4238 -

30 4283 111 4341 ‘sed
124 4302 191 4364 ego
215 4280 336 4342 insanio
371 4294 401 4340 et
423 4304 490 4342 sum
504 4282 679 4355 ‘'attonitus,
715 4282 768 4361 qui
792 4301 862 4342 eum
887 4300 1133 4339 nuucaccusem.
1175 4279 1230 4341 Sin

56 4368 163 4429 omnia
175 4367 293 4429 horum
311 4368 476 4442 contraria,
505 4376 536 4429 et
553 4367 648 4435 multa
666 4367 798 4448 benigna
815 4364 928 4438 locuti,
950 4365 1133 4447 -Phitippum
1151 4359 1316 4429 bene.260
