2722 4754
97 248 106 279 l

32 185 193 257 ”aaa
423 119 1024 293 nnuosruaursonlrro
1092 148 1106 230 ἶ
1187 142 1195 153 ”

131 347 253 410 ficentia
269 348 366 430 gratia
376 299 520 409 habenda
539 361 595 423 est,
612 370 678 411 eam
692 349 744 411 illi
751 349 860 411 hahete
879 362 910 410 et
926 347 1056 434 relerte,
1075 294 1129 406 sed
1147 342 1311 428 grassandi
1334 352 1337 357 ’

26 439 53 465 ’·
133 454 169 494 ex
187 433 314 494 libidine
332 433 488 494 licentiam
504 454 557 495 ue
563 433 656 496 detis.
682 434 765 495 nulla
781 435 865 497 enim
882 455 932 495 res
951 446 1003 494 aut
1021 431 1166 501 meritum
1182 440 1309 491 tantum
1352 483 1357 489 .

120 531 188 592 est,
195 522 241 578 ut
259 539 294 578 ea
311 516 433 579 licentia
450 532 611 600 propterea
630 520 781 587 concedit
789 520 905 581 debeat
931 519 987 578 Sin
1005 506 1107 578 autem
1126 516 1167 577 ob
1185 512 1309 577 timidi·
1312 566 1320 582 ,

132 616 224 666 tatem
243 615 335 682 atque
361 603 568 665 effeminatum
595 607 729 666 animum
746 605 807 666 hoc
823 605 932 666 iecisse
955 602 1170 671 convincetur:
1196 605 1239 661 ne'
1258 598 1310 659 fu·

132 711 201 751 cum
219 686 306 749 vobis
324 689 392 751 fieri
408 684 572 784 patiamini
599 690 660 751 ld
651 691 745 773 agitur
759 691 930 790 quomodo·
943 687 1157 772 cognoscetis?
1184 687 1264 770 Ego
1277 697 1310 746 et

19 761 23 770 ¹
129 773 192 834 hoc
219 762 356 849 docebo,
392 780 515 836 exorsus
541 798 560 841 a
584 775 778 857 principio·
775 777 853 836 Res
881 774 962 834 enim
987 775 1090 855 paucis
1116 773 1313 854 expedietur,

131 859 253 920 tametsi
271 859 360 920 altius
378 860 507 951 repetita
524 860 668 921 videatur.
700 860 889 943 Largitiones
907 861 988 940 apud
1004 879 1059 919 vos
1077 858 1193 940 primae
1211 857 1311 919 lactu
1350 906 1354 914 .

13 1001 27 1017 ,
132 958 204 1007 sunt
221 943 255 1004 in
270 944 435 1006 Euboeam.
470 944 520 1003 ln
532 945 646 1016 horum
658 966 788 1007 numero
807 967 870 1007 non
888 945 946 1006 fuit
963 942 1088 1018 Midias,
1105 945 1161 1007 sed
1180 963 1258 1027 ego:
1278 955 1309 1003 et

27 1092 31 1098 ,
68 1062 72 1071 ’
131 1030 325 1092 trierarchiae
343 1030 443 1090 socius
462 1028 536 1091 mihi
553 1031 613 1091 fuit
627 1031 775 1107 Philinus,
793 1029 1003 1091 NicostratiF.
1021 1028 1108 1089 Aliae
1124 1028 1239 1090 deinde
1258 1047 1308 1088 se-

117 1115 276 1179 'eundae
261 1137 299 1174 ιιι
319 1114 497 1199 Olynthum.
514 1115 607 1177 Nec
597 1137 628 1185 ιιι
648 1115 790 1178 horum
776 1136 905 1176 numero
923 1115 982 1175 suit
1000 1113 1115 1175 Midias.
1134 1113 1306 1175 Hominem

28 1253 30 1259 ι
131 1215 234 1264 antem
260 1200 438 1261 munificum
465 1199 582 1280 ubique
611 1223 695 1261 suam
723 1201 873 1262 declarare
902 1198 1114 1260 liberalitatem
1141 1199 1305 1262 decuisset

82 1314 86 1327 f
130 1287 221 1348 Nunc
239 1285 295 1345 hae
311 1285 420 1346 tertiae
437 1285 613 1386 largitiones
631 1287 726 1348 sactae
744 1301 823 1348 sunt
852 1286 909 1347 lbi
916 1286 1046 1345 demum
1057 1285 1174 1365 aliquid
1192 1298 1306 1346 contu·
1328 1332 1330 1337 .

84 1400 92 1419 ι
130 1372 180 1433 lit
184 1371 388 1449 Quomodo?
405 1367 510 1433 Cum'
500 1394 533 1431 ιι
551 1384 659 1433 senatu
676 1372 853 1456 largitiones
871 1372 991 1443 fierent,
1009 1370 1146 1449 quamvis
1163 1383 1230 1431 ιιιιιι
1251 1357 1304 1431 ati
1324 1376 1329 1385 ‘

24 1474 32 1489 ²
132 1468 222 1530 esset,
239 1455 316 1515 nihil
335 1469 386 1517 est
398 1454 532 1539 largitus.
565 1456 733 1557 Postquam
751 1479 824 1519 vero
843 1455 1049 1529 nuntiabatur,
1067 1454 1205 1516 obsideri
1222 1449 1305 1515 mili·

33 1572 36 1576 ·
130 1555 178 1604 tes
188 1540 346 1624 Tamy'nis,
364 1554 395 1604 et
406 1542 523 1621 reliqui
532 1542 650 1623 equites
669 1564 786 1618 omnes,
804 1563 937 1623 quorum
951 1542 1009 1601 iste
1027 1562 1106 1601 unus
1126 1553 1202 1615 erat,
1221 1541 1323 1603 exire'

131 1627 397 1690 senatusconsulto
423 1626 622 1688 iubebantur:
636 1641 711 1688 tum
737 1627 860 1689 demum
879 1626 970 1687 huius
994 1626 1201 1706 expeditionis
1218 1639 1312 1688 metu·

61 1741 68 1756 ι
130 1713 168 1772 iu
181 1710 316 1793 proxima
334 1711 505 1785 concione,
525 1713 614 1774 etiarn
633 1712 808 1794 priusquam
826 1713 978 1794 principes
997 1712 1225 1787 consedissent,
1234 1711 1302 1772 lar

103 1869 105 1875 Ι
131 1798 213 1880 gitus
231 1809 284 1856 cst
318 1797 389 1871 Qua
407 1809 508 1857 aute-m
526 1819 560 1857 re
578 1811 639 1858 tam
657 1798 815 1859 evidenter
833 1798 954 1859 ostendi
970 1808 1088 1878 potest,
1106 1809 1143 1856 ut
1160 1816 1217 1871 nec
1228 1796 1332 1919 ipre

131 1902 242 1964 negare
261 1881 349 1955 ausit,
368 1881 570 1962 expeditionis
588 1883 679 1972 luga,
696 1904 764 1943 non
778 1884 880 1944 studio
899 1882 1103 1957 liberalitatis,
1121 1882 1154 1941 id
1172 1902 1249 1943 esse
1256 1868 1332 1942 sa-'l

98 1992 110 2013 t
131 1967 238 2029 ctum?-
244 1966 292 2026 ιιι
312 1965 377 2027 eius
394 1966 492 2040 iactis,
510 1988 586 2047 quae
605 1970 719 2050 postea
726 1982 833 2030 secuta
845 1982 929 2030 sunt
964 1968 1040 2028 Nam
1059 1968 1202 2048 primum,
1214 1988 1304 2041 curn,

130 2071 291 2152 progressa
316 2053 464 2113 concione
483 2066 514 2113 et
530 2074 564 2114 re
591 2055 758 2135 disputata,
780 2075 850 2116 non
874 2053 933 2114 iam
959 2073 1035 2134 opus
1055 2073 1121 2112 esse
1145 2050 1305 2114 rideretur

131 2136 249 2203 auxiliis
269 2137 416 2216 equiturn,
432 2152 466 2199 et
480 2139 633 2219 expeditio
647 2139 787 2222 frigeret:
806 2161 870 2200 non
882 2139 1061 2199 conscendit
1073 2159 1198 2212 navem,
1206 2126 1329 2237 quam‘

133 2223 276 2297 donarat,
291 2225 348 2283 sed
365 2223 550 2302 inquilinum
565 2225 654 2285 illum
672 2225 770 2298 misit,
796 2225 984 2308 Aegyptium
1001 2223 1211 2304 Pamphilum:
1226 2224 1304 2304 ·ipse

132 2308 182 2369 hic
200 2308 327 2368 haerens
345 2307 582 2371 Bacchanalibus
602 2331 636 2369 ea
653 2310 853 2412 perpetravit,
871 2323 998 2410 prqpter
1015 2330 1093 2389 quae
1111 2330 1195 2368 nunc
1211 2329 1304 2369 aceu-

76 2384 101 2434 Γ
132 2399 221 2473 satur.
238 2394 404 2473 Postquam
421 2415 495 2455 rero
513 2394 678 2455 Phocion
669 2409 834 2477 imperator
852 2395 969 2476 equites
982 2394 1157 2477 Arguraeos
1175 2390 1241 2454 ad
1231 2413 1304 2454 suc-

45 2494 58 2501 ··
131 2478 300 2539 cessionem
320 2469 510 2552 arcessebat,
533 2492 564 2539 ct
580 2480 722 2543 timidum
740 2495 831 2560 atque
850 2479 1094 2541 exsecrandum
1084 2492 1185 2541 astum
1194 2478 1304 2539 frande
1353 2526 1356 2530 .

130 2583 221 2647 agere
240 2564 409 2625 constabat·
427 2576 512 2638 tum,
529 2582 579 2624 eo
592 2566 699 2626 ordine
717 2566 874 2640 relicto,
864 2588 897 2626 ιιι
915 2586 1022 2625 navem
1040 2586 1072 2625 se
1092 2560 1242 2638 coniecit,
1262 2575 1326 2650 ει(

106 2654 109 2658 ’
133 2658 264 2730 quorum
284 2649 421 2728 equitnm
439 2606 519 2730 apud
536 2671 591 2710 vos
615 2651 783 2732 praelectus
803 2672 869 2711 esse
886 2650 1001 2723 voluit,
1029 2672 1096 2710 cum
1115 2649 1152 2710 iis
1172 2670 1236 2710 nou
1254 2661 1304 2708 est

35 2757 38 2762 ·
78 2806 80 2811 Ι
130 2753 286 2817 egressus
314 2733 435 2809 Quodsi
453 2735 553 2813 qnid
545 2757 577 2794 ιιι
595 2757 669 2797 man
661 2736 816 2821 periculi
833 2736 1009 2808 fuisset,1n
1026 2748 1136 2805 terram
1154 2734 1303 2794 nimirum

29 2854 32 2858 Δ
131 2832 175 2880 se
183 2819 370 2880 contulisset.
386 2818 430 2880 At
446 2819 537 2879 noh
527 2833 569 2879 ιιι
586 2805 756 2896 Niceratus,
772 2821 877 2883 Niciae
894 2821 989 2894 filius,
1005 2821 1153 2913 gratiosus
1169 2821 1230 2893 ille,
1246 2840 1302 2880 οι

100 2924 105 2948 ··
130 2905 187 2965 bus
206 2903 327 2976 liberis,
346 2925 477 2986 corpore
491 2926 615 2987 prorsus
635 2906 863 2987 debilitasque
881 2907 923 2966 ita
940 2892 1127 2993 Euctemon,
1145 2904 1303 2976 hesionis,

28 3044 31 3056 ,
130 3010 231 3070 neque
249 2989 477 3073 Euthydemus,
496 2989 652 3052 Stratoclis
668 2984 718 3051 γι*
746 2992 822 3051 Nam
842 2991 952 3052 horum
970 3012 1073 3065 nemo,
1089 2992 1171 3051 ultro
1190 2990 1303 3050 collata

84 3074 88 3082 ’
124 3074 271 3148 trireme,
290 3075 515 3156 expeditionem
531 3075 614 3136 illam
632 3077 782 3152 deseruit,
806 3079 860 3138 sed
873 3098 985 3139 navem
1007 3077 1089 3137 illam
1113 3075 1265 3136 muneris
1270 3087 1304 3136 et

130 3117 272 3220 beneficii
290 3159 387 3220 loco'
377 3171 555 3222 rnstructam
575 3162 659 3222 dedit
676 3164 714 3223 ad
732 3164 855 3224 classem
874 3163 1059 3247 augendam:
1074 3161 1140 3223 uhi
1157 3181 1232 3221 vero
1252 3160 1303 3219 lex

79 3310 81 3319 ,
129 3244 264 3319 iubebat,
282 3245 326 3304 ihi
339 3246 405 3305 suis
424 3247 482 3328 ipsr
473 3247 678 3328 'corporibus
698 3249 924 3309 decernendum
943 3260 1134 3308 censuerunt
1152 3246 1223 3308 Alia
1239 3244 1301 3305 Mi-

78 3387 82 3395 ,
129 3331 197 3403 diae
214 3330 304 3389 ιιιὶο
310 3330 379 3404 luit,
397 3333 534 3411 equiturn
552 3333 705 3413 praefecti.
727 3326 804 3395 Nam
823 3335 930 3394 ordine
949 3333 1087 3416 legitimo
1106 3333 1236 3411 deserto,
1253 3331 1307 3403 td,

126 3416 355 3496 propterquod
373 3437 487 3496 poenas
508 3419 578 3478 dare
596 3418 688 3480 dehet
713 3419 951 3501 reipublicae,
942 3442 974 3478 ιιι
994 3418 1134 3480 beneficii
1151 3418 1218 3478 loco
1237 3437 1301 3475 nu-

126 3499 264 3560 merablt.
289 3500 386 3581 ·Atqui
403 3502 495 3563 talem
511 3503 719 3565 trierarchiarn
737 3519 850 3578 utrum,
868 3527 924 3587 per
941 3506 1026 3579 deos,
1044 3501 1303 3569 nundinationem

128 3597 159 3644 et
177 3585 364 3646 exactionem
383 3600 415 3647 et
432 3589 649 3650 desertionem
655 3590 798 3650 ordinum
816 3592 1002 3670 militiaeque
1019 3589 1148 3672 fugam,
1163 3599 1195 3646 et
1212 3585 1300 3666 quic

33 3742 35 3746 Ι
127 3669 201 3770 quid
220 3671 310 3730 huius
330 3673 448 3753 generis
463 3687 532 3747 est,
557 3676 707 3755 appellare
725 3677 828 3756 potius
856 3675 1033 3748 conveniet,
1061 3696 1099 3734 an
1117 3671 1300 3732 munificen-

78 3826 81 3831 4
124 3756 198 3815 tiana
216 3767 247 3816 et
264 3756 497 3820 liberalitatem?
521 3760 609 3843 Nam,
627 3783 706 3822 curn
712 3761 799 3821 nullo
817 3761 876 3822 alio
894 3762 988 3820 modo
1007 3760 1155 3840 equestris
1176 3756 1301 3838 expedi-

125 3840 219 3900 tionis
238 3841 472 3904 immunitatem·
469 3859 581 3926 posset
596 3845 765 3927 adipisci,
756 3859 861 3906 istam
856 3845 1044 3928 excogitavit
1062 3844 1170 3903 Midias
1188 3860 1301 3903 novam

84 3993 86 3998 ,
126 3927 276 4006 quandam
295 3929 446 4008 equitatus
465 3930 726 4012 nundinationem.
754 3929 860 4012 Atque
876 3945 941 3992 tum
960 3932 1080 4003 iterum,
1100 3949 1168 3988 curn
1186 3927 1301 4007 reliqui

124 4011 282 4071 trierarchi
302 4033 426 4088 omnes,
452 4038 506 4095 qur
496 4015 638 4095 aliquid
665 4005 767 4101 largiti
785 4031 885 4088 erant,
913 4037 967 4075 vos
987 4016 1018 4075 in
1041 4008 1157 4075 reditu
1164 4033 1181 4071 e
1199 4010 1300 4096 Styris

118 4096 343 4179 comitarentur
360 4120 399 4161 ao
413 4101 614 4187 deducerent:
622 4102 743 4165 solus
734 4116 791 4162 rste
809 4103 970 4162 comitatus
988 4122 1052 4162 non
1072 4113 1135 4174 est,
1149 4100 1224 4170 sed,
1242 4116 1298 4156 vo·
1346 4117 1351 4127 ¹

21 4180 24 4185 ’
124 4181 171 4240 bic
188 4184 353 4266 neglectis,
371 4172 483 4246 vallos·
481 4174 516 4246 et
533 4188 666 4266 pecudes
686 4201 718 4247 et
733 4187 815 4246 fores
833 4188 872 4246 ad
890 4207 938 4259 se,
957 4200 989 4247 et
1005 4188 1119 4270 ligna
1106 4186 1143 4244 ad
1161 4181 1299 4266 argenti-

122 4265 273 4328 fodinae'
264 4270 519 4332 instructionem
517 4273 693 4352 asportavit
737 4272 870 4332 Proinde
895 4286 1037 4351 quaestus
1056 4272 1208 4352 privatus,
1233 4287 1300 4328 uon

124 4372 202 4412 onus
218 4352 376 4434 publicum
394 4355 452 4417 illa·
462 4356 637 4422 trierarchia
653 4355 785 4418 homini
796 4357 990 4438 spurcissimo
1009 4358 1074 4417 fuit.
1110 4357 1195 4415 Haec
1214 4375 1237 4414 a
1249 4371 1300 4411 mc
