2722 4754
738 88 744 99 ι
848 80 867 132 ,
1277 106 1282 116 ,

289 181 558 321 ιἰιιιιιιιιι
592 159 1015 285 ιιιιιιοιιιοιιιιιι
1049 198 1070 256 ι.
1200 158 1282 261 aas*
1313 190 1317 216 ¹

42 361 48 373 '
114 368 196 450 autem
218 347 277 410 iste
300 349 370 434 lege
394 372 448 411 sua
465 349 552 411 vobis
569 357 683 410 nocere
700 338 849 424 conetur,
872 373 932 432 qua
949 351 1001 425 fit,
1024 362 1059 411 ut
1076 349 1127 424 bi,
1150 342 1269 432 quibus

45 448 51 458 '
112 442 137 505 ιι
151 437 244 500 animo
264 448 312 495 est
329 437 523 517 malefacere,
557 434 701 516 impuniti
725 449 882 497 maneant:
915 448 1042 517 propter
1055 436 1131 508 baec
1150 435 1264 510 omnia,

69 536 175 610 'quae
191 520 331 594 diximus,
349 520 586 582 irascendum
558 541 589 586 ιι,
605 534 656 581 ιιι
667 533 699 580 ιι
715 519 897 603 supplicium
915 519 1127 604 infligendum,
1144 535 1180 582 ut
1196 522 1262 582 eius

42 615 71 675 ι’
106 605 233 688 exemplo
257 605 310 666 alii
333 607 394 665 sint
417 605 489 666 ιιι
479 606 620 666 iniuriam
643 606 806 666 tardiores.
833 605 912 664 Nam
935 607 1047 669 talibus
1073 607 1136 668 leni
1159 607 1261 668 animo
1330 645 1335 656 ‹

41 723 43 737 ι
99 711 232 792 parcere,
257 704 325 766 aut,
350 691 408 752 etsi
426 690 593 767 damnetis,
618 685 756 772 exiguam
773 703 875 751 tamen
894 689 936 751 eis
954 692 1125 753 mulctam·
1115 706 1262 776 irrogare,
1281 699 1291 738 Γ

95 803 160 843 non
174 775 256 838 aliud
275 790 337 852 est,
367 799 464 858 quam
471 777 690 838 consuefacere
708 790 810 857 atque
817 775 977 838 instituere
996 778 1262 858 quamplurimos,
1325 780 1330 792 '

87 887 132 928 nc
154 884 204 925 vos
223 861 344 924 iniuriis
361 863 484 927 afficere
501 875 670 932 vereantur.
1273 873 1277 879 '

110 1199 339 1277 ιιιιιιιο
380 1154 1232 1285 ιιιιιιιιιιιι·ι·ιιιιιίιιιιιοιιιιιιΙ
1274 1244 1278 1254 ,
1342 1192 1349 1217 ‘

223 1499 225 1503 ·
294 1489 548 1554 c1nanu
597 1484 1057 1554 Ancomnnrum
1109 1445 1225 1561 9'.

41 1584 308 1721 Pythangelus
327 1632 359 1679 et
376 1618 528 1700 Scaphon,
546 1617 713 1700 conspicati
730 1618 908 1682 Hieroclem
919 1604 1075 1688 serentem
1092 1644 1190 1686 sacras
1208 1649 1261 1689 ve-

42 1720 172 1780 stes,
196 1705 307 1787 quibus
326 1703 416 1766 etiarn
434 1725 524 1765 aurea
542 1704 689 1786 scriptura
707 1704 825 1781 inerat,
851 1727 976 1783 eorum,
1004 1729 1058 1788 qur
1048 1707 1261 1800 dedicerant,

48 1791 219 1852 momina
233 1790 421 1874 significans,
445 1792 483 1872 ad
501 1803 638 1852 senatum
662 1791 819 1853 adducunt
834 1804 870 1852 ut
886 1793 1074 1875 sacrilegum.
1103 1788 1172 1868 Qui
1190 1806 1260 1871 cunt
1305 1802 1308 1809 '

71 1899 166 1938 eum
182 1876 377 1959 postridiein
396 1876 575 1951 concionem
593 1875 765 1937 duxissent:
783 1877 891 1951 illese,
908 1900 926 1939 a
941 1878 1106 1939 sacrificula
1124 1880 1261 1957 missum,
1298 1900 1301 1905 “

71 1985 143 2024 <cas
161 1962 309 2043 accepisse
335 1961 409 2021 dicit
432 1970 548 2036 vestes,
572 1973 608 2021 ιιι
624 1961 729 2022 serret
742 1962 780 2021 ad
798 1982 911 2022 sacram
936 1963 1138 2044 venationem.
1180 1960 1259 2027 Tum
1307 2000 1310 2007 ·

78 2046 284 2128 Aristogiton
304 2047 459 2107 decretum
477 2046 564 2119 facit,
581 2047 712 2126 primum
730 2046 796 2107 sine
811 2060 933 2108 senatus
952 2038 1148 2132 auctoritate,
1172 2051 1259 2110 dein·
1267 2064 1273 2071 ·

93 2133 127 2192 de
144 2132 378 2204 atrocissimum,
396 2153 457 2211 quo
475 2131 571 2227 iubet,
588 2154 615 2191 ιι
606 2130 768 2204 fateatur,
786 2152 819 2192 se
834 2145 932 2193 vestes
951 2124 1104 2207 extulisse,
1123 2155 1193 2195 eum
1210 2134 1259 2195 in-

92 2216 188 2291 terfici
206 2216 323 2277 statim:
350 2216 398 2282 sin
417 2216 526 2300 neget',
542 2216 689 2276 iudicium
706 2217 745 2277 de
762 2237 801 2279 co
818 2216 893 2285 fieri.
936 2217 1010 2277 Eius
1029 2218 1152 2279 decreti
1162 2240 1196 2280 ea
1214 2218 1281 2287 vis

93 2315 168 2377 erat,
179 2325 223 2362 ·s1
213 2303 386 2387 'fateretur
408 2323 530 2375 verum,
554 2313 590 2362 ut
607 2322 678 2363 mon
703 2301 907 2363 occideretur:
932 2302 979 2362 sin
997 2302 1056 2364 iret
1074 2303 1200 2376 infitias,
1223 2317 1260 2364 ut

93 2388 191 2479 paulo
199 2378 283 2471 post
286 2387 367 2447 idem
384 2400 546 2468 pateretur.
565 2388 599 2448 ld
617 2388 772 2449 decretum
787 2399 939 2446 utcontra
956 2387 1040 2468 leges
1058 2386 1170 2449 lactum
1189 2410 1258 2449 cum

92 2470 261 2535 accusasset
284 2472 519 2547 Phanostratus,
550 2471 703 2533 Hieroclis
728 2471 774 2532 rei
796 2484 898 2553 pater,
929 2471 1015 2542 socio
1039 2473 1259 2548 Demosthene,

93 2558 276 2619 condemnat
292 2570 328 2617 ut
345 2571 451 2618 contra
468 2558 551 2640 leges
568 2558 697 2619 lactum:
715 2557 839 2625 iudices
856 2558 942 2618 litem
960 2556 1121 2623 aestimant
1137 2559 1259 2620 Aristo-

46 2671 56 2677 ·
93 2643 191 2727 gitoni
209 2643 343 2725 quinque
361 2643 491 2725 talentis.
513 2644 582 2704 Hoc
599 2643 731 2725 primum
749 2664 799 2703 aes
817 2642 950 2714 alienum
968 2643 1122 2705 contrahit
1138 2642 1259 2713 Aristo-

95 2728 189 2812 giton.
221 2728 341 2789 Deinde
356 2751 429 2788 cum
446 2729 658 2811 Hegemonetn
681 2741 851 2789 accusasset
868 2741 900 2788 et
925 2739 1044 2789 causam
1062 2727 1095 2787 in
1111 2727 1258 2791 iudicium
1282 2733 1343 2795 488

95 2813 279 2875 deduxisset:
307 2814 413 2899 quinta
430 2813 644 2896 suffragiorum
661 2826 747 2893 parte
763 2835 828 2880 non
845 2826 983 2894 accepta,
1009 2813 1091 2873 mille
1108 2813 1259 2878 drachmis
1327 2838 1349 2869 ¹,

79 2911 138 2958 ,est
155 2899 326 2963 mulctatus.
361 2888 445 2959 Cum
463 2912 565 2959 autem
583 2896 724 2960 mulctam
751 2899 829 2974 intra
846 2897 1040 2980 praefinitum
1056 2912 1177 2979 tempus
1195 2914 1261 2963 non

91 2982 247 3044 solvisset:
283 2985 403 3067 exlege
428 2981 596 3067 duplicatae
620 2996 693 3046 sunt
716 2966 863 3059 mulctae,
899 2996 930 3044 et
948 2985 1054 3045 decem
1077 2984 1191 3046 talenta
1215 2985 1260 3046 fa-

41 3128 45 3133 .
92 3081 135 3129 cta
154 3079 186 3128 et
203 3067 255 3130 bis
269 3068 351 3131 mille
371 3071 536 3132 drachmae.
579 3071 640 3130 Pro
657 3069 714 3130 hac
739 3069 868 3152 pecunia
885 3091 975 3133 suum
1001 3069 1155 3170 quoddam
1167 3090 1271 3152 prae
1341 3098 1345 3106 ·

42 3184 46 3190 ·
90 3152 174 3213 dium
173 3155 378 3255 peipublicae
395 3156 598 3230 transscribit,
626 3154 719 3234 idque
736 3155 904 3236 praedium
910 3155 1068 3217 Eunomus
1088 3156 1177 3230 emit,
1199 3157 1259 3219 sra-
1338 3174 1341 3183 ‘

66 3250 138 3301 ιιι
154 3224 239 3315 ciris,
275 3240 371 3321 spatio
397 3241 546 3302 reddendi
569 3240 646 3301 aeris
669 3240 761 3300 alieni
785 3241 958 3322 postulato,
991 3254 1028 3302 nt
1045 3242 1150 3311 decem
1172 3242 1259 3327 punis
1300 3312 1307 3322 ι

82 3323 274 3401 universum,
286 3326 483 3402 dissolveret,
509 3325 672 3426 quotannis
691 3325 887 3387 convenienti
904 3338 989 3408 parte
1004 3340 1170 3395 numerata
1208 3327 1260 3393 Αι

90 3409 162 3475 duas
172 3410 307 3491 quidem
326 3412 488 3492 pensiones
506 3411 666 3495 praestitit,
683 3411 796 3471 talenta
815 3412 876 3471 duo
893 3423 925 3471 ct
942 3404 1104 3472 dr'aebmas
1115 3412 1259 3493 quadrin-

89 3506 227 3637 {catast
202 3496 347 3576 .reliqua
366 3496 525 3571 debentur,
542 3498 655 3561 talenta
673 3510 755 3571 octo,
773 3496 856 3557 mille
874 3495 1032 3563 drachmae
1048 3510 1079 3558 et
1093 3435 1260 3565 educentae.

113 3600 166 3639 um
184 3580 282 3663 igitur
298 3581 492 3666 Aristogiton
510 3581 632 3642 dicendi
649 3582 761 3643 babere
778 3570 837 3643 sibi
854 3594 1040 3664 potestatem
1057 3581 1212 3653 videretur
1230 3595 1261 3643 et
1300 3631 1303 3636 f

87 3685 150 3724 non
169 3666 231 3741 iam
257 3667 389 3728 aerarius
408 3688 492 3742 esse,
520 3666 659 3728 debitore
677 3689 733 3748 pro
752 3689 785 3729 se
808 3668 977 3729 constituto
1001 3668 1200 3749 reipublicae:
1228 3679 1261 3728 et
1317 3716 1324 3737 ,

67 3822 70 3827 ,
87 3726 252 3811 accusabit
269 3752 382 3812 multos
402 3766 434 3813 et
450 3753 705 3827 concionabatur,
722 3753 841 3836 legibus
861 3775 942 3828 eum,
959 3754 1013 3834 qni
1030 3754 1146 3814 aerario
1165 3753 1259 3814 debe-

86 3847 142 3908 ret,
160 3850 327 3916 antequam
344 3838 520 3912 solvisset,
510 3838 677 3921 ignominia
694 3839 881 3905 notantibus.
897 3839 1094 3921 Quapropter
1112 3861 1183 3900 eum
1198 3840 1259 3922 lay-

78 3916 200 4003 'cu'rgns
219 3942 307 3981 reum
324 3918 413 3997 fecit,
430 3937 465 3983 ut
484 3924 536 4004 qui
555 3923 718 3985 conciones
737 3924 878 4000 baberet,
893 3946 965 3985 cum
983 3925 1015 3986 id
1034 3946 1063 3985 ιι
1053 3922 1187 3985 facere
1194 3936 1259 3983 non

87 4004 200 4068 liceret
238 4007 321 4083 Quia
345 4028 418 4069 vero
443 4010 581 4071 nondum
600 4029 636 4069 ex
660 4030 735 4071 arce,
746 4010 864 4071 deletus
883 4023 947 4071 erat
968 4009 1180 4092 Aristogiton,
1205 4007 1259 4069 sed
1295 4076 1299 4081 ,

88 4092 200 4152 mulcta
219 4091 385 4153 etiamnum
403 4094 561 4195 inscripta,
587 4107 619 4154 ιι
636 4107 738 4155 tamen
757 4108 857 4157 emtor
872 4095 989 4176 praedii
1007 4095 1128 4155 debitor
1145 4092 1259 4155 consti·
1284 4126 1288 4153 ,·

88 4185 171 4239 tutus
190 4178 307 4238 suerat.
321 4178 425 4241 oritur
442 4180 590 4281 quaestio,
608 4192 712 4241 utrum
730 4193 829 4241 emtor
840 4179 962 4262 praedii
980 4181 1123 4241 duntaxat
1141 4175 1260 4263 debeat,
1290 4216 1293 4221 <
1344 4186 1355 4201 “

41 4303 45 4309 -
88 4281 124 4320 an
142 4284 219 4325 vero
238 4262 264 4326 is
283 4264 383 4340 ctiam,
400 4265 455 4346 qui
472 4264 586 4346 primus
605 4287 655 4327 aes
673 4265 805 4329 alienum
825 4264 984 4340 conflarit,
999 4286 1036 4344 eo
1054 4285 1168 4347 usque,
1186 4264 1260 4325 dnm
1328 4299 1330 4303 ·

87 4346 224 4409 solutum
243 4347 276 4409 id
292 4347 392 4412 luerit
435 4349 542 4432 Atque
560 4351 644 4477 baec
653 4353 691 4413 de
718 4351 834 4433 duplici
851 4349 973 4447 debito
980 4349 1188 4424 controversia
1202 4360 1260 4411 est.
