<?xml version="1.0" encoding="UTF-8"?>
<!DOCTYPE html PUBLIC "-//W3C//DTD XHTML 1.0 Transitional//EN"
    "http://www.w3.org/TR/xhtml1/DTD/xhtml1-transitional.dtd">
<html xmlns="http://www.w3.org/1999/xhtml" xml:lang="en" lang="en">
 <head>
  <title>
</title>
<meta http-equiv="Content-Type" content="text/html;charset=utf-8" />
  <meta name='ocr-system' content='tesseract 3.04.00' />
  <meta name='ocr-capabilities' content='ocr_page ocr_carea ocr_par ocr_line ocrx_word'/>
</head>
<body>
  <div class='ocr_page' id='page_1' title='image "./demosthenisquae04schgoog_0695.png"; bbox 0 0 2722 4754; ppageno 0'>
   <div class='ocr_carea' id='block_1_1' title="bbox 152 159 1034 294">
    <p class='ocr_par' dir='ltr' id='par_1_1' title="bbox 152 159 1034 294">
     <span class='ocr_line' id='line_1_1' title="bbox 152 159 1034 294; baseline 0.009 -51"><span class='ocrx_word' id='word_1_1' title='bbox 152 186 213 243; x_wconf 82' lang='lat' dir='ltr'><strong>sss</strong></span> <span class='ocrx_word' id='word_1_2' title='bbox 387 181 443 212; x_wconf 68' lang='lat'><em>*</em></span> <span class='ocrx_word' id='word_1_3' title='bbox 556 159 919 294; x_wconf 78' lang='lat' dir='ltr'><strong>nunosruuhis</strong></span> <span class='ocrx_word' id='word_1_4' title='bbox 1025 219 1034 232; x_wconf 36' lang='grc' dir='ltr'>κ</span> 
     </span>
    </p>
   </div>
   <div class='ocr_carea' id='block_1_2' title="bbox 149 334 1323 619">
    <p class='ocr_par' dir='ltr' id='par_1_2' title="bbox 149 334 1323 595">
     <span class='ocr_line' id='line_1_2' title="bbox 150 334 1323 446; baseline 0.011 -51"><span class='ocrx_word' id='word_1_5' title='bbox 150 334 197 395; x_wconf 85' lang='lat' dir='ltr'><strong>bis</strong></span> <span class='ocrx_word' id='word_1_6' title='bbox 216 335 381 418; x_wconf 83' lang='lat' dir='ltr'><strong>praebent,</strong></span> <span class='ocrx_word' id='word_1_7' title='bbox 395 336 546 399; x_wconf 85' lang='lat' dir='ltr'><strong>simillima</strong></span> <span class='ocrx_word' id='word_1_8' title='bbox 563 355 635 402; x_wconf 88' lang='lat' dir='ltr'><strong>sunt</strong></span> <span class='ocrx_word' id='word_1_9' title='bbox 653 342 746 446; x_wconf 80' lang='lat' dir='ltr'>cibis,</span> <span class='ocrx_word' id='word_1_10' title='bbox 768 366 848 424; x_wconf 89' lang='lat' dir='ltr'><strong>quos</strong></span> <span class='ocrx_word' id='word_1_11' title='bbox 865 342 977 405; x_wconf 86' lang='lat' dir='ltr'><strong>medici</strong></span> <span class='ocrx_word' id='word_1_12' title='bbox 994 343 1132 426; x_wconf 81' lang='lat' dir='ltr'><strong>aegrotis</strong></span> <span class='ocrx_word' id='word_1_13' title='bbox 1150 344 1237 420; x_wconf 79' lang='lat' dir='ltr'><strong>dant,</strong></span> <span class='ocrx_word' id='word_1_14' title='bbox 1251 349 1323 426; x_wconf 59' lang='lat' dir='ltr'><strong>quir</strong></span> 
     </span>
     <span class='ocr_line' id='line_1_3' title="bbox 150 422 1311 523; baseline 0.009 -41"><span class='ocrx_word' id='word_1_15' title='bbox 150 432 186 523; x_wconf 78' lang='lat' dir='ltr'><strong>pt</strong></span> <span class='ocrx_word' id='word_1_16' title='bbox 202 443 260 494; x_wconf 90' lang='lat' dir='ltr'><strong>nec</strong></span> <span class='ocrx_word' id='word_1_17' title='bbox 277 422 356 482; x_wconf 79' lang='lat' dir='ltr'><strong>vires</strong></span> <span class='ocrx_word' id='word_1_18' title='bbox 374 436 505 505; x_wconf 79' lang='lat' dir='ltr'><strong>augent,</strong></span> <span class='ocrx_word' id='word_1_19' title='bbox 529 446 587 485; x_wconf 90' lang='lat' dir='ltr'><strong>nec</strong></span> <span class='ocrx_word' id='word_1_20' title='bbox 605 429 701 489; x_wconf 90' lang='lat' dir='ltr'><strong>emori</strong></span> <span class='ocrx_word' id='word_1_21' title='bbox 720 429 842 505; x_wconf 85' lang='lat' dir='ltr'><strong>sinunt,</strong></span> <span class='ocrx_word' id='word_1_22' title='bbox 866 430 910 490; x_wconf 89' lang='lat' dir='ltr'><strong>sic</strong></span> <span class='ocrx_word' id='word_1_23' title='bbox 928 442 958 489; x_wconf 90' lang='lat' dir='ltr'><strong>et</strong></span> <span class='ocrx_word' id='word_1_24' title='bbox 976 448 1034 489; x_wconf 92' lang='lat' dir='ltr'><strong>nec</strong></span> <span class='ocrx_word' id='word_1_25' title='bbox 1054 428 1233 510; x_wconf 88' lang='lat' dir='ltr'><strong>desperare,</strong></span> <span class='ocrx_word' id='word_1_26' title='bbox 1256 455 1311 493; x_wconf 77' lang='lat' dir='ltr'><strong>oa·</strong></span> 
     </span>
     <span class='ocr_line' id='line_1_4' title="bbox 149 502 1220 619; baseline 0.008 -53"><span class='ocrx_word' id='word_1_27' title='bbox 149 502 235 566; x_wconf 83' lang='lat' dir='ltr'><strong>iusve</strong></span> <span class='ocrx_word' id='word_1_28' title='bbox 253 507 407 619; x_wconf 78' lang='lat' dir='ltr'>quippiam</span> <span class='ocrx_word' id='word_1_29' title='bbox 425 507 586 572; x_wconf 71' lang='lat' dir='ltr'><strong>instituere</strong></span> <span class='ocrx_word' id='word_1_30' title='bbox 605 513 726 588; x_wconf 87' lang='lat' dir='ltr'><strong>sinunt,</strong></span> <span class='ocrx_word' id='word_1_31' title='bbox 744 536 801 617; x_wconf 85' lang='lat' dir='ltr'><strong>nee</strong></span> <span class='ocrx_word' id='word_1_32' title='bbox 819 515 898 576; x_wconf 78' lang='lat' dir='ltr'><strong>setis</strong></span> <span class='ocrx_word' id='word_1_33' title='bbox 909 513 981 594; x_wconf 87' lang='lat' dir='ltr'><strong>ipsa</strong></span> <span class='ocrx_word' id='word_1_34' title='bbox 992 533 1061 573; x_wconf 87' lang='lat' dir='ltr'><strong>esse</strong></span> <span class='ocrx_word' id='word_1_35' title='bbox 1080 528 1220 595; x_wconf 79' lang='lat' dir='ltr'><strong>possunt.</strong></span> 
     </span>
    </p>
   </div>
   <div class='ocr_carea' id='block_1_3' title="bbox 66 822 1318 1633">
    <p class='ocr_par' dir='ltr' id='par_1_3' title="bbox 66 822 1318 1526">
     <span class='ocr_line' id='line_1_5' title="bbox 150 822 1318 932; baseline 0 -21"><span class='ocrx_word' id='word_1_36' title='bbox 150 824 198 913; x_wconf 75' lang='lat' dir='ltr'><strong>Et</strong></span> <span class='ocrx_word' id='word_1_37' title='bbox 215 871 249 911; x_wconf 90' lang='lat' dir='ltr'><strong>ae</strong></span> <span class='ocrx_word' id='word_1_38' title='bbox 252 873 363 931; x_wconf 91' lang='lat' dir='ltr'><strong>quum,</strong></span> <span class='ocrx_word' id='word_1_39' title='bbox 388 822 611 920; x_wconf 79' lang='lat' dir='ltr'><strong>Athenienses,</strong></span> <span class='ocrx_word' id='word_1_40' title='bbox 636 859 668 907; x_wconf 92' lang='lat' dir='ltr'><strong>et</strong></span> <span class='ocrx_word' id='word_1_41' title='bbox 685 847 867 920; x_wconf 91' lang='lat' dir='ltr'><strong>honestum,</strong></span> <span class='ocrx_word' id='word_1_42' title='bbox 894 862 925 908; x_wconf 90' lang='lat' dir='ltr'><strong>et</strong></span> <span class='ocrx_word' id='word_1_43' title='bbox 942 827 1133 930; x_wconf 82' lang='lat' dir='ltr'><strong>praeclarum</strong></span> <span class='ocrx_word' id='word_1_44' title='bbox 1153 863 1216 924; x_wconf 91' lang='lat' dir='ltr'><strong>est,</strong></span> <span class='ocrx_word' id='word_1_45' title='bbox 1240 857 1318 932; x_wconf 86' lang='lat' dir='ltr'><strong>qnod.</strong></span> 
     </span>
     <span class='ocr_line' id='line_1_6' title="bbox 148 931 1312 1020; baseline 0.001 -22"><span class='ocrx_word' id='word_1_46' title='bbox 148 959 204 999; x_wconf 80' lang='lat' dir='ltr'><strong>vos</strong></span> <span class='ocrx_word' id='word_1_47' title='bbox 223 937 322 996; x_wconf 89' lang='lat' dir='ltr'><strong>facere</strong></span> <span class='ocrx_word' id='word_1_48' title='bbox 340 934 464 1006; x_wconf 91' lang='lat' dir='ltr'><strong>soletis,</strong></span> <span class='ocrx_word' id='word_1_49' title='bbox 485 933 562 996; x_wconf 90' lang='lat' dir='ltr'><strong>eius</strong></span> <span class='ocrx_word' id='word_1_50' title='bbox 581 932 672 992; x_wconf 89' lang='lat' dir='ltr'><strong>nobis</strong></span> <span class='ocrx_word' id='word_1_51' title='bbox 692 931 793 993; x_wconf 85' lang='lat' dir='ltr'><strong>etiam</strong></span> <span class='ocrx_word' id='word_1_52' title='bbox 802 953 867 992; x_wconf 86' lang='lat' dir='ltr'><strong>esse</strong></span> <span class='ocrx_word' id='word_1_53' title='bbox 885 936 1039 1020; x_wconf 89' lang='lat' dir='ltr'><strong>studium,</strong></span> <span class='ocrx_word' id='word_1_54' title='bbox 1072 935 1195 995; x_wconf 88' lang='lat' dir='ltr'><strong>divinae</strong></span> <span class='ocrx_word' id='word_1_55' title='bbox 1212 958 1258 996; x_wconf 88' lang='lat' dir='ltr'><strong>res</strong></span> <span class='ocrx_word' id='word_1_56' title='bbox 1273 941 1312 999; x_wconf 90' lang='lat' dir='ltr'><strong>uti</strong></span> 
     </span>
     <span class='ocr_line' id='line_1_7' title="bbox 136 1007 1312 1106; baseline 0.004 -28"><span class='ocrx_word' id='word_1_57' title='bbox 136 1024 199 1106; x_wconf 82' lang='lat' dir='ltr'><strong>‚pie</strong></span> <span class='ocrx_word' id='word_1_58' title='bbox 217 1044 251 1083; x_wconf 91' lang='lat' dir='ltr'><strong>ac</strong></span> <span class='ocrx_word' id='word_1_59' title='bbox 268 1021 412 1103; x_wconf 81' lang='lat' dir='ltr'><strong>religiose</strong></span> <span class='ocrx_word' id='word_1_60' title='bbox 431 1030 582 1079; x_wconf 88' lang='lat' dir='ltr'><strong>curentur</strong></span> <span class='ocrx_word' id='word_1_61' title='bbox 617 1017 664 1076; x_wconf 84' lang='lat' dir='ltr'><strong>Ac</strong></span> <span class='ocrx_word' id='word_1_62' title='bbox 689 1029 793 1078; x_wconf 88' lang='lat' dir='ltr'><strong>nostra</strong></span> <span class='ocrx_word' id='word_1_63' title='bbox 816 1007 941 1097; x_wconf 81' lang='lat' dir='ltr'><strong>quidein</strong></span> <span class='ocrx_word' id='word_1_64' title='bbox 966 1019 1084 1081; x_wconf 82' lang='lat' dir='ltr'><strong>curatio</strong></span> <span class='ocrx_word' id='word_1_65' title='bbox 1103 1019 1192 1081; x_wconf 82' lang='lat' dir='ltr'><strong>vobis</strong></span> <span class='ocrx_word' id='word_1_66' title='bbox 1212 1037 1312 1103; x_wconf 89' lang='lat' dir='ltr'><strong>oppor</strong></span> 
     </span>
     <span class='ocr_line' id='line_1_8' title="bbox 111 1100 1312 1178; baseline 0 -9"><span class='ocrx_word' id='word_1_67' title='bbox 111 1100 120 1168; x_wconf 11' lang='grc' dir='ltr'><strong>ι,</strong></span> <span class='ocrx_word' id='word_1_68' title='bbox 148 1122 224 1170; x_wconf 91' lang='lat' dir='ltr'><strong>tune</strong></span> <span class='ocrx_word' id='word_1_69' title='bbox 243 1106 368 1167; x_wconf 85' lang='lat' dir='ltr'><strong>cecidit:</strong></span> <span class='ocrx_word' id='word_1_70' title='bbox 403 1126 473 1165; x_wconf 88' lang='lat' dir='ltr'><strong>nam</strong></span> <span class='ocrx_word' id='word_1_71' title='bbox 492 1116 523 1163; x_wconf 92' lang='lat' dir='ltr'><strong>et</strong></span> <span class='ocrx_word' id='word_1_72' title='bbox 540 1101 605 1162; x_wconf 87' lang='lat' dir='ltr'><strong>lovi</strong></span> <span class='ocrx_word' id='word_1_73' title='bbox 623 1103 770 1162; x_wconf 86' lang='lat' dir='ltr'><strong>servatori</strong></span> <span class='ocrx_word' id='word_1_74' title='bbox 787 1102 1040 1178; x_wconf 79' lang='lat' dir='ltr'><strong>sacrificavimus,</strong></span> <span class='ocrx_word' id='word_1_75' title='bbox 1069 1117 1102 1165; x_wconf 86' lang='lat' dir='ltr'><strong>et</strong></span> <span class='ocrx_word' id='word_1_76' title='bbox 1120 1104 1271 1168; x_wconf 78' lang='lat' dir='ltr'><strong>Minervae</strong></span> <span class='ocrx_word' id='word_1_77' title='bbox 1287 1122 1312 1169; x_wconf 88' lang='lat' dir='ltr'><strong>et</strong></span> 
     </span>
     <span class='ocr_line' id='line_1_9' title="bbox 150 1187 1311 1270; baseline 0.001 -18"><span class='ocrx_word' id='word_1_78' title='bbox 150 1192 316 1264; x_wconf 83' lang='lat' dir='ltr'><strong>Victoriae,</strong></span> <span class='ocrx_word' id='word_1_79' title='bbox 331 1211 428 1270; x_wconf 85' lang='lat' dir='ltr'><strong>eaque</strong></span> <span class='ocrx_word' id='word_1_80' title='bbox 446 1210 529 1250; x_wconf 86' lang='lat' dir='ltr'><strong>sacra</strong></span> <span class='ocrx_word' id='word_1_81' title='bbox 548 1201 579 1248; x_wconf 92' lang='lat' dir='ltr'><strong>et</strong></span> <span class='ocrx_word' id='word_1_82' title='bbox 595 1187 721 1268; x_wconf 90' lang='lat' dir='ltr'><strong>pulchra</strong></span> <span class='ocrx_word' id='word_1_83' title='bbox 740 1199 771 1249; x_wconf 92' lang='lat' dir='ltr'><strong>et</strong></span> <span class='ocrx_word' id='word_1_84' title='bbox 789 1187 929 1250; x_wconf 88' lang='lat' dir='ltr'><strong>salutaria</strong></span> <span class='ocrx_word' id='word_1_85' title='bbox 947 1190 1035 1251; x_wconf 89' lang='lat' dir='ltr'><strong>vobis</strong></span> <span class='ocrx_word' id='word_1_86' title='bbox 1055 1188 1255 1250; x_wconf 82' lang='lat' dir='ltr'><strong>exstiterunt:</strong></span> <span class='ocrx_word' id='word_1_87' title='bbox 1271 1215 1311 1253; x_wconf 86' lang='lat' dir='ltr'><strong>sa-</strong></span> 
     </span>
     <span class='ocr_line' id='line_1_10' title="bbox 66 1267 1312 1355; baseline 0.001 -17"><span class='ocrx_word' id='word_1_88' title='bbox 66 1284 127 1344; x_wconf 79' lang='grc'><strong>436</strong></span> <span class='ocrx_word' id='word_1_89' title='bbox 150 1278 347 1338; x_wconf 65' lang='lat' dir='ltr'><strong>criticavimus</strong></span> <span class='ocrx_word' id='word_1_90' title='bbox 366 1274 439 1337; x_wconf 90' lang='lat' dir='ltr'><strong>item</strong></span> <span class='ocrx_word' id='word_1_91' title='bbox 457 1273 623 1351; x_wconf 87' lang='lat' dir='ltr'><strong>Suadelae,</strong></span> <span class='ocrx_word' id='word_1_92' title='bbox 648 1285 689 1347; x_wconf 92' lang='lat' dir='ltr'><strong>et</strong></span> <span class='ocrx_word' id='word_1_93' title='bbox 697 1271 801 1333; x_wconf 87' lang='lat' dir='ltr'><strong>Matri</strong></span> <span class='ocrx_word' id='word_1_94' title='bbox 799 1275 951 1348; x_wconf 88' lang='lat' dir='ltr'><strong>deumm,</strong></span> <span class='ocrx_word' id='word_1_95' title='bbox 978 1288 1009 1335; x_wconf 88' lang='lat' dir='ltr'><strong>et</strong></span> <span class='ocrx_word' id='word_1_96' title='bbox 1024 1267 1188 1354; x_wconf 88' lang='lat' dir='ltr'><strong>Apollini,</strong></span> <span class='ocrx_word' id='word_1_97' title='bbox 1214 1277 1312 1355; x_wconf 87' lang='lat' dir='ltr'><strong>quibus</strong></span> 
     </span>
     <span class='ocr_line' id='line_1_11' title="bbox 150 1356 1318 1460; baseline -0.002 -36"><span class='ocrx_word' id='word_1_98' title='bbox 150 1376 182 1424; x_wconf 88' lang='lat' dir='ltr'><strong>et</strong></span> <span class='ocrx_word' id='word_1_99' title='bbox 197 1362 271 1443; x_wconf 89' lang='lat' dir='ltr'><strong>ipsis</strong></span> <span class='ocrx_word' id='word_1_100' title='bbox 289 1360 458 1421; x_wconf 84' lang='lat' dir='ltr'><strong>litavimus:</strong></span> <span class='ocrx_word' id='word_1_101' title='bbox 480 1359 606 1419; x_wconf 93' lang='lat' dir='ltr'><strong>fuerunt</strong></span> <span class='ocrx_word' id='word_1_102' title='bbox 622 1356 709 1418; x_wconf 85' lang='lat' dir='ltr'><strong>vobis</strong></span> <span class='ocrx_word' id='word_1_103' title='bbox 729 1356 817 1417; x_wconf 88' lang='lat' dir='ltr'><strong>ctiam</strong></span> <span class='ocrx_word' id='word_1_104' title='bbox 836 1358 985 1460; x_wconf 87' lang='lat' dir='ltr'><strong>reliquis</strong></span> <span class='ocrx_word' id='word_1_105' title='bbox 983 1359 1060 1419; x_wconf 90' lang='lat' dir='ltr'><strong>divis</strong></span> <span class='ocrx_word' id='word_1_106' title='bbox 1079 1359 1159 1420; x_wconf 84' lang='lat' dir='ltr'><strong>facta</strong></span> <span class='ocrx_word' id='word_1_107' title='bbox 1179 1381 1273 1434; x_wconf 82' lang='lat' dir='ltr'><strong>sacra,</strong></span> <span class='ocrx_word' id='word_1_108' title='bbox 1288 1377 1318 1423; x_wconf 87' lang='lat' dir='ltr'><strong>et</strong></span> 
     </span>
     <span class='ocr_line' id='line_1_12' title="bbox 149 1428 1312 1526; baseline -0.001 -18"><span class='ocrx_word' id='word_1_109' title='bbox 149 1460 232 1520; x_wconf 86' lang='lat' dir='ltr'><strong>tuta,</strong></span> <span class='ocrx_word' id='word_1_110' title='bbox 259 1460 290 1507; x_wconf 89' lang='lat' dir='ltr'><strong>et</strong></span> <span class='ocrx_word' id='word_1_111' title='bbox 307 1457 404 1517; x_wconf 84' lang='lat' dir='ltr'><strong>certa,</strong></span> <span class='ocrx_word' id='word_1_112' title='bbox 430 1457 462 1504; x_wconf 90' lang='lat' dir='ltr'><strong>et</strong></span> <span class='ocrx_word' id='word_1_113' title='bbox 478 1443 645 1525; x_wconf 88' lang='lat' dir='ltr'><strong>praeclara,</strong></span> <span class='ocrx_word' id='word_1_114' title='bbox 671 1455 703 1504; x_wconf 90' lang='lat' dir='ltr'><strong>et</strong></span> <span class='ocrx_word' id='word_1_115' title='bbox 719 1441 868 1518; x_wconf 74' lang='lat' dir='ltr'><strong>salutaria</strong></span> <span class='ocrx_word' id='word_1_116' title='bbox 903 1428 1073 1525; x_wconf 81' lang='lat' dir='ltr'><strong>Accipite</strong></span> <span class='ocrx_word' id='word_1_117' title='bbox 1062 1443 1162 1526; x_wconf 82' lang='lat' dir='ltr'><strong>igitur</strong></span> <span class='ocrx_word' id='word_1_118' title='bbox 1179 1467 1197 1505; x_wconf 87' lang='grc' dir='ltr'><strong>ι</strong></span> <span class='ocrx_word' id='word_1_119' title='bbox 1214 1445 1286 1506; x_wconf 89' lang='lat' dir='ltr'><strong>diis</strong></span> <span class='ocrx_word' id='word_1_120' title='bbox 1284 1467 1312 1508; x_wconf 83' lang='lat' dir='ltr'><strong>ea</strong></span> 
     </span>
    </p>

    <p class='ocr_par' dir='ltr' id='par_1_4' title="bbox 122 1527 891 1633">
     <span class='ocr_line' id='line_1_13' title="bbox 122 1527 891 1633; baseline -0.005 -43"><span class='ocrx_word' id='word_1_121' title='bbox 122 1536 127 1548; x_wconf 75' lang='grc'><em>“</em></span> <span class='ocrx_word' id='word_1_122' title='bbox 150 1531 248 1633; x_wconf 85' lang='lat' dir='ltr'><strong>bona,</strong></span> <span class='ocrx_word' id='word_1_123' title='bbox 266 1551 344 1611; x_wconf 84' lang='lat' dir='ltr'><strong>quae</strong></span> <span class='ocrx_word' id='word_1_124' title='bbox 362 1527 540 1611; x_wconf 88' lang='lat' dir='ltr'><strong>largiuntur.</strong></span> <span class='ocrx_word' id='word_1_125' title='bbox 887 1572 891 1577; x_wconf 69' lang='lat'><strong>·</strong></span> 
     </span>
    </p>
   </div>
   <div class='ocr_carea' id='block_1_4' title="bbox 557 1709 914 1724">
    <p class='ocr_par' dir='ltr' id='par_1_5' title="bbox 557 1709 914 1724">
     <span class='ocr_line' id='line_1_14' title="bbox 557 1709 914 1724; baseline 0.011 -6"><span class='ocrx_word' id='word_1_126' title='bbox 557 1709 914 1724; x_wconf 57' lang='lat' dir='ltr'><strong>m..</strong></span> 
     </span>
    </p>
   </div>
   <div class='ocr_carea' id='block_1_5' title="bbox 55 1841 1355 3890">
    <p class='ocr_par' dir='ltr' id='par_1_6' title="bbox 55 1841 1355 3890">
     <span class='ocr_line' id='line_1_15' title="bbox 150 1841 1309 1945; baseline -0.003 -17"><span class='ocrx_word' id='word_1_127' title='bbox 150 1841 233 1928; x_wconf 75' lang='lat' dir='ltr'><strong>Fuit</strong></span> <span class='ocrx_word' id='word_1_128' title='bbox 252 1863 424 1944; x_wconf 86' lang='lat' dir='ltr'><strong>quoddam,</strong></span> <span class='ocrx_word' id='word_1_129' title='bbox 447 1875 483 1923; x_wconf 90' lang='lat' dir='ltr'><strong>ut</strong></span> <span class='ocrx_word' id='word_1_130' title='bbox 506 1861 653 1936; x_wconf 91' lang='lat' dir='ltr'><strong>coniicio,</strong></span> <span class='ocrx_word' id='word_1_131' title='bbox 676 1875 795 1944; x_wconf 88' lang='lat' dir='ltr'><strong>tempus</strong></span> <span class='ocrx_word' id='word_1_132' title='bbox 813 1864 894 1944; x_wconf 89' lang='lat' dir='ltr'><strong>apud</strong></span> <span class='ocrx_word' id='word_1_133' title='bbox 911 1885 984 1939; x_wconf 82' lang='lat' dir='ltr'><strong>vos,</strong></span> <span class='ocrx_word' id='word_1_134' title='bbox 999 1853 1235 1938; x_wconf 84' lang='lat' dir='ltr'><strong>Athenienses,</strong></span> <span class='ocrx_word' id='word_1_135' title='bbox 1258 1887 1309 1945; x_wconf 89' lang='lat' dir='ltr'><strong>quo</strong></span> 
     </span>
     <span class='ocr_line' id='line_1_16' title="bbox 150 1945 1308 2035; baseline -0.003 -22"><span class='ocrx_word' id='word_1_136' title='bbox 150 1949 282 2035; x_wconf 91' lang='lat' dir='ltr'><strong>populus</strong></span> <span class='ocrx_word' id='word_1_137' title='bbox 300 1948 451 2031; x_wconf 77' lang='lat' dir='ltr'><strong>adigebat,</strong></span> <span class='ocrx_word' id='word_1_138' title='bbox 475 1967 689 2027; x_wconf 84' lang='lat' dir='ltr'><strong>quemcunque</strong></span> <span class='ocrx_word' id='word_1_139' title='bbox 706 1945 830 2006; x_wconf 89' lang='lat' dir='ltr'><strong>vidisset</strong></span> <span class='ocrx_word' id='word_1_140' title='bbox 850 1947 1005 2008; x_wconf 84' lang='lat' dir='ltr'><strong>hominem</strong></span> <span class='ocrx_word' id='word_1_141' title='bbox 1023 1949 1212 2009; x_wconf 89' lang='lat' dir='ltr'><strong>modestum</strong></span> <span class='ocrx_word' id='word_1_142' title='bbox 1218 1962 1247 2008; x_wconf 91' lang='lat' dir='ltr'><strong>et</strong></span> <span class='ocrx_word' id='word_1_143' title='bbox 1262 1950 1308 2009; x_wconf 91' lang='lat' dir='ltr'><strong>bo-</strong></span> 
     </span>
     <span class='ocr_line' id='line_1_17' title="bbox 141 2030 1355 2132; baseline 0 -38"><span class='ocrx_word' id='word_1_144' title='bbox 141 2058 241 2109; x_wconf 87' lang='lat' dir='ltr'><strong>-num,</strong></span> <span class='ocrx_word' id='word_1_145' title='bbox 266 2034 303 2113; x_wconf 87' lang='lat' dir='ltr'><strong>ad</strong></span> <span class='ocrx_word' id='word_1_146' title='bbox 328 2031 545 2113; x_wconf 78' lang='lat' dir='ltr'><strong>rempublicam</strong></span> <span class='ocrx_word' id='word_1_147' title='bbox 568 2030 834 2091; x_wconf 84' lang='lat' dir='ltr'><strong>administrandam</strong></span> <span class='ocrx_word' id='word_1_148' title='bbox 858 2054 892 2092; x_wconf 90' lang='lat' dir='ltr'><strong>ac</strong></span> <span class='ocrx_word' id='word_1_149' title='bbox 915 2032 1107 2132; x_wconf 81' lang='lat' dir='ltr'><strong>fungendum</strong></span> <span class='ocrx_word' id='word_1_150' title='bbox 1134 2033 1310 2116; x_wconf 86' lang='lat' dir='ltr'><strong>magistratu:</strong></span> <span class='ocrx_word' id='word_1_151' title='bbox 1352 2082 1355 2104; x_wconf 79' lang='grc'>,</span> 
     </span>
     <span class='ocr_line' id='line_1_18' title="bbox 152 2115 1309 2201; baseline -0.004 -18"><span class='ocrx_word' id='word_1_152' title='bbox 152 2143 216 2183; x_wconf 91' lang='lat' dir='ltr'><strong>non</strong></span> <span class='ocrx_word' id='word_1_153' title='bbox 235 2140 357 2192; x_wconf 91' lang='lat' dir='ltr'><strong>eorum,</strong></span> <span class='ocrx_word' id='word_1_154' title='bbox 375 2139 461 2197; x_wconf 84' lang='lat' dir='ltr'><strong>qur</strong></span> <span class='ocrx_word' id='word_1_155' title='bbox 420 2117 478 2177; x_wconf 90' lang='lat' dir='ltr'><strong>id</strong></span> <span class='ocrx_word' id='word_1_156' title='bbox 495 2116 594 2176; x_wconf 89' lang='lat' dir='ltr'><strong>facere</strong></span> <span class='ocrx_word' id='word_1_157' title='bbox 613 2115 743 2188; x_wconf 88' lang='lat' dir='ltr'><strong>vellent,</strong></span> <span class='ocrx_word' id='word_1_158' title='bbox 759 2117 886 2196; x_wconf 87' lang='lat' dir='ltr'><strong>penuria</strong></span> <span class='ocrx_word' id='word_1_159' title='bbox 904 2115 987 2201; x_wconf 90' lang='lat' dir='ltr'><strong>(nam</strong></span> <span class='ocrx_word' id='word_1_160' title='bbox 1007 2140 1077 2178; x_wconf 89' lang='lat' dir='ltr'><strong>curn</strong></span> <span class='ocrx_word' id='word_1_161' title='bbox 1096 2118 1130 2178; x_wconf 91' lang='lat' dir='ltr'><strong>iu</strong></span> <span class='ocrx_word' id='word_1_162' title='bbox 1149 2119 1215 2178; x_wconf 91' lang='lat' dir='ltr'><strong>aliis</strong></span> <span class='ocrx_word' id='word_1_163' title='bbox 1231 2118 1309 2179; x_wconf 84' lang='lat' dir='ltr'><strong>rebus</strong></span> 
     </span>
     <span class='ocr_line' id='line_1_19' title="bbox 152 2200 1309 2277; baseline -0.001 -11"><span class='ocrx_word' id='word_1_164' title='bbox 152 2204 295 2267; x_wconf 89' lang='lat' dir='ltr'><strong>omnibus</strong></span> <span class='ocrx_word' id='word_1_165' title='bbox 313 2214 448 2262; x_wconf 89' lang='lat' dir='ltr'><strong>nostram</strong></span> <span class='ocrx_word' id='word_1_166' title='bbox 466 2200 573 2261; x_wconf 89' lang='lat' dir='ltr'><strong>urbem</strong></span> <span class='ocrx_word' id='word_1_167' title='bbox 591 2200 775 2261; x_wconf 76' lang='lat' dir='ltr'><strong>fortunatam</strong></span> <span class='ocrx_word' id='word_1_168' title='bbox 793 2201 943 2277; x_wconf 87' lang='lat' dir='ltr'><strong>iudicem,</strong></span> <span class='ocrx_word' id='word_1_169' title='bbox 958 2202 1091 2263; x_wconf 88' lang='lat' dir='ltr'><strong>unicam</strong></span> <span class='ocrx_word' id='word_1_170' title='bbox 1110 2203 1189 2264; x_wconf 89' lang='lat' dir='ltr'><strong>banc</strong></span> <span class='ocrx_word' id='word_1_171' title='bbox 1208 2223 1236 2262; x_wconf 84' lang='lat' dir='ltr'><strong>er</strong></span> <span class='ocrx_word' id='word_1_172' title='bbox 1227 2203 1309 2265; x_wconf 89' lang='lat' dir='ltr'><strong>feli-</strong></span> 
     </span>
     <span class='ocr_line' id='line_1_20' title="bbox 153 2246 1310 2369; baseline -0.004 -17"><span class='ocrx_word' id='word_1_173' title='bbox 153 2292 275 2352; x_wconf 85' lang='lat' dir='ltr'><strong>citatem</strong></span> <span class='ocrx_word' id='word_1_174' title='bbox 293 2307 414 2367; x_wconf 86' lang='lat' dir='ltr'><strong>semper</strong></span> <span class='ocrx_word' id='word_1_175' title='bbox 430 2285 564 2345; x_wconf 85' lang='lat' dir='ltr'><strong>defuisse</strong></span> <span class='ocrx_word' id='word_1_176' title='bbox 580 2297 674 2366; x_wconf 90' lang='lat' dir='ltr'><strong>puto,</strong></span> <span class='ocrx_word' id='word_1_177' title='bbox 690 2285 780 2344; x_wconf 84' lang='lat' dir='ltr'><strong>utiis</strong></span> <span class='ocrx_word' id='word_1_178' title='bbox 799 2246 998 2362; x_wconf 77' lang='lat' dir='ltr'><strong>deficereiur,</strong></span> <span class='ocrx_word' id='word_1_179' title='bbox 1017 2310 1072 2367; x_wconf 84' lang='lat' dir='ltr'><strong>qur</strong></span> <span class='ocrx_word' id='word_1_180' title='bbox 1062 2287 1245 2369; x_wconf 82' lang='lat' dir='ltr'><strong>republica</strong></span> <span class='ocrx_word' id='word_1_181' title='bbox 1261 2288 1310 2348; x_wconf 88' lang='lat' dir='ltr'><strong>frui</strong></span> 
     </span>
     <span class='ocr_line' id='line_1_21' title="bbox 62 2369 1309 2455; baseline -0.004 -17"><span class='ocrx_word' id='word_1_182' title='bbox 62 2434 72 2444; x_wconf 89' lang='grc'><strong>,</strong></span> <span class='ocrx_word' id='word_1_183' title='bbox 152 2371 291 2455; x_wconf 82' lang='lat' dir='ltr'><strong>vellent),</strong></span> <span class='ocrx_word' id='word_1_184' title='bbox 307 2372 362 2435; x_wconf 93' lang='lat' dir='ltr'><strong>sed</strong></span> <span class='ocrx_word' id='word_1_185' title='bbox 380 2383 445 2430; x_wconf 89' lang='lat' dir='ltr'><strong>crat</strong></span> <span class='ocrx_word' id='word_1_186' title='bbox 461 2369 522 2430; x_wconf 81' lang='lat' dir='ltr'><strong>id‘</strong></span> <span class='ocrx_word' id='word_1_187' title='bbox 512 2381 669 2429; x_wconf 80' lang='lat' dir='ltr'><strong>inventum</strong></span> <span class='ocrx_word' id='word_1_188' title='bbox 686 2370 794 2450; x_wconf 90' lang='lat' dir='ltr'><strong>populi</strong></span> <span class='ocrx_word' id='word_1_189' title='bbox 812 2372 1008 2452; x_wconf 90' lang='lat' dir='ltr'><strong>praeclarum,</strong></span> <span class='ocrx_word' id='word_1_190' title='bbox 1025 2372 1243 2447; x_wconf 88' lang='lat' dir='ltr'><strong>Athenienses,</strong></span> <span class='ocrx_word' id='word_1_191' title='bbox 1258 2374 1309 2433; x_wconf 86' lang='lat' dir='ltr'><strong>uti-</strong></span> 
     </span>
     <span class='ocr_line' id='line_1_22' title="bbox 152 2453 1309 2546; baseline -0.003 -24"><span class='ocrx_word' id='word_1_192' title='bbox 152 2462 243 2540; x_wconf 91' lang='lat' dir='ltr'><strong>leque</strong></span> <span class='ocrx_word' id='word_1_193' title='bbox 261 2454 455 2538; x_wconf 87' lang='lat' dir='ltr'><strong>reipublicae.</strong></span> <span class='ocrx_word' id='word_1_194' title='bbox 487 2455 565 2514; x_wconf 88' lang='lat' dir='ltr'><strong>Nam</strong></span> <span class='ocrx_word' id='word_1_195' title='bbox 584 2466 615 2514; x_wconf 92' lang='lat' dir='ltr'><strong>et</strong></span> <span class='ocrx_word' id='word_1_196' title='bbox 633 2453 675 2527; x_wconf 92' lang='lat' dir='ltr'><strong>bi,</strong></span> <span class='ocrx_word' id='word_1_197' title='bbox 702 2454 796 2516; x_wconf 72' lang='lat' dir='ltr'><strong>&#39;veluti</strong></span> <span class='ocrx_word' id='word_1_198' title='bbox 814 2456 930 2546; x_wconf 83' lang='lat' dir='ltr'><strong>iugales</strong></span> <span class='ocrx_word' id='word_1_199' title='bbox 949 2479 967 2517; x_wconf 89' lang='lat' dir='ltr'><strong>e</strong></span> <span class='ocrx_word' id='word_1_200' title='bbox 985 2456 1075 2517; x_wconf 93' lang='lat' dir='ltr'><strong>bonis</strong></span> <span class='ocrx_word' id='word_1_201' title='bbox 1095 2471 1127 2519; x_wconf 89' lang='lat' dir='ltr'><strong>et</strong></span> <span class='ocrx_word' id='word_1_202' title='bbox 1145 2457 1233 2518; x_wconf 90' lang='lat' dir='ltr'><strong>iustis</strong></span> <span class='ocrx_word' id='word_1_203' title='bbox 1251 2457 1309 2518; x_wconf 88' lang='lat' dir='ltr'><strong>viris</strong></span> 
     </span>
     <span class='ocr_line' id='line_1_23' title="bbox 152 2537 1310 2614; baseline -0.004 -8"><span class='ocrx_word' id='word_1_204' title='bbox 152 2542 288 2606; x_wconf 84' lang='lat' dir='ltr'><strong>adiuncti</strong></span> <span class='ocrx_word' id='word_1_205' title='bbox 315 2540 460 2614; x_wconf 85' lang='lat' dir='ltr'><strong>caeteris,</strong></span> <span class='ocrx_word' id='word_1_206' title='bbox 490 2559 542 2599; x_wconf 91' lang='lat' dir='ltr'><strong>eos</strong></span> <span class='ocrx_word' id='word_1_207' title='bbox 567 2538 802 2600; x_wconf 82' lang='lat' dir='ltr'><strong>verecundiores</strong></span> <span class='ocrx_word' id='word_1_208' title='bbox 826 2537 1016 2613; x_wconf 84' lang='lat' dir='ltr'><strong>efficiebant,</strong></span> <span class='ocrx_word' id='word_1_209' title='bbox 1046 2555 1076 2603; x_wconf 92' lang='lat' dir='ltr'><strong>et</strong></span> <span class='ocrx_word' id='word_1_210' title='bbox 1099 2542 1158 2602; x_wconf 88' lang='lat' dir='ltr'><strong>viri</strong></span> <span class='ocrx_word' id='word_1_211' title='bbox 1184 2563 1200 2602; x_wconf 93' lang='lat' dir='ltr'><strong>e</strong></span> <span class='ocrx_word' id='word_1_212' title='bbox 1222 2555 1310 2602; x_wconf 84' lang='lat' dir='ltr'><strong>vestro</strong></span> 
     </span>
     <span class='ocr_line' id='line_1_24' title="bbox 152 2623 1310 2707; baseline -0.003 -18"><span class='ocrx_word' id='word_1_213' title='bbox 152 2648 293 2699; x_wconf 90' lang='lat' dir='ltr'><strong>numero,</strong></span> <span class='ocrx_word' id='word_1_214' title='bbox 309 2625 385 2686; x_wconf 93' lang='lat' dir='ltr'><strong>boni</strong></span> <span class='ocrx_word' id='word_1_215' title='bbox 403 2624 525 2704; x_wconf 86' lang='lat' dir='ltr'><strong>quidem</strong></span> <span class='ocrx_word' id='word_1_216' title='bbox 544 2623 617 2683; x_wconf 93' lang='lat' dir='ltr'><strong>illi</strong></span> <span class='ocrx_word' id='word_1_217' title='bbox 606 2636 750 2703; x_wconf 84' lang='lat' dir='ltr'><strong>iusteque</strong></span> <span class='ocrx_word' id='word_1_218' title='bbox 766 2626 944 2707; x_wconf 86' lang='lat' dir='ltr'><strong>magistratu</strong></span> <span class='ocrx_word' id='word_1_219' title='bbox 961 2627 1138 2707; x_wconf 85' lang='lat' dir='ltr'><strong>fungentes,</strong></span> <span class='ocrx_word' id='word_1_220' title='bbox 1158 2628 1213 2687; x_wconf 83' lang='lat' dir='ltr'><strong>secl</strong></span> <span class='ocrx_word' id='word_1_221' title='bbox 1230 2627 1310 2686; x_wconf 88' lang='lat' dir='ltr'><strong>iidem</strong></span> 
     </span>
     <span class='ocr_line' id='line_1_25' title="bbox 90 2710 1310 2793; baseline -0.003 -19"><span class='ocrx_word' id='word_1_222' title='bbox 90 2778 96 2785; x_wconf 65' lang='grc'><strong><em>,</em></strong></span> <span class='ocrx_word' id='word_1_223' title='bbox 151 2734 209 2774; x_wconf 92' lang='lat' dir='ltr'><strong>nec</strong></span> <span class='ocrx_word' id='word_1_224' title='bbox 227 2710 447 2793; x_wconf 91' lang='lat' dir='ltr'><strong>impudenter</strong></span> <span class='ocrx_word' id='word_1_225' title='bbox 437 2710 578 2791; x_wconf 80' lang='lat' dir='ltr'><strong>ingerere</strong></span> <span class='ocrx_word' id='word_1_226' title='bbox 595 2728 678 2782; x_wconf 89' lang='lat' dir='ltr'><strong>sese,</strong></span> <span class='ocrx_word' id='word_1_227' title='bbox 696 2729 753 2768; x_wconf 92' lang='lat' dir='ltr'><strong>nec</strong></span> <span class='ocrx_word' id='word_1_228' title='bbox 771 2710 885 2777; x_wconf 86' lang='lat' dir='ltr'><strong>ambire</strong></span> <span class='ocrx_word' id='word_1_229' title='bbox 903 2711 1046 2793; x_wconf 85' lang='lat' dir='ltr'><strong>suffragia</strong></span> <span class='ocrx_word' id='word_1_230' title='bbox 1066 2711 1187 2784; x_wconf 89' lang='lat' dir='ltr'><strong>edocti,</strong></span> <span class='ocrx_word' id='word_1_231' title='bbox 1210 2711 1246 2771; x_wconf 91' lang='lat' dir='ltr'><strong>ab</strong></span> <span class='ocrx_word' id='word_1_232' title='bbox 1261 2711 1310 2770; x_wconf 89' lang='lat' dir='ltr'><strong>bo-</strong></span> 
     </span>
     <span class='ocr_line' id='line_1_26' title="bbox 152 2793 1310 2894; baseline -0.003 -35"><span class='ocrx_word' id='word_1_233' title='bbox 152 2797 279 2859; x_wconf 86' lang='lat' dir='ltr'><strong>noribus</strong></span> <span class='ocrx_word' id='word_1_234' title='bbox 297 2816 361 2855; x_wconf 92' lang='grc' dir='ltr'><strong>ιιοιι</strong></span> <span class='ocrx_word' id='word_1_235' title='bbox 378 2793 611 2894; x_wconf 81' lang='lat' dir='ltr'><strong>repellehaptur.</strong></span> <span class='ocrx_word' id='word_1_236' title='bbox 634 2793 723 2853; x_wconf 90' lang='lat' dir='ltr'><strong>Nunc</strong></span> <span class='ocrx_word' id='word_1_237' title='bbox 740 2814 864 2874; x_wconf 90' lang='lat' dir='ltr'><strong>prorsus</strong></span> <span class='ocrx_word' id='word_1_238' title='bbox 884 2796 992 2863; x_wconf 88' lang='lat' dir='ltr'><strong>eodem</strong></span> <span class='ocrx_word' id='word_1_239' title='bbox 1013 2797 1125 2869; x_wconf 89' lang='lat' dir='ltr'><strong>modo,</strong></span> <span class='ocrx_word' id='word_1_240' title='bbox 1143 2816 1207 2877; x_wconf 92' lang='lat' dir='ltr'><strong>quo</strong></span> <span class='ocrx_word' id='word_1_241' title='bbox 1225 2816 1310 2856; x_wconf 88' lang='lat' dir='ltr'><strong>sacer·</strong></span> 
     </span>
     <span class='ocr_line' id='line_1_27' title="bbox 153 2875 1311 2960; baseline -0.003 -17"><span class='ocrx_word' id='word_1_242' title='bbox 153 2884 240 2943; x_wconf 88' lang='lat' dir='ltr'><strong>dotes</strong></span> <span class='ocrx_word' id='word_1_243' title='bbox 259 2875 386 2960; x_wconf 74' lang='lat' dir='ltr'><strong>creatis,</strong></span> <span class='ocrx_word' id='word_1_244' title='bbox 401 2880 445 2943; x_wconf 84' lang='lat' dir='ltr'><strong>sic</strong></span> <span class='ocrx_word' id='word_1_245' title='bbox 463 2877 653 2960; x_wconf 86' lang='lat' dir='ltr'><strong>magistratus</strong></span> <span class='ocrx_word' id='word_1_246' title='bbox 672 2877 778 2939; x_wconf 81' lang='lat' dir='ltr'><strong>etiarn:</strong></span> <span class='ocrx_word' id='word_1_247' title='bbox 797 2890 835 2940; x_wconf 83' lang='lat' dir='ltr'><strong>et</strong></span> <span class='ocrx_word' id='word_1_248' title='bbox 852 2876 1021 2954; x_wconf 87' lang='lat' dir='ltr'><strong>miramini,</strong></span> <span class='ocrx_word' id='word_1_249' title='bbox 1039 2880 1132 2940; x_wconf 89' lang='lat' dir='ltr'><strong>istum</strong></span> <span class='ocrx_word' id='word_1_250' title='bbox 1151 2879 1238 2942; x_wconf 89' lang='lat' dir='ltr'><strong>vohis</strong></span> <span class='ocrx_word' id='word_1_251' title='bbox 1256 2901 1311 2940; x_wconf 87' lang='lat' dir='ltr'><strong>esse</strong></span> 
     </span>
     <span class='ocr_line' id='line_1_28' title="bbox 108 2955 1310 3045; baseline -0.003 -18"><span class='ocrx_word' id='word_1_252' title='bbox 108 3008 111 3012; x_wconf 90' lang='lat'><em>-</em></span> <span class='ocrx_word' id='word_1_253' title='bbox 144 2955 326 3037; x_wconf 83' lang='lat' dir='ltr'><strong>beatum,</strong></span> <span class='ocrx_word' id='word_1_254' title='bbox 316 2977 470 3043; x_wconf 78' lang='lat' dir='ltr'><strong>istumque</strong></span> <span class='ocrx_word' id='word_1_255' title='bbox 489 2962 685 3024; x_wconf 84' lang='lat' dir='ltr'><strong>continenter</strong></span> <span class='ocrx_word' id='word_1_256' title='bbox 700 2962 800 3023; x_wconf 88' lang='lat' dir='ltr'><strong>vobis</strong></span> <span class='ocrx_word' id='word_1_257' title='bbox 798 2965 958 3045; x_wconf 88' lang='lat' dir='ltr'><strong>surripere</strong></span> <span class='ocrx_word' id='word_1_258' title='bbox 975 2964 1094 3037; x_wconf 90' lang='lat' dir='ltr'><strong>multa,</strong></span> <span class='ocrx_word' id='word_1_259' title='bbox 1113 2964 1252 3044; x_wconf 87' lang='lat' dir='ltr'><strong>aliosque</strong></span> <span class='ocrx_word' id='word_1_260' title='bbox 1266 2985 1310 3026; x_wconf 80' lang='lat' dir='ltr'><strong>re</strong></span> 
     </span>
     <span class='ocr_line' id='line_1_29' title="bbox 153 3046 1311 3130; baseline -0.003 -18"><span class='ocrx_word' id='word_1_261' title='bbox 153 3064 249 3112; x_wconf 87' lang='lat' dir='ltr'><strong>strum</strong></span> <span class='ocrx_word' id='word_1_262' title='bbox 267 3047 481 3122; x_wconf 86' lang='lat' dir='ltr'><strong>obambulare,</strong></span> <span class='ocrx_word' id='word_1_263' title='bbox 496 3046 673 3108; x_wconf 72' lang='lat' dir='ltr'><strong>felicitatem</strong></span> <span class='ocrx_word' id='word_1_264' title='bbox 692 3068 799 3108; x_wconf 88' lang='lat' dir='ltr'><strong>eorum</strong></span> <span class='ocrx_word' id='word_1_265' title='bbox 816 3049 1033 3129; x_wconf 90' lang='lat' dir='ltr'><strong>praedicantes</strong></span> <span class='ocrx_word' id='word_1_266' title='bbox 1064 3049 1172 3110; x_wconf 83' lang='lat' dir='ltr'><strong>Nam</strong></span> <span class='ocrx_word' id='word_1_267' title='bbox 1162 3072 1195 3109; x_wconf 92' lang='grc' dir='ltr'><strong>ιιι</strong></span> <span class='ocrx_word' id='word_1_268' title='bbox 1214 3070 1249 3110; x_wconf 91' lang='lat' dir='ltr'><strong>eo</strong></span> <span class='ocrx_word' id='word_1_269' title='bbox 1265 3071 1311 3130; x_wconf 90' lang='lat' dir='ltr'><strong>pe-</strong></span> 
     </span>
     <span class='ocr_line' id='line_1_30' title="bbox 55 3133 1312 3216; baseline -0.002 -21"><span class='ocrx_word' id='word_1_270' title='bbox 55 3174 58 3178; x_wconf 82' lang='lat'>.</span> <span class='ocrx_word' id='word_1_271' title='bbox 138 3133 259 3195; x_wconf 70' lang='lat' dir='ltr'><strong>&#39;euliari</strong></span> <span class='ocrx_word' id='word_1_272' title='bbox 278 3133 349 3193; x_wconf 87' lang='lat' dir='ltr'><strong>estis</strong></span> <span class='ocrx_word' id='word_1_273' title='bbox 367 3133 509 3215; x_wconf 88' lang='lat' dir='ltr'><strong>ingenio,</strong></span> <span class='ocrx_word' id='word_1_274' title='bbox 520 3144 565 3204; x_wconf 81' lang='lat' dir='ltr'><strong>ut,</strong></span> <span class='ocrx_word' id='word_1_275' title='bbox 583 3151 660 3210; x_wconf 92' lang='lat' dir='ltr'><strong>quae</strong></span> <span class='ocrx_word' id='word_1_276' title='bbox 678 3145 794 3192; x_wconf 88' lang='lat' dir='ltr'><strong>vestrae</strong></span> <span class='ocrx_word' id='word_1_277' title='bbox 811 3133 1037 3216; x_wconf 87' lang='lat' dir='ltr'><strong>praerogativae</strong></span> <span class='ocrx_word' id='word_1_278' title='bbox 1053 3147 1137 3207; x_wconf 77' lang='lat' dir='ltr'><strong>sunt,</strong></span> <span class='ocrx_word' id='word_1_279' title='bbox 1156 3152 1207 3193; x_wconf 82' lang='lat' dir='ltr'><strong>eas</strong></span> <span class='ocrx_word' id='word_1_280' title='bbox 1223 3133 1312 3195; x_wconf 88' lang='lat' dir='ltr'><strong>liben</strong></span> 
     </span>
     <span class='ocr_line' id='line_1_31' title="bbox 152 3215 1312 3299; baseline -0.002 -19"><span class='ocrx_word' id='word_1_281' title='bbox 152 3231 201 3280; x_wconf 88' lang='lat' dir='ltr'><strong>ter</strong></span> <span class='ocrx_word' id='word_1_282' title='bbox 217 3217 383 3291; x_wconf 84' lang='lat' dir='ltr'><strong>abiiciatis,</strong></span> <span class='ocrx_word' id='word_1_283' title='bbox 406 3219 522 3296; x_wconf 89' lang='lat' dir='ltr'><strong>deque</strong></span> <span class='ocrx_word' id='word_1_284' title='bbox 522 3215 582 3275; x_wconf 90' lang='lat' dir='ltr'><strong>illis</strong></span> <span class='ocrx_word' id='word_1_285' title='bbox 600 3216 704 3296; x_wconf 84' lang='lat' dir='ltr'><strong>feratis</strong></span> <span class='ocrx_word' id='word_1_286' title='bbox 721 3215 822 3299; x_wconf 81' lang='lat' dir='ltr'><strong>leges,</strong></span> <span class='ocrx_word' id='word_1_287' title='bbox 847 3230 899 3291; x_wconf 90' lang='lat' dir='ltr'><strong>ut,</strong></span> <span class='ocrx_word' id='word_1_288' title='bbox 917 3219 943 3278; x_wconf 88' lang='lat' dir='ltr'><strong>si</strong></span> <span class='ocrx_word' id='word_1_289' title='bbox 961 3217 1029 3298; x_wconf 91' lang='lat' dir='ltr'><strong>quis</strong></span> <span class='ocrx_word' id='word_1_290' title='bbox 1048 3218 1222 3299; x_wconf 84' lang='lat' dir='ltr'><strong>praefectus</strong></span> <span class='ocrx_word' id='word_1_291' title='bbox 1236 3217 1312 3278; x_wconf 87' lang='lat' dir='ltr'><strong>urbis</strong></span> 
     </span>
     <span class='ocr_line' id='line_1_32' title="bbox 152 3301 1312 3384; baseline 0 -22"><span class='ocrx_word' id='word_1_292' title='bbox 152 3302 246 3363; x_wconf 89' lang='lat' dir='ltr'><strong>fuerit</strong></span> <span class='ocrx_word' id='word_1_293' title='bbox 264 3302 328 3375; x_wconf 90' lang='lat' dir='ltr'><strong>bis,</strong></span> <span class='ocrx_word' id='word_1_294' title='bbox 354 3314 385 3362; x_wconf 89' lang='lat' dir='ltr'><strong>et</strong></span> <span class='ocrx_word' id='word_1_295' title='bbox 402 3321 479 3380; x_wconf 89' lang='lat' dir='ltr'><strong>quae</strong></span> <span class='ocrx_word' id='word_1_296' title='bbox 497 3312 569 3362; x_wconf 88' lang='lat' dir='ltr'><strong>sunt</strong></span> <span class='ocrx_word' id='word_1_297' title='bbox 587 3302 652 3359; x_wconf 90' lang='lat' dir='ltr'><strong>eius</strong></span> <span class='ocrx_word' id='word_1_298' title='bbox 670 3301 790 3383; x_wconf 82' lang='lat' dir='ltr'><strong>generis</strong></span> <span class='ocrx_word' id='word_1_299' title='bbox 809 3302 894 3362; x_wconf 90' lang='lat' dir='ltr'><strong>alia:</strong></span> <span class='ocrx_word' id='word_1_300' title='bbox 912 3317 942 3364; x_wconf 87' lang='lat' dir='ltr'><strong>at</strong></span> <span class='ocrx_word' id='word_1_301' title='bbox 959 3303 1090 3363; x_wconf 87' lang='lat' dir='ltr'><strong>eosdem</strong></span> <span class='ocrx_word' id='word_1_302' title='bbox 1105 3325 1176 3363; x_wconf 90' lang='lat' dir='ltr'><strong>cum</strong></span> <span class='ocrx_word' id='word_1_303' title='bbox 1195 3302 1312 3384; x_wconf 89' lang='lat' dir='ltr'><strong>imperio</strong></span> 
     </span>
     <span class='ocr_line' id='line_1_33' title="bbox 152 3384 1313 3473; baseline 0 -26"><span class='ocrx_word' id='word_1_304' title='bbox 152 3407 226 3447; x_wconf 90' lang='lat' dir='ltr'><strong>esse</strong></span> <span class='ocrx_word' id='word_1_305' title='bbox 238 3398 387 3467; x_wconf 87' lang='lat' dir='ltr'><strong>perpetuo</strong></span> <span class='ocrx_word' id='word_1_306' title='bbox 405 3386 517 3447; x_wconf 88' lang='lat' dir='ltr'><strong>sinatis.</strong></span> <span class='ocrx_word' id='word_1_307' title='bbox 549 3384 596 3453; x_wconf 86' lang='lat' dir='ltr'><strong>Ac</strong></span> <span class='ocrx_word' id='word_1_308' title='bbox 615 3385 698 3464; x_wconf 82' lang='lat' dir='ltr'><strong>quod</strong></span> <span class='ocrx_word' id='word_1_309' title='bbox 716 3385 752 3444; x_wconf 89' lang='lat' dir='ltr'><strong>ad</strong></span> <span class='ocrx_word' id='word_1_310' title='bbox 772 3395 824 3446; x_wconf 85' lang='lat' dir='ltr'><strong>eos</strong></span> <span class='ocrx_word' id='word_1_311' title='bbox 844 3387 974 3473; x_wconf 92' lang='lat' dir='ltr'><strong>quidem</strong></span> <span class='ocrx_word' id='word_1_312' title='bbox 984 3386 1111 3461; x_wconf 86' lang='lat' dir='ltr'><strong>attinet,</strong></span> <span class='ocrx_word' id='word_1_313' title='bbox 1129 3387 1185 3467; x_wconf 89' lang='lat' dir='ltr'><strong>qui</strong></span> <span class='ocrx_word' id='word_1_314' title='bbox 1202 3409 1313 3449; x_wconf 88' lang='lat' dir='ltr'><strong>versan-</strong></span> 
     </span>
     <span class='ocr_line' id='line_1_34' title="bbox 152 3459 1313 3549; baseline -0.001 -18"><span class='ocrx_word' id='word_1_315' title='bbox 152 3485 211 3531; x_wconf 86' lang='lat' dir='ltr'><strong>tur</strong></span> <span class='ocrx_word' id='word_1_316' title='bbox 226 3471 260 3529; x_wconf 89' lang='lat' dir='ltr'><strong>in</strong></span> <span class='ocrx_word' id='word_1_317' title='bbox 282 3470 374 3533; x_wconf 89' lang='lat' dir='ltr'><strong>rebus</strong></span> <span class='ocrx_word' id='word_1_318' title='bbox 398 3466 556 3549; x_wconf 87' lang='lat' dir='ltr'><strong>gerendis,</strong></span> <span class='ocrx_word' id='word_1_319' title='bbox 585 3469 808 3530; x_wconf 76' lang='lat' dir='ltr'><strong>excusationem</strong></span> <span class='ocrx_word' id='word_1_320' title='bbox 833 3459 974 3532; x_wconf 76' lang='lat' dir='ltr'><strong>fortassis</strong></span> <span class='ocrx_word' id='word_1_321' title='bbox 995 3471 1102 3532; x_wconf 90' lang='lat' dir='ltr'><strong>babet:</strong></span> <span class='ocrx_word' id='word_1_322' title='bbox 1135 3485 1169 3533; x_wconf 89' lang='lat' dir='ltr'><strong>at</strong></span> <span class='ocrx_word' id='word_1_323' title='bbox 1192 3470 1313 3533; x_wconf 83' lang='lat' dir='ltr'><strong>tolerare</strong></span> 
     </span>
     <span class='ocr_line' id='line_1_35' title="bbox 138 3554 1317 3636; baseline 0.002 -22"><span class='ocrx_word' id='word_1_324' title='bbox 138 3568 304 3627; x_wconf 82' lang='lat' dir='ltr'><strong>¹caeteros,</strong></span> <span class='ocrx_word' id='word_1_325' title='bbox 323 3554 377 3634; x_wconf 92' lang='lat' dir='ltr'><strong>qui</strong></span> <span class='ocrx_word' id='word_1_326' title='bbox 395 3577 463 3614; x_wconf 81' lang='lat' dir='ltr'><strong>cunr</strong></span> <span class='ocrx_word' id='word_1_327' title='bbox 480 3554 610 3634; x_wconf 81' lang='lat' dir='ltr'><strong>locuni</strong></span> <span class='ocrx_word' id='word_1_328' title='bbox 601 3574 767 3614; x_wconf 85' lang='lat' dir='ltr'><strong>immunem</strong></span> <span class='ocrx_word' id='word_1_329' title='bbox 784 3558 950 3636; x_wconf 84' lang='lat' dir='ltr'><strong>occupent,</strong></span> <span class='ocrx_word' id='word_1_330' title='bbox 967 3554 1026 3636; x_wconf 90' lang='lat' dir='ltr'><strong>ipsi</strong></span> <span class='ocrx_word' id='word_1_331' title='bbox 1043 3576 1171 3636; x_wconf 85' lang='lat' dir='ltr'><strong>prorsus</strong></span> <span class='ocrx_word' id='word_1_332' title='bbox 1189 3557 1317 3617; x_wconf 80' lang='lat' dir='ltr'><strong>nullate</strong></span> 
     </span>
     <span class='ocr_line' id='line_1_36' title="bbox 153 3631 1314 3724; baseline 0.001 -25"><span class='ocrx_word' id='word_1_333' title='bbox 153 3653 355 3720; x_wconf 87' lang='lat' dir='ltr'><strong>occupantur,</strong></span> <span class='ocrx_word' id='word_1_334' title='bbox 380 3636 410 3701; x_wconf 89' lang='lat' dir='ltr'><strong>id</strong></span> <span class='ocrx_word' id='word_1_335' title='bbox 430 3631 580 3698; x_wconf 86' lang='lat' dir='ltr'><strong>extremae</strong></span> <span class='ocrx_word' id='word_1_336' title='bbox 598 3637 744 3699; x_wconf 84' lang='lat' dir='ltr'><strong>stultitiae</strong></span> <span class='ocrx_word' id='word_1_337' title='bbox 763 3651 816 3698; x_wconf 91' lang='lat' dir='ltr'><strong>est.</strong></span> <span class='ocrx_word' id='word_1_338' title='bbox 850 3639 934 3715; x_wconf 89' lang='lat' dir='ltr'><strong>Quin</strong></span> <span class='ocrx_word' id='word_1_339' title='bbox 952 3652 983 3699; x_wconf 87' lang='lat' dir='ltr'><strong>et</strong></span> <span class='ocrx_word' id='word_1_340' title='bbox 1001 3660 1017 3699; x_wconf 93' lang='lat' dir='ltr'><strong>e</strong></span> <span class='ocrx_word' id='word_1_341' title='bbox 1035 3639 1152 3700; x_wconf 90' lang='lat' dir='ltr'><strong>vobis</strong></span> <span class='ocrx_word' id='word_1_342' title='bbox 1141 3640 1217 3722; x_wconf 83' lang='lat' dir='ltr'><strong>ipsis</strong></span> <span class='ocrx_word' id='word_1_343' title='bbox 1236 3640 1314 3724; x_wconf 86' lang='lat' dir='ltr'><strong>(estis</strong></span> 
     </span>
     <span class='ocr_line' id='line_1_37' title="bbox 80 3720 1315 3805; baseline 0.002 -21"><span class='ocrx_word' id='word_1_344' title='bbox 80 3763 84 3767; x_wconf 85' lang='lat'>-</span> <span class='ocrx_word' id='word_1_345' title='bbox 151 3736 253 3784; x_wconf 85' lang='lat' dir='ltr'><strong>antem</strong></span> <span class='ocrx_word' id='word_1_346' title='bbox 271 3723 357 3785; x_wconf 88' lang='lat' dir='ltr'><strong>baud-</strong></span> <span class='ocrx_word' id='word_1_347' title='bbox 369 3721 472 3805; x_wconf 87' lang='lat' dir='ltr'><strong>pauci)</strong></span> <span class='ocrx_word' id='word_1_348' title='bbox 487 3720 583 3801; x_wconf 82' lang='lat' dir='ltr'><strong>aliqui</strong></span> <span class='ocrx_word' id='word_1_349' title='bbox 600 3734 672 3782; x_wconf 91' lang='lat' dir='ltr'><strong>sunt</strong></span> <span class='ocrx_word' id='word_1_350' title='bbox 683 3723 875 3785; x_wconf 87' lang='lat' dir='ltr'><strong>adducendi:</strong></span> <span class='ocrx_word' id='word_1_351' title='bbox 891 3746 961 3785; x_wconf 89' lang='lat' dir='ltr'><strong>nam</strong></span> <span class='ocrx_word' id='word_1_352' title='bbox 978 3722 1004 3789; x_wconf 82' lang='lat' dir='ltr'><strong>si</strong></span> <span class='ocrx_word' id='word_1_353' title='bbox 1019 3735 1166 3804; x_wconf 90' lang='lat' dir='ltr'><strong>tanquam</strong></span> <span class='ocrx_word' id='word_1_354' title='bbox 1183 3737 1315 3787; x_wconf 80' lang='lat' dir='ltr'><strong>stateram</strong></span> 
     </span>
     <span class='ocr_line' id='line_1_38' title="bbox 150 3806 1315 3890; baseline 0.003 -24"><span class='ocrx_word' id='word_1_355' title='bbox 150 3808 375 3889; x_wconf 84' lang='lat' dir='ltr'><strong>appenderitis,</strong></span> <span class='ocrx_word' id='word_1_356' title='bbox 409 3806 696 3889; x_wconf 86' lang='lat' dir='ltr'><strong>praeponderabit</strong></span> <span class='ocrx_word' id='word_1_357' title='bbox 686 3822 788 3887; x_wconf 82' lang='lat' dir='ltr'><strong>ipse,</strong></span> <span class='ocrx_word' id='word_1_358' title='bbox 804 3806 858 3886; x_wconf 91' lang='lat' dir='ltr'><strong>qui</strong></span> <span class='ocrx_word' id='word_1_359' title='bbox 880 3808 943 3868; x_wconf 89' lang='lat' dir='ltr'><strong>erit</strong></span> <span class='ocrx_word' id='word_1_360' title='bbox 968 3806 1116 3889; x_wconf 82' lang='lat' dir='ltr'><strong>diguus</strong></span> <span class='ocrx_word' id='word_1_361' title='bbox 1105 3831 1139 3870; x_wconf 91' lang='grc' dir='ltr'><strong>ιιι</strong></span> <span class='ocrx_word' id='word_1_362' title='bbox 1157 3823 1315 3890; x_wconf 77' lang='lat' dir='ltr'><strong>posterum</strong></span> 
     </span>
    </p>
   </div>
   <div class='ocr_carea' id='block_1_6' title="bbox 150 3892 1127 3999">
    <p class='ocr_par' dir='ltr' id='par_1_7' title="bbox 150 3892 1127 3999">
     <span class='ocr_line' id='line_1_39' title="bbox 150 3892 1127 3999; baseline 0.001 -48"><span class='ocrx_word' id='word_1_363' title='bbox 150 3892 335 3999; x_wconf 81' lang='lat' dir='ltr'><strong>magistratu.</strong></span> <span class='ocrx_word' id='word_1_364' title='bbox 1103 3967 1109 3975; x_wconf 31' lang='grc' dir='ltr'><em>Ι</em></span> <span class='ocrx_word' id='word_1_365' title='bbox 1122 3954 1127 3999; x_wconf 48' lang='lat'><strong><em>¹</em></strong></span> 
     </span>
    </p>
   </div>
   <div class='ocr_carea' id='block_1_7' title="bbox 149 4189 1318 4439">
    <p class='ocr_par' dir='ltr' id='par_1_8' title="bbox 149 4189 1318 4399">
     <span class='ocr_line' id='line_1_40' title="bbox 150 4189 1317 4312; baseline 0.003 -27"><span class='ocrx_word' id='word_1_366' title='bbox 150 4190 223 4292; x_wconf 75' lang='lat' dir='ltr'><strong>Et</strong></span> <span class='ocrx_word' id='word_1_367' title='bbox 215 4225 392 4289; x_wconf 88' lang='lat' dir='ltr'><strong>honestum</strong></span> <span class='ocrx_word' id='word_1_368' title='bbox 397 4240 428 4288; x_wconf 88' lang='lat' dir='ltr'><strong>et</strong></span> <span class='ocrx_word' id='word_1_369' title='bbox 446 4228 591 4288; x_wconf 86' lang='lat' dir='ltr'><strong>decorum</strong></span> <span class='ocrx_word' id='word_1_370' title='bbox 610 4246 676 4286; x_wconf 88' lang='lat' dir='ltr'><strong>esse</strong></span> <span class='ocrx_word' id='word_1_371' title='bbox 693 4223 769 4296; x_wconf 85' lang='lat' dir='ltr'><strong>mibi</strong></span> <span class='ocrx_word' id='word_1_372' title='bbox 786 4189 924 4299; x_wconf 72' lang='lat' dir='ltr'><strong>uidetur,</strong></span> <span class='ocrx_word' id='word_1_373' title='bbox 941 4194 1176 4306; x_wconf 82' lang='lat' dir='ltr'><strong>Athenienses,</strong></span> <span class='ocrx_word' id='word_1_374' title='bbox 1198 4243 1251 4307; x_wconf 85' lang='grc' dir='ltr'><strong>ιιι,</strong></span> <span class='ocrx_word' id='word_1_375' title='bbox 1254 4229 1317 4312; x_wconf 87' lang='lat' dir='ltr'><strong>qni</strong></span> 
     </span>
     <span class='ocr_line' id='line_1_41' title="bbox 149 4309 1318 4439; baseline 0.006 -72"><span class='ocrx_word' id='word_1_376' title='bbox 149 4329 185 4368; x_wconf 84' lang='lat' dir='ltr'><strong>se</strong></span> <span class='ocrx_word' id='word_1_377' title='bbox 208 4309 284 4370; x_wconf 89' lang='lat' dir='ltr'><strong>utile</strong></span> <span class='ocrx_word' id='word_1_378' title='bbox 307 4312 421 4390; x_wconf 85' lang='lat' dir='ltr'><strong>aliquid</strong></span> <span class='ocrx_word' id='word_1_379' title='bbox 445 4309 594 4414; x_wconf 85' lang='lat' dir='ltr'><strong>reperisse</strong></span> <span class='ocrx_word' id='word_1_380' title='bbox 618 4321 737 4389; x_wconf 85' lang='lat' dir='ltr'><strong>putat,</strong></span> <span class='ocrx_word' id='word_1_381' title='bbox 747 4309 785 4370; x_wconf 86' lang='lat' dir='ltr'><strong>ad</strong></span> <span class='ocrx_word' id='word_1_382' title='bbox 804 4309 976 4392; x_wconf 84' lang='lat' dir='ltr'><strong>dicendum·</strong></span> <span class='ocrx_word' id='word_1_383' title='bbox 984 4325 1109 4396; x_wconf 81' lang='lat' dir='ltr'><strong>surgat·</strong></span> <span class='ocrx_word' id='word_1_384' title='bbox 1129 4317 1193 4378; x_wconf 82' lang='lat' dir='ltr'><strong>sed</strong></span> <span class='ocrx_word' id='word_1_385' title='bbox 1218 4333 1318 4439; x_wconf 79' lang='lat' dir='ltr'><strong>cogere</strong></span> 
     </span>
    </p>
   </div>
   <div class='ocr_carea' id='block_1_8' title="bbox 0 0 1367 4754">
    <p class='ocr_par' dir='ltr' id='par_1_9' title="bbox 0 0 1367 4754">
     <span class='ocr_line' id='line_1_42' title="bbox 0 0 1367 4754; baseline 0 0"><span class='ocrx_word' id='word_1_386' title='bbox 0 0 1367 4754; x_wconf 95' lang='lat' dir='ltr'><strong> </strong></span> 
     </span>
    </p>
   </div>
  </div>
 </body>
</html>
