2722 4754
421 174 544 283 ’ϊ-ιιί
579 192 835 308 duracunt.
955 264 960 271 .
1069 192 1077 207 ”
1112 202 1117 206 ’
1147 281 1151 288 ,
1181 223 1278 282 sss-

67 395 130 435 ·eos
150 388 266 435 tantum
288 374 349 449 odi,
375 385 521 455 quantum
539 394 587 433 me
607 373 705 454 ipsum
732 373 840 458 diligo,
870 375 915 436 Nc
940 374 1040 459 aute'm
1064 371 1154 440 verbi
1178 391 1244 432 mea

76 461 228 542 duntaxat!
241 459 386 532 audiatis,
404 459 468 541 ipsa
485 458 572 519 vobis
591 458 839 540 lex'recitabitur.
925 457 928 462 ’
1260 472 1264 481 ’

519 643 529 651 ..
606 607 718 652 LEX.

164 710 347 772 Etsiautem
366 731 420 771 vos
440 731 456 771 e
474 704 576 770 multis
595 708 688 793 signis
707 707 935 792 deprehendere
951 722 1037 790 puto,
1054 711 1161 771 salsum
1178 731 1244 770 esse

77 796 287 859 testimonium
300 820 308 855 ε
323 792 329 803 ”
342 796 373 856 id
391 806 493 856 tamen
512 817 547 856 ex
566 790 670 871 eorum
689 795 775 855 lactis
792 795 840 855 vel
854 795 890 853 in
909 793 1014 875 primis
1032 794 1243 867 animadverti·
1266 820 1270 824 ·
1306 798 1328 876 ‘-

78 897 136 944 tur.
156 881 208 941 lsti
227 881 395 961 putabant,
408 880 545 952 ludices,
564 900 627 953 me,
645 879 671 939 si
689 881 783 940 multa
801 878 875 952 mibi
893 880 1021 960 pignora
1039 876 1245 953 abstulissent,

79 968 189 1049 cupide
208 965 406 1026 liberaturum
424 977 517 1023 testes
536 963 602 1023 salsi
620 964 789 1027 testimonii
807 964 943 1037 actione,¹
960 975 995 1023 ut
1011 963 1138 1046 pignora
1156 987 1244 1025 recu-

78 1073 224 1135 perarem.
261 1047 398 1130 Cumque
418 1072 486 1109 eum
505 1054 643 1131 rogarem
651 1042 664 1123 ,¹
683 1062 717 1109 ut
737 1051 816 1110 diem
834 1049 910 1107 mihi
928 1049 1244 1135 prorogarendibens

79 1138 216 1217 accepit,
232 1149 285 1209 ut,
304 1137 328 1194 si
348 1133 515 1194 constitirto
533 1147 670 1215 tempore
689 1155 752 1193 non
771 1134 946 1207 solvissem,
963 1133 1090 1214 plurima
1110 1153 1145 1191 ex
1162 1132 1246 1194 aedi-

79 1222 136 1283 bus
157 1220 230 1280 meis
250 1232 437 1301 exportaret:
455 1232 677 1300 proptereaque
695 1219 828 1301 ingenue
847 1231 878 1279 et
894 1230 1014 1300 promte
1033 1218 1193 1291 concessit,
1210 1229 1246 1276 ut

80 1309 155 1367 fides
175 1306 236 1365 suis
256 1294 512 1379 h'aberetur,'nec
530 1303 657 1362 insidiae
675 1303 861 1382 patefierent.
891 1303 955 1362 Nee
974 1302 1054 1361 enirn
1073 1302 1161 1361 aliter
1177 1300 1248 1362 fieri

80 1412 170 1473 posse
196 1389 404 1462 existimabat,
429 1401 464 1448 ut
488 1401 581 1448 testes
606 1387 725 1446 actione
749 1385 815 1445 falsi
841 1385 1008 1446 testimonii
1027 1385 1246 1460 liberarentur,
1311 1440 1341 1455 ,,

81 1499 171 1556 quam
190 1475 215 1533 si
235 1497 285 1535 me
302 1473 471 1553 decepisset
490 1483 520 1530 et
538 1490 553 1547 a
572 1491 636 1544 me,
649 1472 685 1531 ad
702 1471 811 1531 dictam
829 1471 908 1531 diem
927 1470 1037 1530 mulcta
1057 1491 1120 1530 non
1138 1471 1247 1547 soluta,
1271 1531 1276 1538 ,

81 1583 173 1641 quarn
191 1559 320 1640 plurima
338 1568 540 1637 asportasset:
576 1577 639 1622 non
658 1552 790 1616 enim‘se
807 1554 958 1617 tantillum
976 1555 1171 1628 inventurum
1190 1578 1244 1636 pu·
1304 1623 1309 1628 ‚

58 1632 175 1718 §taran
201 1645 346 1723 quantum
366 1629 575 1711 abstulerunt,
599 1641 652 1699 sed
671 1640 771 1722 longex
782 1641 874 1721 plura.
895 1639 953 1718 =Ac
970 1638 1247 1721 reliquo'tempore
1277 1646 1281 1651 ’

81 1729 282 1809 exspectavit,
309 1741 452 1805 tauquam
478 1724 617 1784 celeriter
642 1724 669 1783 ei
692 1726 852 1806 pecuniam
875 1725 1049 1786 redditurus
1074 1746 1185 1799 essem,
1213 1737 1270 1797 ut,

48 1886 55 1892 ὴ
83 1814 141 1873 sub
160 1814 254 1894 ipsam
272 1811 338 1870 salsi
356 1809 523 1870 testimonii
541 1809 692 1868 actionem
710 1798 836 1893 pignora
855 1812 982 1889 caperet'
1011 1809 1176 1890 Postquam
1195 1831 1249 1869 au-

83 1911 145 1956 tem
172 1897 200 1957 ei
225 1897 311 1978 parui
344 1906 375 1954 et
399 1895 540 1954 mulctam
564 1894 666 1972 attuli:
699 1916 763 1954 eam
788 1915 850 1954 non
875 1894 1005 1975 recepit,
1029 1895 1082 1954 sed
1110 1915 1249 1954 eressus

83 1982 284 2061 supellectilia
310 1999 393 2052 mea,
420 1994 522 2039 servos
543 1991 574 2038 et
592 1999 663 2039 oves
679 1978 813 2056 abstulit
850 1975 926 2037 Colo
950 1991 1050 2038 autem
1070 1978 1107 2037 ad
1126 1917 1248 2038 {iream
1274 2034 1282 2041 .

63 2080 66 2086 ’
85 2079 274 2144 equestrem,
292 2078 327 2124 ut
345 2085 414 2123 eum
433 2063 539 2143 procul
558 2063 603 2121 ire
620 2083 744 2122 necesse
765 2084 827 2122 non
845 2063 946 2122 fuerit:
979 2063 1061 2122 Haec
1078 2083 1149 2123 vere
1167 2085 1183 2122 a
1202 2083 1250 2122 me

84 2150 162 2222 dici,
193 2170 303 2231 magno
321 2147 408 2209 vobis
426 2148 502 2206 illud
520 2160 699 2228 argumento
718 2148 773 2219 sit,
802 2147 884 2226 quod
902 2146 1067 2225 postridie,
1095 2168 1184 2226 quarn
1202 2148 1250 2228 pi-

83 2254 179 2315 gnora
199 2246 327 2313 ceperat,
345 2231 488 2291 muletam
506 2231 621 2310 accepit
636 2230 815 2312 (enimvero,
835 2230 894 2289 nisi
910 2230 968 2309 iam
987 2244 1074 2310 antea
1092 2221 1250 2291 collectam

54 2333 58 2338 “
85 2318 274 2389 habuissem,
301 2315 478 2396 quistatim
504 2336 662 2375 numerare
687 2315 769 2375 mille
793 2327 943 2374 trecentas
960 2313 1084 2397 triginta
1101 2328 1162 2376 tres
1182 2317 1250 2375 ‹lra-
1290 2379 1291 2382 ,

85 2402 204 2472 clamas,
238 2402 314 2460 duos
340 2399 449 2460 obolos
475 2395 685 2482 potuissem?)
711 2412 742 2458 et
766 2399 893 2482 pignora
918 2399 993 2458 mihi
1016 2421 1078 2459 non
1101 2400 1250 2461 reddidit:
1285 2450 1295 2469 s

87 2485 323 2551 sedetiamnum
343 2505 377 2544 ea
395 2497 497 2557 tenet,
513 2497 549 2544 ut
567 2484 648 2559 eius,
667 2484 719 2563 qui
736 2485 773 2544 ad
792 2484 871 2543 diem
891 2484 1001 2545 dictam
1019 2505 1082 2545 non
1101 2484 1251 2563 solverim.

87 2574 129 2629 Ut
147 2584 246 2630 autem
266 2566 403 2643 constet,
435 2591 483 2627 me
502 2564 539 2628 ad
558 2568 666 2647 dictam
685 2568 811 2628 solvisse
830 2569 930 2641 diem,
961 2569 1054 2630 recita
1073 2568 1147 2627 mihi
1165 2568 1252 2628 testi-

87 2656 224 2714 monium
245 2655 408 2736 eclogem,
439 2675 515 2731 quae
534 2652 636 2726 iubet,
669 2666 782 2713 carata
801 2674 884 2728 esse,
915 2653 1086 2732 quaealius
1105 2654 1252 2714 eumalio
1289 2714 1294 2721 ,

86 2740 245 2823 pepigerit,
270 2739 402 2798 Proinde
421 2738 497 2796 nibil
516 2737 622 2817 utique
641 2738 744 2797 deme
763 2738 821 2796 iam
841 2739 928 2817 queri
945 2737 1053 2820 potuit.

393 2870 949 2943 nunnusr1morv'1um.
1081 2928 1132 2953 .·
1275 2879 1338 2955 236

172 2993 251 3050 Eum
270 2990 363 3072 igitur
380 2989 565 3048 concessisse
584 3002 614 3049 et
630 2989 781 3049 distulisse
797 2989 887 3064 diem,
906 3012 922 3050 e
937 2983 1065 3052 testibus
1082 2991 1255 3053 audivistis:

88 3099 136 3137 nae
155 3070 255 3136 au'tcm
275 3066 450 3134 instruxisse
469 3075 638 3147 triremem,
657 3074 829 3154 etquidem
848 3096 928 3148 eam,
947 3070 1004 3156 qua
1020 3075 1185 3157 imperato?
1199 3076 1254 3136 Al.

88 3162 241 3221 cimachus
268 3160 447 3232 veheretur,
473 3158 587 3241 collega
603 3159 645 3233 in
673 3158 860 3239 praefectura
885 3181 970 3222 meus
986 3173 1042 3221 'est
1065 3161 1255 3221 testificatus.

88 3248 222 3306 Proinde
241 3244 316 3304 nihil
335 3264 350 3303 a
370 3264 417 3313 me
436 3256 539 3323 petere
557 3243 659 3323 potuit
675 3257 801 3327 propter
817 3244 937 3305 dilatam
954 3245 1151 3321 solutionem,
1164 3246 1254 3328 'prae-

89 3332 193 3391 sertim
212 3353 280 3389 cum
299 3328 406 3387 vellem
431 3328 556 3388 solvere.
591 3327 652 3387 Sed
677 3328 784 3410 ingens
811 3342 857 3390 est
874 3330 1006 3390 bominis
1024 3331 1145 3391 avaritia
1163 3344 1254 3410 atque

38 3456 40 3460 -
90 3415 256 3496 cupiditas,
281 3428 341 3473 tam
366 3412 550 3497 minoribus,
574 3408 663 3492 quam
684 3413 848 3473 maioribus
873 3413 904 3477 in
922 3414 1021 3479 rebus.
1056 3415 1156 3475 Probe
1180 3416 1254 3475 item

42 3570 47 3579 .
90 3498 236 3571 sciebant,
254 3500 279 3558 si
297 3498 456 3557 mulierem
474 3496 679 3571 tradidissent,
698 3497 794 3578 palam
812 3497 890 3572 lore,
908 3520 955 3559 me
973 3499 1050 3559 falso
1068 3498 1167 3560 ab‘eis
1187 3520 1253 3559 esse

90 3597 278 3646 accusatum:
305 3582 351 3642 sin
370 3604 433 3642 non
450 3581 661 3655 tradidissent,
686 3603 775 3662 quam
795 3603 863 3643 eum
881 3582 1006 3643 tradere
1018 3583 1150 3644 voluisse
1169 3583 1255 3644 testi-

89 3671 170 3730 ficati
188 3672 325 3740 fuerant,
346 3667 434 3740 lore,
451 3681 487 3748 ut
503 3666 570 3729 salsi
588 3666 757 3728 testimonii
775 3666 1036 3729 convincerentur.
1072 3665 1136 3728 Oro
1155 3682 1256 3730 autem

90 3777 161 3827 vos,
179 3754 315 3824 Iudices,
333 3751 358 3810 si
378 3751 444 3830 quis
465 3773 570 3811 eorum
588 3752 678 3825 sorte,
697 3752 750 3832 qui
768 3765 832 3813 tum
851 3751 1076 3828 iusdixerunt,
1094 3753 1144 3812 bic
1162 3753 1257 3826 adest,

89 3854 125 3900 ut
144 3840 251 3898 iisdem
269 3836 397 3908 utamini
415 3835 580 3907 institutis,
609 3836 719 3915 quibus
737 3850 800 3903 tum
820 3857 960 3917 quoque:
994 3860 1047 3911 ac,
1076 3837 1101 3897 si
1119 3837 1257 3897 testimo·
1336 3838 1339 3843 ’

91 3918 177 3984 nium
196 3936 261 3983 tum
280 3922 339 3980 fide
359 3920 483 4002 dignum
503 3922 598 3981 visum
618 3934 680 3994 est,
697 3921 723 3980 si
742 3943 789 3981 me
800 3921 932 4004 fugisse,
951 3943 1012 4003 quo
1031 3922 1130 3982 minus
1148 3921 1257 3982 veritas
1321 3992 1324 3997 ⁴

92 4000 332 4090 cognosceretur
351 4023 386 4064 ex
404 4003 562 4077 muliere,
584 4005 730 4085 putastis,
766 4028 833 4066 cunr
852 4028 934 4067 nunc
952 4007 1003 4068 isti
1020 4007 1128 4067 falsum
1148 4007 1257 4068 dixisse

91 4092 302 4153 testimonium
322 4088 540 4150 convincantur
559 4101 590 4148 et
607 4090 762 4150 mulierem
781 4089 901 4151 tradere
918 4105 1069 4166 recusent,
1090 4105 1126 4152 ut
1143 4103 1191 4152 me
1209 4092 1258 4151 iu·
1346 4127 1351 4134 ·

45 4202 47 4206 ⁴
93 4177 187 4238 vetis:
215 4175 324 4255 quodsi
347 4173 422 4233 mibi
448 4173 516 4234 irati
539 4172 654 4248 fuistis,
682 4176 916 4258 quod'pign'ora
941 4189 1082 4260 capturus
1106 4178 1144 4237 ad
1168 4178 1257 4239 aedes

93 4260 286 4342 Theophemi
305 4258 440 4340 accessi,
469 4271 553 4319 utet
572 4259 635 4318 istis
654 4281 735 4319 nunc
755 4260 941 4338 irascamini,
968 4262 1051 4344 quod
1069 4262 1150 4322 meas
1168 4262 1258 4323 aede's

94 4339 277 4408 invaserunt„¹
295 4345 397 4424 Atque
416 4331 679 4426 igo,-legibus'et
697 4344 825 4406 decretis
844 4359 983 4422 coaetus,
1000 4359 1101 4406 tam'en
1120 4348 1202 4421 cavi,
1220 4367 1268 4406 ne·

1008 4439 1056 4506 35
