2722 4754
103 203 207 267 ‘tot
402 150 772 287 nuuosrn‘uurs‘
805 175 999 261 orario

71 398 79 404 -
96 378 102 399 ⁸
118 375 193 418 aevo
211 331 424 414 amortalibus
441 359 585 430 usurpata
602 345 758 429 suerunt),
788 344 973 426 opituletur,
1002 354 1034 403 et
1051 364 1139 417 cum,
1167 341 1299 424 qni'per

19 445 23 455 ¹
118 439 259 503 iniuriam
286 448 316 495 et
341 443 452 496 contra*
472 434 574 517 legum
594 431 760 508 interdicta
784 429 937 503 violetur,
964 428 1086 510 eripiat,
1114 429 1298 495 foederibus

7 536 9 540 ‘
31 575 35 581 s
119 525 274 585 exclusum
292 541 358 580 esse
376 520 513 601 scripsit,
538 532 568 580 et
586 519 657 579 huic
674 529 829 600 praeterea
847 536 947 596 neque
967 514 1172 588 defensionis,
1190 535 1298 596 neque

118 607 224 669 iudicii
242 606 360 687 copiam
377 605 467 679 lecit,
490 606 544 665 sed
563 618 593 668 et
610 606 693 671 hunc
711 602 812 662 statim
831 600 896 661 sine
911 600 1030 660 iudicio
1049 600 1145 681 punit
1179 601 1298 676 Quod-

33 765 35 769 ,
71 742 76 749 .
119 693 361 767 nandecretum
380 690 439 750 isto
462 691 615 751 crudelius
639 695 693 749 scut
717 686 1041 769 iniquius-excogitari
1061 686 1172 765 queat?
1197 687 1300 746 Estn'e

89 832 91 839 Α
119 773 217 839 adhue
235 772 324 837 nobis
344 774 511 858 aliqualex
527 775 666 855 reliqua?
692 775 776 833 Heus
796 787 830 833 tn
849 773 996 838 ostende,
1028 771 1244 861 Recitaaehanc.

647 901 761 973 unx:
814 895 852 979 ,⁴¹

112 1078 134 1099 ,,.
164 1034 236 1095 ·’ὃὶ
254 1034 321 1116 quis
341 1032 475 1093 violenta·
491 1024 590 1093 mbr-te
615 1028 808 1092 occubuerit:
833 1029 867 1089 in
892 1029 957 1090 eins
982 1028 1133 1095 ultionem
1147 1029 1299 1093 'n'e'cessa-
1326 1024 1330 1033 ’

45 1136 46 1141 ’
118 1120 172 1184 rii's
191 1115 318 1202 co'rpora
336 1110 496 1201 pignerare
515 1116 617 1192 liceat,
633 1119 731 1178 donec
749 1128 802 1191 aut
820 1114 920 1175 caedis
939 1107 1059 1174 causam
1078 1113 1223 1190 dixerint,
1246 1128 1300 1176 aut
1345 1162 1360 1172 .

119 1206 287 1285 homicidas
313 1203 493 1265 dediderint
537 1199 699 1286 Capiendis
729 1214 830 1263 autern
858 1220 1020 1281 corporum
1046 1200 1232 1284 pignoribus
1257 1201 1299 1270 ad

16 1327 20 1335 ·
119 1291 243 1370 tertium
261 1309 358 1370 usque
377 1288 626 1373 progrediantur:
644 1289 738 1361 ultra,
756 1287 840 1347 nelas
859 1298 935 1346 esto.
991 1355 998 1360 ,

159 1392 161 1396 ’
186 1392 187 1396 ’
206 1373 289 1436 Cum·
301 1375 395 1458 leges,
412 1374 627 1449 Athenienses,
644 1374 814 1456 praeclarae
833 1372 945 1431 multae
963 1370 1042 1431 sint:
1060 1369 1143 1430 haud
1161 1369 1301 1446 scio',art

90 1464 92 1470 '
119 1461 181 1522 ulla
198 1461 271 1520 huic
288 1461 336 1520 rel
354 1461 534 1542 praestantia
552 1460 600 1521 vel
618 1461 770 1540 aequitate
788 1459 829 1521 sit
845 1457 1049 1538 praeferenda.
1080 1449 1301 1530 Considerate,
1322 1530 1325 1535 r
1356 1452 1360 1461 ¹

23 1719 100 1801 ‚412‘

114 1567 251 1626 quaeso,
270 1558 381 1625 quanta
398 1545 550 1625 acquitate
569 1557 600 1605 et
617 1544 803 1605 humanitate
821 1543 862 1604 sit
879 1541 1008 1602 condita.
1033 1541 1066 1601 Si
1086 1540 1164 1622 quis,
1182 1541 1301 1621 inquit,

119 1631 253 1692 violenta
266 1642 384 1717 smorte
417 1629 602 1690 occubuerit.
650 1630 785 1690 Primum
821 1627 892 1708 qnia
919 1628 1079 1711 adscripsit
1098 1625 1301 1712 ¹«uiolenta»

119 1715 288 1798 significare
306 1713 420 1787 voluit,
445 1714 544 1795 siper
559 1708 701 1774 iniuriam
719 1715 760 1775 sit
778 1714 917 1788 occisus,
940 1713 1076 1796 cognatis
1094 1712 1227 1796 pignora
1246 1733 1298 1774 ea-

119 1821 192 1884 pcre
211 1800 320 1872 licere,
339 1800 438 1858 donec
456 1813 508 1859 aut
526 1800 624 1861 caedis
642 1822 761 1861 causam
780 1799 929 1872 dixerint,
948 1811 1001 1859 aut
1018 1797 1186 1859 homicidas
1208 1798 1313 1884 dedi-¹

91 1886 93 1893 ⁴
121 1887 230 1947 derint.
274 1881 603 1965 Considerate,flquam
628 1885 708 1946 bene
731 1884 815 1966 prius
834 1896 953 1944 causam
972 1884 1032 1944 dici
1049 1883 1147 1944 velit:
1163 1879 1251 1964 quod
1272 1883 1300 1944 s'i

84 2064 217 2139 Lngnora
243 2055 342 2114 licere
361 2053 426 2134 capi
451 2076 549 2136 usque
572 2056 609 2115 ad
633 2052 713 2130 tres,
739 2076 803 2116 non
821 2055 907 2115 ultra.

120 1971 239 2043 nolint,
263 1965 335 2051 ‘post
352 1970 429 2029 dedi
440 1969 605 2051 imperavit
650 1970 705 2030 Sin
722 1970 832 2030 horum
850 1964 1015 2112 utrumque
1034 1970 1222 2030 detrectent:
1249 1970 1300 2051 pi-

978 2067 1066 2114 entra
1084 2067 1178 2114 totam
1197 2055 1301 2137 igitur

12 2156 16 2164 '
61 2219 65 2224 ,
119 2141 219 2224 legem
237 2139 315 2217 hanc
334 2139 489 2200 decretum
506 2139 620 2201 lactum
638 2153 691 2200 est.
715 2141 850 2200 Primum
869 2139 950 2199 enim
969 2165 983 2192 ιι
991 2139 1017 2199 si
1036 2139 1103 2220 quis
1123 2139 1298 2201 occiderit»

120 2225 303 2295 scribendo,
314 2229 381 2283 'non
399 2224 567 2306 adscripsit,
583 2225 697 2286 iniuste
714 2240 767 2286 aut
782 2224 943 2301 violenter,
961 2223 1036 2284 nihil
1056 2225 1184 2287 omnino
1204 2226 1299 2286 deni·
1349 2243 1354 2252 “

119 2314 196 2390 que-3
214 2305 339 2382 deinde,
357 2308 532 2390 priusquam
551 2310 749 2371 causam-dici
766 2304 906 2382 iusserit,
924 2310 1025 2393 statim
1044 2310 1181 2392 scripsit,
1199 2309 1312 2371 licere'

77 2418 80 2429 ⁴
120 2393 240 2456 abduci.
283 2394 442 2454 Praeterea
467 2395 532 2469 lex,
558 2395 585 2456 si
609 2417 710 2478 neque
735 2412 855 2456 causam
879 2390 1010 2459 dixerint
1032 2394 1082 2468 hi,
1108 2396 1190 2476 apud
1216 2417 1312 2476 quos

104 2470 328 2540 'lacta'caedes
356 2491 419 2553 est,
443 2500 553 2560 neque
570 2493 674 2541 sontes
700 2480 889 2553 dediderint,
915 2493 1021 2541 contra
1046 2480 1102 2539 hos
1127 2479 1298 2563 pignorum

121 2563 291 2645 captionem
309 2565 346 2622 ad
364 2577 425 2624 tres
441 2586 544 2647 qusque
559 2565 707 2627 concedit
750 2568 811 2627 lste
836 2587 910 2627 vero
929 2567 989 2648 hosx
1005 2565 1090 2626 omni
1108 2563 1237 2647 crimine
1256 2567 1298 2626 li·-
1317 2588 1319 2592 ’

120 2648 253 2720 beravit,
277 2648 502 2728 nulla‘prorsus
522 2668 629 2710 eorum
646 2651 724 2711 facta
747 2650 921 2711 mentione:
946 2652 1000 2711 sed
1018 2651 1077 2712 iam
1103 2652 1295 2712 exsulantem

59 2801 62 2807 ,
82 2752 85 2755 ·
119 2731 315 2816 (quamquam
333 2734 440 2793 natura
465 2725 497 2795 ed
519 2736 656 2798 omnium
678 2726 855 2797 mortalium¹
869 2737 1023 2817 communi
1040 2723 1189 2820 shlfragio
1208 2736 1297 2798 comss

20 2849 23 2854 -
118 2816 246 2899 probata
264 2817 331 2898 lege
350 2817 550 2895 constitutum
569 2821 623 2895 sit,
634 2822 773 2882 utexsul
790 2819 980 2904 admittatur)
997 2823 1023 2881 si
1041 2823 1094 2901 qui
1112 2824 1295 2904 susceperit,

56 2967 69 2978 x
119 2902 265 2962 societate
283 2902 443 2962 foederum
462 2904 604 2981 excludit,
621 2907 790 2987 supplicem
808 2907 840 2970 ni
858 2906 1040 2967 dediderint
1061 2908 1208 2982 Proinde,
1225 2921 1295 2969 tum
1338 2936 1343 2941 ·

111 2986 189 3068 'quia
207 3007 271 3047 non
289 2989 431 3068 apposuit
447 2987 572 3051 modum
583 2992 702 3066 caedis,
721 3005 787 3053 tum
806 2992 876 3072 quia
894 2993 1041 3053 iudicium
1060 3014 1132 3058 non·
1142 2994 1295 3066 nominat,

38 3106 41 3109 ·
93 3072 273 3153 ‘tumquia
296 3090 409 3152 poenas
434 3075 514 3158 exigi
537 3096 600 3157 non
624 3076 727 3152 iubet,
752 3089 817 3139 tum
837 3077 907 3158 quia
926 3079 977 3138 dat
993 3071 1132 3159 undique
1151 3099 1293 3160 compre·
1345 3085 1347 3090 '

118 3155 275 3216 hendendi
292 3157 484 3234 facultatem,
498 3163 655 3242 tum-quia
674 3183 739 3237 eos,
758 3163 811 3243 qui
828 3163 1018 3245 receperint,
1037 3184 1101 3222 non
1121 3184 1191 3237 eos,
1210 3165 1297 3245 apud

24 3245 26 3249 ’
118 3260 196 3320 quos
214 3241 291 3302 facta
309 3246 415 3306 credes
432 3245 536 3321 fuerit,
552 3248 655 3327 puniri
673 3249 769 3323 iubet,
786 3248 879 3309 rebus
897 3249 1032 3329 denique
1051 3248 1194 3309 omnibus
1212 3249 1293 3310 banc

40 3376 47 3393 ,
75 3330 78 3336 ’
119 3344 243 3406 quoque
261 3327 361 3411 legem
379 3331 502 3391 decreto
521 3352 579 3393 suo
595 3332 727 3395 tiolavit.
771 3332 854 3416 Age,
872 3326 1053 3415 sequentem
1069 3326 1180 3410 recita,

651 3486 765 3551 nere.
791 3495 793 3499 ·
819 3472 828 3538 ἶ

111 3648 112 3652 ¹
202 3583 365 3663 Nequelas
379 3597 456 3658 esto,
471 3585 573 3670 legem
586 3589 629 3674 de
647 3608 712 3649 uno
728 3588 794 3650 ‘viro
812 3591 904 3666 ferre,
923 3591 983 3650 nisi
1002 3592 1108 3651 eadem
1125 3592 1164 3651 ad
1183 3611 1293 3664 omnes

117 3660 322 3729 Athenienses
339 3670 499 3750 pertineat
856 3738 858 3743 s
1006 3726 1008 3729 -

155 3769 159 3776 ’
202 3752 284 3814 Haec
307 3754 355 3814 lert
379 3757 472 3817 modo
494 3758 629 3832 recitata,
653 3760 781 3832 ludices,
805 3769 869 3822 non
892 3761 951 3822 iam
976 3775 1007 3821 et
1029 3762 1094 3842 ipsa
1118 3775 1164 3822 est
1186 3755 1294 3821 rerum
1348 3822 1355 3828 .

18 3921 27 3926 .
116 3837 305 3919 capitalium:
324 3839 422 3900 nihilo
440 3840 540 3904 minus
559 3844 729 3918 tamen„ut
746 3846 773 3907 si
791 3869 850 3927 qua
868 3847 943 3921 alia,
961 3848 1121 3930 praeclara.
1157 3846 1236 3907 Nam
1255 3858 1294 3906 ut
1341 3893 1344 3899 .

115 3922 227 4003 reliqui
245 3924 320 3984 iuris
344 3926 488 4001 civitatis,
514 3928 555 3990 ita
580 3931 682 4014 legum
697 3936 832 4012 'quoque
856 3933 998 3993 omnibus
1024 3954 1152 4013 aequ-am
1171 3938 1293 4013 partem

116 4025 183 4066 esse
198 4004 389 4077 tribuendam
403 4012 523 4075 censuit
538 4015 707 4100 legislator:
724 4031 946 4100 proptereaque
963 4018 1094 4100 scripsit,
1107 4017 1192 4082 nefas
1210 4037 1292 4092 esse,
1308 4044 1313 4056 ·

68 4135 73 4148 ,
115 4089 195 4168 ferre
214 4093 313 4176 legem
330 4118 394 4158 uno
412 4099 450 4159 de
468 4099 552 4175 viro,
578 4101 637 4162 nisi
662 4103 767 4165 eadem
791 4105 829 4163 ad
847 4124 952 4164 omnes
972 4123 1097 4185 quoque
1114 4101 1291 4177 Athenien-¹

115 4194 164 4236 scs
182 4179 335 4258 pertinere
353 4197 452 4264 queat
477 4180 615 4260 ‘Quando
632 4187 728 4270 igitur
744 4189 777 4248 in
790 4189 936 4250 ’censesso
956 4181 1022 4265 est,
1035 4189 1158 4250 decreta
1177 4208 1292 4250 seeun-

115 4261 187 4322 dum
214 4285 328 4326 omnes
342 4269 427 4352 'leges
453 4270 546 4346 scribi
570 4285 729 4354 oportere:
757 4272 813 4355 qui¹
837 4267 1019 4336 Charidemo
1044 4275 1105 4336 tale
1133 4275 1292 4356 quippiam

15 4391 26 4471 Ι.
86 4359 92 4397 ἰ
113 4347 252 4428 privatim
268 4352 417 4429 decernit,
435 4358 520 4444 quod
532 4376 600 4439 ⁴non
612 4357 705 4433 'vobis
724 4360 866 4459 omnibus
885 4382 1038 4443 exaequo
1056 4361 1160 4425 tribui.
1171 4371 1290 4443 potest
1310 4433 1317 4441 ,
