<?xml version="1.0" encoding="UTF-8"?>
<!DOCTYPE html PUBLIC "-//W3C//DTD XHTML 1.0 Transitional//EN"
    "http://www.w3.org/TR/xhtml1/DTD/xhtml1-transitional.dtd">
<html xmlns="http://www.w3.org/1999/xhtml" xml:lang="en" lang="en">
 <head>
  <title>
</title>
<meta http-equiv="Content-Type" content="text/html;charset=utf-8" />
  <meta name='ocr-system' content='tesseract 3.04.00' />
  <meta name='ocr-capabilities' content='ocr_page ocr_carea ocr_par ocr_line ocrx_word'/>
</head>
<body>
  <div class='ocr_page' id='page_1' title='image "./demosthenisquae04schgoog_0509.png"; bbox 0 0 2722 4754; ppageno 0'>
   <div class='ocr_carea' id='block_1_1' title="bbox 126 143 1125 285">
    <p class='ocr_par' dir='ltr' id='par_1_1' title="bbox 126 143 1125 285">
     <span class='ocr_line' id='line_1_1' title="bbox 126 143 1125 285; baseline -0.026 -13"><span class='ocrx_word' id='word_1_1' title='bbox 126 175 187 272; x_wconf 79' lang='lat' dir='ltr'><strong>sm</strong></span> <span class='ocrx_word' id='word_1_2' title='bbox 316 267 318 271; x_wconf 69' lang='grc'>,</span> <span class='ocrx_word' id='word_1_3' title='bbox 354 261 375 272; x_wconf 8' lang='grc' dir='ltr'><strong>Ν,</strong></span> <span class='ocrx_word' id='word_1_4' title='bbox 404 143 771 282; x_wconf 73' lang='lat' dir='ltr'><strong>onuo&#39;srnnurs</strong></span> <span class='ocrx_word' id='word_1_5' title='bbox 807 189 1024 285; x_wconf 65' lang='grc' dir='ltr'><strong>οιιΑτιο.ἱ</strong></span> <span class='ocrx_word' id='word_1_6' title='bbox 1120 179 1125 186; x_wconf 89' lang='grc'><em>·</em></span> 
     </span>
    </p>
   </div>
   <div class='ocr_carea' id='block_1_2' title="bbox 124 310 1292 438">
    <p class='ocr_par' dir='ltr' id='par_1_2' title="bbox 124 310 1292 438">
     <span class='ocr_line' id='line_1_2' title="bbox 124 310 1292 438; baseline -0.015 -16"><span class='ocrx_word' id='word_1_7' title='bbox 124 351 276 438; x_wconf 69' lang='lat' dir='ltr'><strong>Eubulide</strong></span> <span class='ocrx_word' id='word_1_8' title='bbox 293 355 332 415; x_wconf 89' lang='lat' dir='ltr'><strong>de</strong></span> <span class='ocrx_word' id='word_1_9' title='bbox 348 349 695 431; x_wconf 82' lang='lat' dir='ltr'><strong>hereditateHagniae,</strong></span> <span class='ocrx_word' id='word_1_10' title='bbox 725 366 826 429; x_wconf 87' lang='lat' dir='ltr'><strong>neque</strong></span> <span class='ocrx_word' id='word_1_11' title='bbox 848 334 920 406; x_wconf 79' lang='lat' dir='ltr'><strong>tum</strong></span> <span class='ocrx_word' id='word_1_12' title='bbox 932 310 1025 405; x_wconf 88' lang='lat' dir='ltr'><strong>alium</strong></span> <span class='ocrx_word' id='word_1_13' title='bbox 1043 362 1226 425; x_wconf 81' lang='lat' dir='ltr'>quemquam</span> <span class='ocrx_word' id='word_1_14' title='bbox 1244 364 1292 405; x_wconf 85' lang='lat' dir='ltr'><strong>ra·</strong></span> 
     </span>
    </p>
   </div>
   <div class='ocr_carea' id='block_1_3' title="bbox 57 437 471 528">
    <p class='ocr_par' dir='ltr' id='par_1_3' title="bbox 57 437 471 528">
     <span class='ocr_line' id='line_1_3' title="bbox 57 437 471 528; baseline -0.036 -16"><span class='ocrx_word' id='word_1_15' title='bbox 57 464 58 467; x_wconf 76' lang='grc'>’</span> <span class='ocrx_word' id='word_1_16' title='bbox 125 447 211 509; x_wconf 87' lang='lat' dir='ltr'><strong>tione</strong></span> <span class='ocrx_word' id='word_1_17' title='bbox 227 437 471 528; x_wconf 71' lang='lat' dir='ltr'><strong>propinquitatis.</strong></span> 
     </span>
    </p>
   </div>
   <div class='ocr_carea' id='block_1_4' title="bbox 43 577 235 646">
    <p class='ocr_par' dir='ltr' id='par_1_4' title="bbox 43 577 235 646">
     <span class='ocr_line' id='line_1_4' title="bbox 43 577 235 646; baseline -0.016 -1"><span class='ocrx_word' id='word_1_18' title='bbox 43 589 131 646; x_wconf 77' lang='lat' dir='ltr'><strong>tao·</strong></span> <span class='ocrx_word' id='word_1_19' title='bbox 229 577 235 584; x_wconf 86' lang='lat'>&#39;</span> 
     </span>
    </p>
   </div>
   <div class='ocr_carea' id='block_1_5' title="bbox 603 584 800 643">
    <p class='ocr_par' dir='ltr' id='par_1_5' title="bbox 603 584 800 643">
     <span class='ocr_line' id='line_1_5' title="bbox 603 584 800 643; baseline -0.005 -14"><span class='ocrx_word' id='word_1_20' title='bbox 603 584 800 643; x_wconf 71' lang='lat' dir='ltr'><strong>,aaron</strong></span> 
     </span>
    </p>
   </div>
   <div class='ocr_carea' id='block_1_6' title="bbox 125 682 1293 1192">
    <p class='ocr_par' dir='ltr' id='par_1_6' title="bbox 125 682 1293 1192">
     <span class='ocr_line' id='line_1_6' title="bbox 153 682 1293 776; baseline -0.012 -20"><span class='ocrx_word' id='word_1_21' title='bbox 153 744 160 756; x_wconf 91' lang='grc'>,</span> <span class='ocrx_word' id='word_1_22' title='bbox 210 699 363 768; x_wconf 78' lang='lat' dir='ltr'><strong>Testatur,</strong></span> <span class='ocrx_word' id='word_1_23' title='bbox 378 705 494 776; x_wconf 87' lang='lat' dir='ltr'><strong>patrem</strong></span> <span class='ocrx_word' id='word_1_24' title='bbox 511 712 611 765; x_wconf 88' lang='lat' dir='ltr'><strong>suum,</strong></span> <span class='ocrx_word' id='word_1_25' title='bbox 627 689 811 761; x_wconf 87' lang='lat' dir='ltr'><strong>Stratonem,</strong></span> <span class='ocrx_word' id='word_1_26' title='bbox 829 698 992 768; x_wconf 80' lang='lat' dir='ltr'><strong>cognatum</strong></span> <span class='ocrx_word' id='word_1_27' title='bbox 1010 682 1102 744; x_wconf 86' lang='lat' dir='ltr'><strong>luisse</strong></span> <span class='ocrx_word' id='word_1_28' title='bbox 1121 684 1293 758; x_wconf 79' lang='lat' dir='ltr'><strong>Polemoni,</strong></span> 
     </span>
     <span class='ocr_line' id='line_1_7' title="bbox 125 769 1292 868; baseline -0.015 -23"><span class='ocrx_word' id='word_1_29' title='bbox 125 785 205 868; x_wconf 87' lang='lat' dir='ltr'><strong>patri</strong></span> <span class='ocrx_word' id='word_1_30' title='bbox 221 782 375 864; x_wconf 78' lang='lat' dir='ltr'><strong>Ilagniae,</strong></span> <span class='ocrx_word' id='word_1_31' title='bbox 396 791 427 838; x_wconf 90' lang='lat' dir='ltr'><strong>et</strong></span> <span class='ocrx_word' id='word_1_32' title='bbox 445 774 645 847; x_wconf 88' lang='lat' dir='ltr'><strong>Charidemo,</strong></span> <span class='ocrx_word' id='word_1_33' title='bbox 663 773 741 854; x_wconf 85' lang='lat' dir='ltr'><strong>patri</strong></span> <span class='ocrx_word' id='word_1_34' title='bbox 758 771 969 852; x_wconf 76' lang='lat' dir='ltr'><strong>Theopompi,</strong></span> <span class='ocrx_word' id='word_1_35' title='bbox 988 784 1017 830; x_wconf 88' lang='lat' dir='ltr'><strong>et</strong></span> <span class='ocrx_word' id='word_1_36' title='bbox 1035 770 1197 852; x_wconf 81' lang='lat' dir='ltr'><strong>Philagro,</strong></span> <span class='ocrx_word' id='word_1_37' title='bbox 1215 769 1292 850; x_wconf 91' lang='lat' dir='ltr'><strong>patri</strong></span> 
     </span>
     <span class='ocr_line' id='line_1_8' title="bbox 126 855 1291 945; baseline -0.015 -15"><span class='ocrx_word' id='word_1_38' title='bbox 126 869 311 929; x_wconf 88' lang='lat' dir='ltr'><strong>Eubulidae:</strong></span> <span class='ocrx_word' id='word_1_39' title='bbox 337 879 367 927; x_wconf 88' lang='lat' dir='ltr'><strong>et</strong></span> <span class='ocrx_word' id='word_1_40' title='bbox 384 859 539 945; x_wconf 73' lang='lat' dir='ltr'><strong>audisse&#39;c</strong></span> <span class='ocrx_word' id='word_1_41' title='bbox 557 872 641 938; x_wconf 81' lang='lat' dir='ltr'><strong>patre</strong></span> <span class='ocrx_word' id='word_1_42' title='bbox 660 881 735 933; x_wconf 91' lang='lat' dir='ltr'><strong>suo,</strong></span> <span class='ocrx_word' id='word_1_43' title='bbox 753 858 928 939; x_wconf 80' lang='lat' dir='ltr'><strong>Philagrum</strong></span> <span class='ocrx_word' id='word_1_44' title='bbox 947 856 1066 915; x_wconf 82' lang='lat' dir='ltr'><strong>duxisse</strong></span> <span class='ocrx_word' id='word_1_45' title='bbox 1084 877 1211 914; x_wconf 79' lang='lat' dir='ltr'><strong>uxorem</strong></span> <span class='ocrx_word' id='word_1_46' title='bbox 1230 855 1291 935; x_wconf 86' lang='lat' dir='ltr'><strong>pri-</strong></span> 
     </span>
     <span class='ocr_line' id='line_1_9' title="bbox 126 940 1293 1022; baseline -0.014 -8"><span class='ocrx_word' id='word_1_47' title='bbox 126 977 204 1014; x_wconf 81' lang='lat' dir='ltr'><strong>mam</strong></span> <span class='ocrx_word' id='word_1_48' title='bbox 221 950 463 1021; x_wconf 89' lang='lat' dir='ltr'><strong>Philomacham,</strong></span> <span class='ocrx_word' id='word_1_49' title='bbox 487 965 624 1005; x_wconf 88' lang='lat' dir='ltr'><strong>sororem</strong></span> <span class='ocrx_word' id='word_1_50' title='bbox 641 943 834 1015; x_wconf 88' lang='lat' dir='ltr'><strong>Polemonis,</strong></span> <span class='ocrx_word' id='word_1_51' title='bbox 852 941 944 1021; x_wconf 90' lang='lat' dir='ltr'><strong>patris</strong></span> <span class='ocrx_word' id='word_1_52' title='bbox 961 940 1116 1022; x_wconf 82' lang='lat' dir='ltr'><strong>Hagniae,</strong></span> <span class='ocrx_word' id='word_1_53' title='bbox 1136 941 1244 999; x_wconf 91' lang='lat' dir='ltr'><strong>codem</strong></span> <span class='ocrx_word' id='word_1_54' title='bbox 1263 953 1293 999; x_wconf 90' lang='lat' dir='ltr'><strong>et</strong></span> 
     </span>
     <span class='ocr_line' id='line_1_10' title="bbox 126 1024 1292 1120; baseline -0.014 -21"><span class='ocrx_word' id='word_1_55' title='bbox 126 1051 259 1120; x_wconf 80' lang='lat' dir='ltr'><strong>patreet</strong></span> <span class='ocrx_word' id='word_1_56' title='bbox 277 1050 371 1097; x_wconf 86' lang='lat' dir='ltr'><strong>matre</strong></span> <span class='ocrx_word' id='word_1_57' title='bbox 389 1046 500 1093; x_wconf 91' lang='lat' dir='ltr'><strong>ortam:</strong></span> <span class='ocrx_word' id='word_1_58' title='bbox 522 1041 553 1088; x_wconf 89' lang='lat' dir='ltr'><strong>et</strong></span> <span class='ocrx_word' id='word_1_59' title='bbox 569 1043 673 1089; x_wconf 86' lang='lat' dir='ltr'><strong>natum</strong></span> <span class='ocrx_word' id='word_1_60' title='bbox 693 1049 758 1088; x_wconf 90' lang='lat' dir='ltr'><strong>esse</strong></span> <span class='ocrx_word' id='word_1_61' title='bbox 776 1027 919 1109; x_wconf 86' lang='lat' dir='ltr'><strong>Philagro</strong></span> <span class='ocrx_word' id='word_1_62' title='bbox 939 1047 955 1086; x_wconf 93' lang='lat' dir='ltr'><strong>e</strong></span> <span class='ocrx_word' id='word_1_63' title='bbox 974 1024 1168 1096; x_wconf 72' lang='lat' dir='ltr'><strong>Philomacht</strong></span> <span class='ocrx_word' id='word_1_64' title='bbox 1185 1025 1292 1084; x_wconf 85' lang='lat' dir='ltr'><strong>Eubu-</strong></span> 
     </span>
     <span class='ocr_line' id='line_1_11' title="bbox 126 1110 1291 1192; baseline -0.013 -10"><span class='ocrx_word' id='word_1_65' title='bbox 126 1124 234 1184; x_wconf 76' lang='lat' dir='ltr'><strong>lidam:</strong></span> <span class='ocrx_word' id='word_1_66' title='bbox 260 1121 400 1189; x_wconf 79' lang='lat' dir='ltr'><strong>defuncta</strong></span> <span class='ocrx_word' id='word_1_67' title='bbox 417 1114 612 1190; x_wconf 86' lang='lat' dir='ltr'><strong>Philomacha</strong></span> <span class='ocrx_word' id='word_1_68' title='bbox 629 1127 755 1172; x_wconf 89' lang='lat' dir='ltr'><strong>uxorem</strong></span> <span class='ocrx_word' id='word_1_69' title='bbox 774 1112 861 1171; x_wconf 88' lang='lat' dir='ltr'><strong>aliam</strong></span> <span class='ocrx_word' id='word_1_70' title='bbox 880 1111 1000 1171; x_wconf 87' lang='lat' dir='ltr'><strong>duxisse</strong></span> <span class='ocrx_word' id='word_1_71' title='bbox 1017 1110 1211 1192; x_wconf 79' lang='lat' dir='ltr'><strong>Philagrum,</strong></span> <span class='ocrx_word' id='word_1_72' title='bbox 1233 1111 1291 1169; x_wconf 81' lang='lat' dir='ltr'><strong>&#39;l&#39;e-</strong></span> 
     </span>
    </p>
   </div>
   <div class='ocr_carea' id='block_1_7' title="bbox 37 1195 1291 1373">
    <p class='ocr_par' dir='ltr' id='par_1_7' title="bbox 37 1195 1291 1373">
     <span class='ocr_line' id='line_1_12' title="bbox 91 1195 1291 1289; baseline -0.013 -20"><span class='ocrx_word' id='word_1_73' title='bbox 91 1246 97 1257; x_wconf 75' lang='lat'><strong>,</strong></span> <span class='ocrx_word' id='word_1_74' title='bbox 125 1208 286 1289; x_wconf 75' lang='lat' dir='ltr'><strong>lesippam:</strong></span> <span class='ocrx_word' id='word_1_75' title='bbox 313 1219 343 1265; x_wconf 87' lang='lat' dir='ltr'><strong>et</strong></span> <span class='ocrx_word' id='word_1_76' title='bbox 368 1215 472 1264; x_wconf 89' lang='lat' dir='ltr'><strong>natum</strong></span> <span class='ocrx_word' id='word_1_77' title='bbox 499 1220 565 1260; x_wconf 89' lang='lat' dir='ltr'><strong>osse</strong></span> <span class='ocrx_word' id='word_1_78' title='bbox 592 1196 968 1271; x_wconf 84' lang='lat' dir='ltr'><strong>Menestheum,··sratrem</strong></span> <span class='ocrx_word' id='word_1_79' title='bbox 994 1195 1182 1268; x_wconf 80' lang='lat' dir='ltr'><strong>Eubulidae,</strong></span> <span class='ocrx_word' id='word_1_80' title='bbox 1208 1208 1291 1274; x_wconf 87' lang='lat' dir='ltr'><strong>patre</strong></span> 
     </span>
     <span class='ocr_line' id='line_1_13' title="bbox 37 1279 1291 1373; baseline -0.014 -18"><span class='ocrx_word' id='word_1_81' title='bbox 37 1328 43 1360; x_wconf 78' lang='grc'><strong>-,</strong></span> <span class='ocrx_word' id='word_1_82' title='bbox 115 1294 252 1373; x_wconf 67' lang='lat' dir='ltr'><strong>‘quidem</strong></span> <span class='ocrx_word' id='word_1_83' title='bbox 269 1292 393 1364; x_wconf 88' lang='lat' dir='ltr'><strong>eodem,</strong></span> <span class='ocrx_word' id='word_1_84' title='bbox 410 1288 466 1349; x_wconf 88' lang='lat' dir='ltr'><strong>sed</strong></span> <span class='ocrx_word' id='word_1_85' title='bbox 484 1298 578 1345; x_wconf 86' lang='lat' dir='ltr'><strong>matre</strong></span> <span class='ocrx_word' id='word_1_86' title='bbox 596 1304 659 1343; x_wconf 91' lang='lat' dir='ltr'><strong>non</strong></span> <span class='ocrx_word' id='word_1_87' title='bbox 678 1285 800 1342; x_wconf 86' lang='lat' dir='ltr'><strong>eadem:</strong></span> <span class='ocrx_word' id='word_1_88' title='bbox 818 1294 850 1342; x_wconf 91' lang='lat' dir='ltr'><strong>et</strong></span> <span class='ocrx_word' id='word_1_89' title='bbox 868 1304 936 1341; x_wconf 79' lang='lat' dir='ltr'><strong>carm</strong></span> <span class='ocrx_word' id='word_1_90' title='bbox 954 1279 1121 1340; x_wconf 86' lang='lat' dir='ltr'><strong>Eubulides</strong></span> <span class='ocrx_word' id='word_1_91' title='bbox 1140 1280 1291 1338; x_wconf 88' lang='lat' dir='ltr'><strong>heredita-</strong></span> 
     </span>
    </p>
   </div>
   <div class='ocr_carea' id='block_1_8' title="bbox 106 1364 1289 1458">
    <p class='ocr_par' dir='ltr' id='par_1_8' title="bbox 106 1364 1289 1458">
     <span class='ocr_line' id='line_1_14' title="bbox 106 1364 1289 1458; baseline -0.013 -20"><span class='ocrx_word' id='word_1_92' title='bbox 106 1391 188 1457; x_wconf 56' lang='lat' dir='ltr'><strong>„tem</strong></span> <span class='ocrx_word' id='word_1_93' title='bbox 206 1372 496 1458; x_wconf 79' lang='lat' dir='ltr'><strong>Hagniaepetiisset</strong></span> <span class='ocrx_word' id='word_1_94' title='bbox 513 1369 632 1429; x_wconf 88' lang='lat' dir='ltr'><strong>ratione</strong></span> <span class='ocrx_word' id='word_1_95' title='bbox 650 1367 787 1450; x_wconf 84' lang='lat' dir='ltr'><strong>generis,</strong></span> <span class='ocrx_word' id='word_1_96' title='bbox 817 1368 943 1437; x_wconf 86' lang='lat' dir='ltr'><strong>eandem</strong></span> <span class='ocrx_word' id='word_1_97' title='bbox 961 1384 1061 1445; x_wconf 87' lang='lat' dir='ltr'><strong>neque</strong></span> <span class='ocrx_word' id='word_1_98' title='bbox 1079 1364 1289 1424; x_wconf 87' lang='lat' dir='ltr'><strong>Menestheum</strong></span> 
     </span>
    </p>
   </div>
   <div class='ocr_carea' id='block_1_9' title="bbox 42 1451 1289 1551">
    <p class='ocr_par' dir='ltr' id='par_1_9' title="bbox 42 1451 1289 1551">
     <span class='ocr_line' id='line_1_15' title="bbox 42 1451 1289 1551; baseline -0.011 -29"><span class='ocrx_word' id='word_1_99' title='bbox 42 1504 43 1508; x_wconf 65' lang='lat'><strong>,</strong></span> <span class='ocrx_word' id='word_1_100' title='bbox 125 1462 265 1551; x_wconf 82' lang='lat' dir='ltr'><strong>petiisse,</strong></span> <span class='ocrx_word' id='word_1_101' title='bbox 281 1480 382 1539; x_wconf 82' lang='lat' dir='ltr'><strong>neque</strong></span> <span class='ocrx_word' id='word_1_102' title='bbox 400 1459 636 1527; x_wconf 87' lang='lat' dir='ltr'><strong>Euctemonem,</strong></span> <span class='ocrx_word' id='word_1_103' title='bbox 652 1455 774 1514; x_wconf 86' lang='lat' dir='ltr'><strong>fratrem</strong></span> <span class='ocrx_word' id='word_1_104' title='bbox 793 1451 938 1534; x_wconf 84' lang='lat' dir='ltr'><strong>Philagri,</strong></span> <span class='ocrx_word' id='word_1_105' title='bbox 956 1470 1056 1530; x_wconf 88' lang='lat' dir='ltr'><strong>neque</strong></span> <span class='ocrx_word' id='word_1_106' title='bbox 1074 1451 1168 1511; x_wconf 90' lang='lat' dir='ltr'><strong>alium</strong></span> <span class='ocrx_word' id='word_1_107' title='bbox 1186 1456 1289 1529; x_wconf 84' lang='lat' dir='ltr'><strong>quem-</strong></span> 
     </span>
    </p>
   </div>
   <div class='ocr_carea' id='block_1_10' title="bbox 108 1536 1109 1629">
    <p class='ocr_par' dir='ltr' id='par_1_10' title="bbox 108 1536 1109 1629">
     <span class='ocr_line' id='line_1_16' title="bbox 108 1536 1109 1629; baseline -0.013 -21"><span class='ocrx_word' id='word_1_108' title='bbox 108 1537 216 1626; x_wconf 52' lang='lat' dir='ltr'><strong>*quam</strong></span> <span class='ocrx_word' id='word_1_109' title='bbox 230 1543 352 1605; x_wconf 83' lang='lat' dir='ltr'><strong>ratlone</strong></span> <span class='ocrx_word' id='word_1_110' title='bbox 370 1541 491 1625; x_wconf 82' lang='lat' dir='ltr'><strong>generis</strong></span> <span class='ocrx_word' id='word_1_111' title='bbox 510 1539 704 1600; x_wconf 83' lang='lat' dir='ltr'><strong>contendisse</strong></span> <span class='ocrx_word' id='word_1_112' title='bbox 723 1552 789 1629; x_wconf 83' lang='lat' dir='ltr'><strong>tum</strong></span> <span class='ocrx_word' id='word_1_113' title='bbox 808 1559 878 1599; x_wconf 89' lang='lat' dir='ltr'><strong>cum</strong></span> <span class='ocrx_word' id='word_1_114' title='bbox 895 1536 1056 1598; x_wconf 83' lang='lat' dir='ltr'><strong>Eubulide.</strong></span> <span class='ocrx_word' id='word_1_115' title='bbox 1107 1619 1109 1624; x_wconf 28' lang='grc' dir='ltr'>Ι</span> 
     </span>
    </p>
   </div>
   <div class='ocr_carea' id='block_1_11' title="bbox 619 1688 886 1753">
    <p class='ocr_par' dir='ltr' id='par_1_11' title="bbox 619 1688 886 1753">
     <span class='ocr_line' id='line_1_17' title="bbox 619 1688 886 1753; baseline -0.004 -21"><span class='ocrx_word' id='word_1_116' title='bbox 619 1688 801 1753; x_wconf 70' lang='lat' dir='ltr'><strong>aurun.</strong></span> <span class='ocrx_word' id='word_1_117' title='bbox 881 1700 886 1704; x_wconf 92' lang='lat'>·</span> 
     </span>
    </p>
   </div>
   <div class='ocr_carea' id='block_1_12' title="bbox 208 1776 1332 1875">
    <p class='ocr_par' dir='ltr' id='par_1_12' title="bbox 208 1776 1332 1875">
     <span class='ocr_line' id='line_1_18' title="bbox 208 1776 1332 1875; baseline -0.005 -18"><span class='ocrx_word' id='word_1_118' title='bbox 208 1799 366 1868; x_wconf 75' lang='lat' dir='ltr'><strong>Testatur,</strong></span> <span class='ocrx_word' id='word_1_119' title='bbox 383 1805 499 1875; x_wconf 87' lang='lat' dir='ltr'><strong>patrem</strong></span> <span class='ocrx_word' id='word_1_120' title='bbox 517 1813 624 1865; x_wconf 86' lang='lat' dir='ltr'><strong>snum,</strong></span> <span class='ocrx_word' id='word_1_121' title='bbox 640 1789 892 1865; x_wconf 82' lang='lat' dir='ltr'><strong>Archimachum,</strong></span> <span class='ocrx_word' id='word_1_122' title='bbox 910 1804 1072 1874; x_wconf 84' lang='lat' dir='ltr'><strong>cognatum</strong></span> <span class='ocrx_word' id='word_1_123' title='bbox 1090 1791 1184 1852; x_wconf 89' lang='lat' dir='ltr'><strong>suisse</strong></span> <span class='ocrx_word' id='word_1_124' title='bbox 1203 1776 1289 1852; x_wconf 69' lang='lat' dir='ltr'><strong>Fole-</strong></span> <span class='ocrx_word' id='word_1_125' title='bbox 1328 1831 1332 1836; x_wconf 89' lang='lat'><strong>·</strong></span> 
     </span>
    </p>
   </div>
   <div class='ocr_carea' id='block_1_13' title="bbox 112 1860 1289 1963">
    <p class='ocr_par' dir='ltr' id='par_1_13' title="bbox 112 1860 1289 1963">
     <span class='ocr_line' id='line_1_19' title="bbox 112 1860 1289 1963; baseline -0.006 -21"><span class='ocrx_word' id='word_1_126' title='bbox 112 1860 220 1956; x_wconf 65' lang='lat' dir='ltr'><strong>insoni,</strong></span> <span class='ocrx_word' id='word_1_127' title='bbox 237 1880 316 1962; x_wconf 84' lang='lat' dir='ltr'><strong>patri</strong></span> <span class='ocrx_word' id='word_1_128' title='bbox 332 1879 485 1962; x_wconf 81' lang='lat' dir='ltr'><strong>flag-niae,</strong></span> <span class='ocrx_word' id='word_1_129' title='bbox 497 1891 534 1963; x_wconf 69' lang='lat' dir='ltr'><strong>¹et</strong></span> <span class='ocrx_word' id='word_1_130' title='bbox 552 1874 750 1951; x_wconf 89' lang='lat' dir='ltr'><strong>Charidemo,</strong></span> <span class='ocrx_word' id='word_1_131' title='bbox 767 1877 845 1957; x_wconf 84' lang='lat' dir='ltr'><strong>patri</strong></span> <span class='ocrx_word' id='word_1_132' title='bbox 863 1877 1071 1959; x_wconf 86' lang='lat' dir='ltr'><strong>Theopompi,</strong></span> <span class='ocrx_word' id='word_1_133' title='bbox 1091 1891 1122 1938; x_wconf 88' lang='lat' dir='ltr'><strong>et</strong></span> <span class='ocrx_word' id='word_1_134' title='bbox 1138 1877 1289 1959; x_wconf 81' lang='lat' dir='ltr'><strong>Philagro,</strong></span> 
     </span>
    </p>
   </div>
   <div class='ocr_carea' id='block_1_14' title="bbox 125 1962 1289 2048">
    <p class='ocr_par' dir='ltr' id='par_1_14' title="bbox 125 1962 1289 2048">
     <span class='ocr_line' id='line_1_20' title="bbox 125 1962 1289 2048; baseline -0.005 -21"><span class='ocrx_word' id='word_1_135' title='bbox 125 1967 204 2048; x_wconf 86' lang='lat' dir='ltr'><strong>patri</strong></span> <span class='ocrx_word' id='word_1_136' title='bbox 230 1965 424 2040; x_wconf 57' lang='lat' dir='ltr'><strong>Eubulidae:x</strong></span> <span class='ocrx_word' id='word_1_137' title='bbox 451 1983 546 2042; x_wconf 86' lang='lat' dir='ltr'><strong>seque</strong></span> <span class='ocrx_word' id='word_1_138' title='bbox 573 1984 589 2022; x_wconf 94' lang='lat' dir='ltr'><strong>e</strong></span> <span class='ocrx_word' id='word_1_139' title='bbox 615 1976 699 2042; x_wconf 86' lang='lat' dir='ltr'><strong>patre</strong></span> <span class='ocrx_word' id='word_1_140' title='bbox 725 1984 781 2022; x_wconf 89' lang='lat' dir='ltr'><strong>suo</strong></span> <span class='ocrx_word' id='word_1_141' title='bbox 808 1962 943 2035; x_wconf 83' lang='lat' dir='ltr'><strong>audisse,</strong></span> <span class='ocrx_word' id='word_1_142' title='bbox 969 1962 1144 2046; x_wconf 80' lang='lat' dir='ltr'><strong>Philagrum</strong></span> <span class='ocrx_word' id='word_1_143' title='bbox 1168 1962 1289 2022; x_wconf 85' lang='lat' dir='ltr'><strong>duxisse</strong></span> 
     </span>
    </p>
   </div>
   <div class='ocr_carea' id='block_1_15' title="bbox 40 2041 1290 2131">
    <p class='ocr_par' dir='ltr' id='par_1_15' title="bbox 40 2041 1290 2131">
     <span class='ocr_line' id='line_1_21' title="bbox 40 2041 1290 2131; baseline -0.005 -19"><span class='ocrx_word' id='word_1_144' title='bbox 40 2094 46 2103; x_wconf 80' lang='lat'><em>·</em></span> <span class='ocrx_word' id='word_1_145' title='bbox 67 2118 73 2129; x_wconf 10' lang='grc' dir='ltr'><strong>ἃ</strong></span> <span class='ocrx_word' id='word_1_146' title='bbox 91 2094 96 2103; x_wconf 85' lang='lat'>·</span> <span class='ocrx_word' id='word_1_147' title='bbox 124 2052 270 2124; x_wconf 80' lang='lat' dir='ltr'><strong>uxorem,</strong></span> <span class='ocrx_word' id='word_1_148' title='bbox 293 2049 419 2131; x_wconf 83' lang='lat' dir='ltr'><strong>primam</strong></span> <span class='ocrx_word' id='word_1_149' title='bbox 437 2048 680 2120; x_wconf 90' lang='lat' dir='ltr'><strong>Philomacham,</strong></span> <span class='ocrx_word' id='word_1_150' title='bbox 694 2041 843 2107; x_wconf 74' lang='lat' dir='ltr'><strong>&#39;sororem</strong></span> <span class='ocrx_word' id='word_1_151' title='bbox 860 2047 1053 2120; x_wconf 87' lang='lat' dir='ltr'><strong>Polemonis,</strong></span> <span class='ocrx_word' id='word_1_152' title='bbox 1071 2049 1190 2108; x_wconf 81' lang='lat' dir='ltr'><strong>eodem</strong></span> <span class='ocrx_word' id='word_1_153' title='bbox 1208 2060 1290 2129; x_wconf 88' lang='lat' dir='ltr'><strong>patre</strong></span> 
     </span>
    </p>
   </div>
   <div class='ocr_carea' id='block_1_16' title="bbox 114 2131 1290 2299">
    <p class='ocr_par' dir='ltr' id='par_1_16' title="bbox 114 2131 1290 2299">
     <span class='ocr_line' id='line_1_22' title="bbox 114 2131 1290 2206; baseline -0.005 -10"><span class='ocrx_word' id='word_1_154' title='bbox 114 2148 158 2196; x_wconf 74' lang='lat' dir='ltr'><strong>ct</strong></span> <span class='ocrx_word' id='word_1_155' title='bbox 181 2147 275 2195; x_wconf 83' lang='lat' dir='ltr'><strong>matre</strong></span> <span class='ocrx_word' id='word_1_156' title='bbox 301 2147 416 2206; x_wconf 81' lang='lat' dir='ltr'><strong>ortam,</strong></span> <span class='ocrx_word' id='word_1_157' title='bbox 438 2154 472 2194; x_wconf 89' lang='lat' dir='ltr'><strong>ac</strong></span> <span class='ocrx_word' id='word_1_158' title='bbox 494 2146 599 2192; x_wconf 87' lang='lat' dir='ltr'><strong>uatum</strong></span> <span class='ocrx_word' id='word_1_159' title='bbox 624 2152 690 2191; x_wconf 88' lang='lat' dir='ltr'><strong>esse</strong></span> <span class='ocrx_word' id='word_1_160' title='bbox 715 2141 736 2190; x_wconf 84' lang='lat' dir='ltr'><strong>c&#39;</strong></span> <span class='ocrx_word' id='word_1_161' title='bbox 750 2131 943 2193; x_wconf 85' lang='lat' dir='ltr'><strong>Philomacha</strong></span> <span class='ocrx_word' id='word_1_162' title='bbox 961 2132 1160 2193; x_wconf 80' lang='lat' dir='ltr'><strong>Eubulidam:</strong></span> <span class='ocrx_word' id='word_1_163' title='bbox 1184 2132 1290 2191; x_wconf 79' lang='lat' dir='ltr'><strong>Philo.</strong></span> 
     </span>
     <span class='ocr_line' id='line_1_23' title="bbox 126 2216 1290 2299; baseline -0.005 -19"><span class='ocrx_word' id='word_1_164' title='bbox 126 2220 231 2280; x_wconf 87' lang='lat' dir='ltr'><strong>macha</strong></span> <span class='ocrx_word' id='word_1_165' title='bbox 252 2231 354 2280; x_wconf 92' lang='lat' dir='ltr'><strong>autem</strong></span> <span class='ocrx_word' id='word_1_166' title='bbox 380 2217 522 2279; x_wconf 78' lang='lat' dir='ltr'><strong>defuncta</strong></span> <span class='ocrx_word' id='word_1_167' title='bbox 545 2219 635 2277; x_wconf 90' lang='lat' dir='ltr'><strong>aliam</strong></span> <span class='ocrx_word' id='word_1_168' title='bbox 653 2217 772 2277; x_wconf 85' lang='lat' dir='ltr'><strong>duxisse</strong></span> <span class='ocrx_word' id='word_1_169' title='bbox 791 2238 918 2277; x_wconf 85' lang='lat' dir='ltr'><strong>uxorem</strong></span> <span class='ocrx_word' id='word_1_170' title='bbox 937 2216 1129 2299; x_wconf 77' lang='lat' dir='ltr'><strong>Philagrum&#39;,</strong></span> <span class='ocrx_word' id='word_1_171' title='bbox 1153 2217 1290 2296; x_wconf 89' lang='lat' dir='ltr'><strong>Telesip-</strong></span> 
     </span>
    </p>
   </div>
   <div class='ocr_carea' id='block_1_17' title="bbox 81 2301 1289 2385">
    <p class='ocr_par' dir='ltr' id='par_1_17' title="bbox 81 2301 1289 2385">
     <span class='ocr_line' id='line_1_24' title="bbox 81 2301 1289 2385; baseline 0 -22"><span class='ocrx_word' id='word_1_172' title='bbox 81 2322 85 2331; x_wconf 77' lang='grc'><strong>“</strong></span> <span class='ocrx_word' id='word_1_173' title='bbox 104 2342 112 2348; x_wconf 27' lang='grc' dir='ltr'><strong>-ι</strong></span> <span class='ocrx_word' id='word_1_174' title='bbox 125 2325 211 2385; x_wconf 86' lang='lat' dir='ltr'><strong>pam:</strong></span> <span class='ocrx_word' id='word_1_175' title='bbox 229 2310 260 2364; x_wconf 83' lang='lat' dir='ltr'><strong>et</strong></span> <span class='ocrx_word' id='word_1_176' title='bbox 277 2316 382 2364; x_wconf 87' lang='lat' dir='ltr'><strong>natum</strong></span> <span class='ocrx_word' id='word_1_177' title='bbox 399 2309 465 2363; x_wconf 83' lang='lat' dir='ltr'><strong>esse</strong></span> <span class='ocrx_word' id='word_1_178' title='bbox 480 2302 623 2385; x_wconf 77' lang='lat' dir='ltr'><strong>Philagro</strong></span> <span class='ocrx_word' id='word_1_179' title='bbox 644 2322 660 2360; x_wconf 87' lang='lat' dir='ltr'><strong>e</strong></span> <span class='ocrx_word' id='word_1_180' title='bbox 677 2303 837 2383; x_wconf 89' lang='lat' dir='ltr'><strong>Telesippa</strong></span> <span class='ocrx_word' id='word_1_181' title='bbox 854 2301 1076 2376; x_wconf 85' lang='lat' dir='ltr'><strong>Menestheum,</strong></span> <span class='ocrx_word' id='word_1_182' title='bbox 1093 2305 1212 2383; x_wconf 76' lang='lat' dir='ltr'><strong>fratrem</strong></span> <span class='ocrx_word' id='word_1_183' title='bbox 1228 2303 1289 2363; x_wconf 83' lang='lat' dir='ltr'><strong>En·</strong></span> 
     </span>
    </p>
   </div>
   <div class='ocr_carea' id='block_1_18' title="bbox 126 2386 1289 2555">
    <p class='ocr_par' dir='ltr' id='par_1_18' title="bbox 126 2386 1289 2555">
     <span class='ocr_line' id='line_1_25' title="bbox 127 2386 1287 2470; baseline -0.003 -22"><span class='ocrx_word' id='word_1_184' title='bbox 127 2389 263 2461; x_wconf 85' lang='lat' dir='ltr'><strong>hulidae,</strong></span> <span class='ocrx_word' id='word_1_185' title='bbox 286 2401 371 2470; x_wconf 87' lang='lat' dir='ltr'><strong>patre</strong></span> <span class='ocrx_word' id='word_1_186' title='bbox 389 2387 513 2468; x_wconf 88' lang='lat' dir='ltr'><strong>quidem</strong></span> <span class='ocrx_word' id='word_1_187' title='bbox 532 2389 655 2461; x_wconf 88' lang='lat' dir='ltr'><strong>eodem,</strong></span> <span class='ocrx_word' id='word_1_188' title='bbox 678 2389 733 2447; x_wconf 88' lang='lat' dir='ltr'><strong>sed</strong></span> <span class='ocrx_word' id='word_1_189' title='bbox 751 2401 845 2447; x_wconf 84' lang='lat' dir='ltr'><strong>matre</strong></span> <span class='ocrx_word' id='word_1_190' title='bbox 864 2409 926 2449; x_wconf 88' lang='lat' dir='ltr'><strong>non</strong></span> <span class='ocrx_word' id='word_1_191' title='bbox 946 2389 1069 2448; x_wconf 72' lang='lat' dir='ltr'><strong>eadems</strong></span> <span class='ocrx_word' id='word_1_192' title='bbox 1091 2389 1144 2468; x_wconf 91' lang='lat' dir='ltr'><strong>qui</strong></span> <span class='ocrx_word' id='word_1_193' title='bbox 1161 2386 1287 2467; x_wconf 67' lang='lat' dir='ltr'><strong>Eubuli7</strong></span> 
     </span>
     <span class='ocr_line' id='line_1_26' title="bbox 126 2468 1289 2555; baseline -0.003 -22"><span class='ocrx_word' id='word_1_194' title='bbox 126 2474 179 2534; x_wconf 86' lang='lat' dir='ltr'><strong>des</strong></span> <span class='ocrx_word' id='word_1_195' title='bbox 205 2477 279 2538; x_wconf 64' lang='lat' dir='ltr'><strong>cum,</strong></span> <span class='ocrx_word' id='word_1_196' title='bbox 298 2474 496 2534; x_wconf 78' lang='lat' dir='ltr'><strong>hereditatem</strong></span> <span class='ocrx_word' id='word_1_197' title='bbox 514 2472 650 2554; x_wconf 77' lang='lat' dir='ltr'><strong>Hagniiae</strong></span> <span class='ocrx_word' id='word_1_198' title='bbox 673 2472 791 2532; x_wconf 85' lang='lat' dir='ltr'><strong>ratione</strong></span> <span class='ocrx_word' id='word_1_199' title='bbox 809 2473 929 2555; x_wconf 78' lang='lat' dir='ltr'><strong>generis</strong></span> <span class='ocrx_word' id='word_1_200' title='bbox 947 2484 1081 2552; x_wconf 86' lang='lat' dir='ltr'><strong>peteret,</strong></span> <span class='ocrx_word' id='word_1_201' title='bbox 1106 2492 1208 2553; x_wconf 86' lang='lat' dir='ltr'><strong>neque</strong></span> <span class='ocrx_word' id='word_1_202' title='bbox 1224 2468 1289 2530; x_wconf 83' lang='lat' dir='ltr'><strong>hle-</strong></span> 
     </span>
    </p>
   </div>
   <div class='ocr_carea' id='block_1_19' title="bbox 32 2555 1291 2726">
    <p class='ocr_par' dir='ltr' id='par_1_19' title="bbox 32 2555 1291 2726">
     <span class='ocr_line' id='line_1_27' title="bbox 41 2555 1291 2630; baseline -0.004 -11"><span class='ocrx_word' id='word_1_203' title='bbox 41 2582 44 2586; x_wconf 90' lang='grc'><em>·</em></span> <span class='ocrx_word' id='word_1_204' title='bbox 110 2555 287 2623; x_wconf 46' lang='lat' dir='ltr'><strong>‘oestheum</strong></span> <span class='ocrx_word' id='word_1_205' title='bbox 309 2570 374 2620; x_wconf 88' lang='lat' dir='ltr'><strong>tum</strong></span> <span class='ocrx_word' id='word_1_206' title='bbox 395 2557 691 2618; x_wconf 70' lang='lat' dir='ltr'><strong>secisse&#39;liubulidae</strong></span> <span class='ocrx_word' id='word_1_207' title='bbox 709 2557 945 2623; x_wconf 84' lang='lat' dir='ltr'><strong>controversiam</strong></span> <span class='ocrx_word' id='word_1_208' title='bbox 971 2559 1007 2617; x_wconf 85' lang='lat' dir='ltr'><strong>de</strong></span> <span class='ocrx_word' id='word_1_209' title='bbox 1026 2559 1212 2630; x_wconf 87' lang='lat' dir='ltr'><strong>hereditate,</strong></span> <span class='ocrx_word' id='word_1_210' title='bbox 1236 2568 1291 2615; x_wconf 80' lang='lat' dir='ltr'><strong>‘nec</strong></span> 
     </span>
     <span class='ocr_line' id='line_1_28' title="bbox 32 2640 1290 2726; baseline 0 -27"><span class='ocrx_word' id='word_1_211' title='bbox 32 2692 35 2699; x_wconf 94' lang='lat'>.</span> <span class='ocrx_word' id='word_1_212' title='bbox 125 2643 357 2719; x_wconf 75' lang='lat' dir='ltr'><strong>¹lluctem&#39;onem,</strong></span> <span class='ocrx_word' id='word_1_213' title='bbox 369 2643 492 2704; x_wconf 75' lang='lat' dir='ltr'><strong>fratrem</strong></span> <span class='ocrx_word' id='word_1_214' title='bbox 500 2642 644 2725; x_wconf 80' lang='lat' dir='ltr'><strong>Philagri,</strong></span> <span class='ocrx_word' id='word_1_215' title='bbox 656 2663 713 2702; x_wconf 89' lang='lat' dir='ltr'><strong>nec</strong></span> <span class='ocrx_word' id='word_1_216' title='bbox 727 2643 818 2702; x_wconf 90' lang='lat' dir='ltr'><strong>alium</strong></span> <span class='ocrx_word' id='word_1_217' title='bbox 834 2663 1016 2723; x_wconf 87' lang='lat' dir='ltr'><strong>quemquam</strong></span> <span class='ocrx_word' id='word_1_218' title='bbox 1030 2641 1149 2704; x_wconf 89' lang='lat' dir='ltr'><strong>ratione</strong></span> <span class='ocrx_word' id='word_1_219' title='bbox 1164 2640 1290 2726; x_wconf 82' lang='lat' dir='ltr'><strong>generis</strong></span> 
     </span>
    </p>
   </div>
   <div class='ocr_carea' id='block_1_20' title="bbox 43 3239 102 3296">
    <p class='ocr_par' dir='ltr' id='par_1_20' title="bbox 43 3239 102 3296">
     <span class='ocr_line' id='line_1_29' title="bbox 43 3239 102 3296; baseline 0.034 -2"><span class='ocrx_word' id='word_1_220' title='bbox 43 3239 102 3296; x_wconf 85' lang='lat'><strong>171</strong></span> 
     </span>
    </p>
   </div>
   <div class='ocr_carea' id='block_1_21' title="bbox 561 2768 908 2842">
    <p class='ocr_par' dir='ltr' id='par_1_21' title="bbox 561 2768 908 2842">
     <span class='ocr_line' id='line_1_30' title="bbox 561 2768 908 2842; baseline -0.003 -3"><span class='ocrx_word' id='word_1_221' title='bbox 561 2819 566 2826; x_wconf 85' lang='lat'>-</span> <span class='ocrx_word' id='word_1_222' title='bbox 620 2768 826 2842; x_wconf 75' lang='lat' dir='ltr'><strong>aaron..</strong></span> <span class='ocrx_word' id='word_1_223' title='bbox 897 2779 908 2794; x_wconf 89' lang='lat'><em>&#39;</em></span> 
     </span>
    </p>
   </div>
   <div class='ocr_carea' id='block_1_22' title="bbox 124 2894 1353 3319">
    <p class='ocr_par' dir='ltr' id='par_1_22' title="bbox 124 2894 1353 3319">
     <span class='ocr_line' id='line_1_31' title="bbox 208 2894 1290 2976; baseline 0 -20"><span class='ocrx_word' id='word_1_224' title='bbox 208 2896 367 2972; x_wconf 87' lang='lat' dir='ltr'><strong>Testatur,</strong></span> <span class='ocrx_word' id='word_1_225' title='bbox 391 2918 586 2976; x_wconf 83' lang='lat' dir='ltr'><strong>avumsuum</strong></span> <span class='ocrx_word' id='word_1_226' title='bbox 604 2911 790 2973; x_wconf 87' lang='lat' dir='ltr'><strong>maternum,</strong></span> <span class='ocrx_word' id='word_1_227' title='bbox 814 2894 1034 2974; x_wconf 76' lang='lat' dir='ltr'><strong>Callistratum,</strong></span> <span class='ocrx_word' id='word_1_228' title='bbox 1057 2899 1182 2959; x_wconf 84' lang='lat' dir='ltr'><strong>fratrem</strong></span> <span class='ocrx_word' id='word_1_229' title='bbox 1200 2896 1290 2956; x_wconf 84' lang='lat' dir='ltr'><strong>fuisse</strong></span> 
     </span>
     <span class='ocr_line' id='line_1_32' title="bbox 126 2980 1353 3066; baseline 0.001 -26"><span class='ocrx_word' id='word_1_230' title='bbox 126 2982 321 3043; x_wconf 84' lang='lat' dir='ltr'><strong>Euctemonis</strong></span> <span class='ocrx_word' id='word_1_231' title='bbox 338 3003 435 3066; x_wconf 84' lang='lat' dir='ltr'><strong>regno</strong></span> <span class='ocrx_word' id='word_1_232' title='bbox 454 2980 565 3056; x_wconf 87' lang='lat' dir='ltr'><strong>suncti,</strong></span> <span class='ocrx_word' id='word_1_233' title='bbox 583 2997 616 3043; x_wconf 86' lang='lat' dir='ltr'><strong>et</strong></span> <span class='ocrx_word' id='word_1_234' title='bbox 631 2983 782 3066; x_wconf 82' lang='lat' dir='ltr'><strong>Philagri,</strong></span> <span class='ocrx_word' id='word_1_235' title='bbox 800 2984 969 3044; x_wconf 74' lang='lat' dir='ltr'><strong>Eubulidas</strong></span> <span class='ocrx_word' id='word_1_236' title='bbox 986 2984 1098 3065; x_wconf 87' lang='lat' dir='ltr'><strong>patris:</strong></span> <span class='ocrx_word' id='word_1_237' title='bbox 1117 3003 1171 3042; x_wconf 90' lang='lat' dir='ltr'><strong>eos</strong></span> <span class='ocrx_word' id='word_1_238' title='bbox 1191 2996 1288 3042; x_wconf 89' lang='lat' dir='ltr'><strong>autem</strong></span> <span class='ocrx_word' id='word_1_239' title='bbox 1351 3043 1353 3048; x_wconf 15' lang='grc' dir='ltr'><em>Α</em></span> 
     </span>
     <span class='ocr_line' id='line_1_33' title="bbox 124 3066 1288 3150; baseline -0.002 -23"><span class='ocrx_word' id='word_1_240' title='bbox 124 3068 276 3146; x_wconf 76' lang='lat' dir='ltr'><strong>patrueles</strong></span> <span class='ocrx_word' id='word_1_241' title='bbox 300 3066 611 3142; x_wconf 81' lang='lat' dir='ltr'><strong>fuisse&#39;Polemonis,</strong></span> <span class='ocrx_word' id='word_1_242' title='bbox 635 3069 728 3148; x_wconf 84' lang='lat' dir='ltr'><strong>patris</strong></span> <span class='ocrx_word' id='word_1_243' title='bbox 753 3069 906 3150; x_wconf 79' lang='lat' dir='ltr'><strong>Hagnioe,</strong></span> <span class='ocrx_word' id='word_1_244' title='bbox 934 3082 964 3128; x_wconf 88' lang='lat' dir='ltr'><strong>et</strong></span> <span class='ocrx_word' id='word_1_245' title='bbox 982 3066 1174 3141; x_wconf 89' lang='lat' dir='ltr'><strong>Charidemi‚</strong></span> <span class='ocrx_word' id='word_1_246' title='bbox 1199 3067 1288 3148; x_wconf 87' lang='lat' dir='ltr'><strong>patris</strong></span> 
     </span>
     <span class='ocr_line' id='line_1_34' title="bbox 124 3151 1290 3233; baseline 0.001 -22"><span class='ocrx_word' id='word_1_247' title='bbox 124 3151 333 3233; x_wconf 82' lang='lat' dir='ltr'><strong>Theopompi:</strong></span> <span class='ocrx_word' id='word_1_248' title='bbox 368 3173 465 3232; x_wconf 84' lang='lat' dir='ltr'><strong>seque</strong></span> <span class='ocrx_word' id='word_1_249' title='bbox 480 3152 600 3212; x_wconf 83' lang='lat' dir='ltr'><strong>audisse</strong></span> <span class='ocrx_word' id='word_1_250' title='bbox 617 3174 634 3213; x_wconf 84' lang='lat' dir='ltr'><strong>e</strong></span> <span class='ocrx_word' id='word_1_251' title='bbox 652 3168 836 3228; x_wconf 85' lang='lat' dir='ltr'><strong>matresua,</strong></span> <span class='ocrx_word' id='word_1_252' title='bbox 863 3155 985 3213; x_wconf 80' lang='lat' dir='ltr'><strong>fratrem</strong></span> <span class='ocrx_word' id='word_1_253' title='bbox 1004 3175 1068 3214; x_wconf 90' lang='lat' dir='ltr'><strong>non</strong></span> <span class='ocrx_word' id='word_1_254' title='bbox 1086 3153 1182 3213; x_wconf 87' lang='lat' dir='ltr'><strong>foisse</strong></span> <span class='ocrx_word' id='word_1_255' title='bbox 1201 3152 1290 3212; x_wconf 88' lang='lat' dir='ltr'><strong>Pole-</strong></span> 
     </span>
     <span class='ocr_line' id='line_1_35' title="bbox 124 3236 1290 3319; baseline -0.001 -23"><span class='ocrx_word' id='word_1_256' title='bbox 124 3237 227 3318; x_wconf 70' lang='lat' dir='ltr'><strong>moni,</strong></span> <span class='ocrx_word' id='word_1_257' title='bbox 252 3236 332 3317; x_wconf 85' lang='lat' dir='ltr'><strong>patri</strong></span> <span class='ocrx_word' id='word_1_258' title='bbox 355 3237 508 3319; x_wconf 81' lang='lat' dir='ltr'><strong>Hagniaa:</strong></span> <span class='ocrx_word' id='word_1_259' title='bbox 537 3241 674 3309; x_wconf 83' lang='lat' dir='ltr'><strong>sororem</strong></span> <span class='ocrx_word' id='word_1_260' title='bbox 699 3239 811 3311; x_wconf 84' lang='lat' dir='ltr'><strong>fuisse,</strong></span> <span class='ocrx_word' id='word_1_261' title='bbox 836 3251 935 3298; x_wconf 84' lang='lat' dir='ltr'><strong>natam</strong></span> <span class='ocrx_word' id='word_1_262' title='bbox 961 3240 1069 3298; x_wconf 89' lang='lat' dir='ltr'><strong>eodem</strong></span> <span class='ocrx_word' id='word_1_263' title='bbox 1084 3250 1128 3297; x_wconf 90' lang='lat' dir='ltr'><strong>-et</strong></span> <span class='ocrx_word' id='word_1_264' title='bbox 1150 3250 1237 3318; x_wconf 87' lang='lat' dir='ltr'><strong>patre</strong></span> <span class='ocrx_word' id='word_1_265' title='bbox 1262 3249 1290 3296; x_wconf 84' lang='lat' dir='ltr'><strong>et</strong></span> 
     </span>
    </p>
   </div>
   <div class='ocr_carea' id='block_1_23' title="bbox 75 3321 1287 3406">
    <p class='ocr_par' dir='ltr' id='par_1_23' title="bbox 75 3321 1287 3406">
     <span class='ocr_line' id='line_1_36' title="bbox 75 3321 1287 3406; baseline -0.002 -24"><span class='ocrx_word' id='word_1_266' title='bbox 75 3324 78 3328; x_wconf 76' lang='grc'><strong>’</strong></span> <span class='ocrx_word' id='word_1_267' title='bbox 124 3323 237 3396; x_wconf 88' lang='lat' dir='ltr'><strong>matre,</strong></span> <span class='ocrx_word' id='word_1_268' title='bbox 264 3321 506 3394; x_wconf 83' lang='lat' dir='ltr'><strong>Philomacham:</strong></span> <span class='ocrx_word' id='word_1_269' title='bbox 533 3324 598 3383; x_wconf 81' lang='lat' dir='ltr'><strong>eam</strong></span> <span class='ocrx_word' id='word_1_270' title='bbox 616 3323 841 3384; x_wconf 88' lang='lat' dir='ltr'><strong>Philomacham</strong></span> <span class='ocrx_word' id='word_1_271' title='bbox 860 3323 999 3404; x_wconf 85' lang='lat' dir='ltr'><strong>nupsisse</strong></span> <span class='ocrx_word' id='word_1_272' title='bbox 1016 3323 1178 3406; x_wconf 78' lang='lat' dir='ltr'><strong>Philagro,</strong></span> <span class='ocrx_word' id='word_1_273' title='bbox 1205 3335 1287 3381; x_wconf 81' lang='lat' dir='ltr'><strong>etex</strong></span> 
     </span>
    </p>
   </div>
   <div class='ocr_carea' id='block_1_24' title="bbox 114 3405 1288 3568">
    <p class='ocr_par' dir='ltr' id='par_1_24' title="bbox 114 3405 1288 3568">
     <span class='ocr_line' id='line_1_37' title="bbox 114 3405 1258 3492; baseline -0.001 -25"><span class='ocrx_word' id='word_1_274' title='bbox 114 3406 168 3468; x_wconf 83' lang='lat' dir='ltr'><strong>&#39;eis</strong></span> <span class='ocrx_word' id='word_1_275' title='bbox 186 3426 253 3466; x_wconf 80' lang='lat' dir='ltr'><strong>esse</strong></span> <span class='ocrx_word' id='word_1_276' title='bbox 268 3419 374 3492; x_wconf 84' lang='lat' dir='ltr'><strong>natum</strong></span> <span class='ocrx_word' id='word_1_277' title='bbox 392 3407 592 3481; x_wconf 79' lang='lat' dir='ltr'><strong>Eubulidam,</strong></span> <span class='ocrx_word' id='word_1_278' title='bbox 612 3422 727 3490; x_wconf 90' lang='lat' dir='ltr'><strong>patrem</strong></span> <span class='ocrx_word' id='word_1_279' title='bbox 745 3408 977 3481; x_wconf 86' lang='lat' dir='ltr'><strong>Philomachae,</strong></span> <span class='ocrx_word' id='word_1_280' title='bbox 995 3408 1130 3469; x_wconf 85' lang='lat' dir='ltr'><strong>Sosithci</strong></span> <span class='ocrx_word' id='word_1_281' title='bbox 1147 3405 1258 3469; x_wconf 83' lang='lat' dir='ltr'><strong>uxoris.</strong></span> 
     </span>
     <span class='ocr_line' id='line_1_38' title="bbox 154 3489 1288 3568; baseline -0.001 -18"><span class='ocrx_word' id='word_1_282' title='bbox 154 3538 165 3559; x_wconf 62' lang='grc'><strong>,.,</strong></span> <span class='ocrx_word' id='word_1_283' title='bbox 193 3491 292 3551; x_wconf 71' lang='lat' dir='ltr'><strong>&#39;Haec</strong></span> <span class='ocrx_word' id='word_1_284' title='bbox 314 3489 667 3554; x_wconf 82' lang='lat' dir='ltr'><strong>testimoniarecitanda</strong></span> <span class='ocrx_word' id='word_1_285' title='bbox 691 3493 863 3554; x_wconf 86' lang='lat' dir='ltr'><strong>necessario</strong></span> <span class='ocrx_word' id='word_1_286' title='bbox 888 3492 993 3568; x_wconf 88' lang='lat' dir='ltr'><strong>suere,</strong></span> <span class='ocrx_word' id='word_1_287' title='bbox 1022 3494 1158 3566; x_wconf 87' lang='lat' dir='ltr'><strong>ludices,</strong></span> <span class='ocrx_word' id='word_1_288' title='bbox 1189 3504 1227 3551; x_wconf 86' lang='lat' dir='ltr'><strong>ut</strong></span> <span class='ocrx_word' id='word_1_289' title='bbox 1252 3511 1288 3550; x_wconf 88' lang='lat' dir='ltr'><strong>ne</strong></span> 
     </span>
    </p>
   </div>
   <div class='ocr_carea' id='block_1_25' title="bbox 34 3568 1287 3664">
    <p class='ocr_par' dir='ltr' id='par_1_25' title="bbox 34 3568 1287 3664">
     <span class='ocr_line' id='line_1_39' title="bbox 34 3568 1287 3664; baseline 0 -30"><span class='ocrx_word' id='word_1_290' title='bbox 34 3649 42 3664; x_wconf 26' lang='grc' dir='ltr'>ἱ</span> <span class='ocrx_word' id='word_1_291' title='bbox 124 3568 213 3638; x_wconf 55' lang='lat' dir='ltr'><strong>idemx</strong></span> <span class='ocrx_word' id='word_1_292' title='bbox 229 3574 318 3662; x_wconf 75' lang='lat' dir='ltr'><strong>nohis</strong></span> <span class='ocrx_word' id='word_1_293' title='bbox 342 3576 615 3658; x_wconf 76' lang='lat' dir='ltr'><strong>accideret‚“quod</strong></span> <span class='ocrx_word' id='word_1_294' title='bbox 632 3578 733 3658; x_wconf 87' lang='lat' dir='ltr'><strong>prius,</strong></span> <span class='ocrx_word' id='word_1_295' title='bbox 760 3599 828 3638; x_wconf 92' lang='lat' dir='ltr'><strong>cum</strong></span> <span class='ocrx_word' id='word_1_296' title='bbox 851 3577 989 3658; x_wconf 88' lang='lat' dir='ltr'><strong>imparati</strong></span> <span class='ocrx_word' id='word_1_297' title='bbox 1013 3579 1152 3660; x_wconf 88' lang='lat' dir='ltr'><strong>oppressi</strong></span> <span class='ocrx_word' id='word_1_298' title='bbox 1176 3598 1287 3638; x_wconf 91' lang='lat' dir='ltr'><strong>sumus.</strong></span> 
     </span>
    </p>
   </div>
   <div class='ocr_carea' id='block_1_26' title="bbox 122 3660 1289 4172">
    <p class='ocr_par' dir='ltr' id='par_1_26' title="bbox 122 3660 1289 4172">
     <span class='ocr_line' id='line_1_40' title="bbox 124 3660 1287 3737; baseline 0.002 -19"><span class='ocrx_word' id='word_1_299' title='bbox 124 3660 222 3720; x_wconf 86' lang='lat' dir='ltr'><strong>Multo</strong></span> <span class='ocrx_word' id='word_1_300' title='bbox 240 3673 340 3737; x_wconf 84' lang='lat' dir='ltr'><strong>autem</strong></span> <span class='ocrx_word' id='word_1_301' title='bbox 360 3660 529 3722; x_wconf 86' lang='lat' dir='ltr'><strong>evidentius</strong></span> <span class='ocrx_word' id='word_1_302' title='bbox 547 3663 637 3722; x_wconf 86' lang='lat' dir='ltr'><strong>etiam</strong></span> <span class='ocrx_word' id='word_1_303' title='bbox 660 3677 765 3722; x_wconf 83' lang='lat' dir='ltr'><strong>contra</strong></span> <span class='ocrx_word' id='word_1_304' title='bbox 789 3683 821 3722; x_wconf 89' lang='lat' dir='ltr'><strong>se</strong></span> <span class='ocrx_word' id='word_1_305' title='bbox 845 3663 1055 3724; x_wconf 83' lang='lat' dir='ltr'><strong>testimonium</strong></span> <span class='ocrx_word' id='word_1_306' title='bbox 1073 3662 1155 3725; x_wconf 83' lang='lat' dir='ltr'><strong>dicet</strong></span> <span class='ocrx_word' id='word_1_307' title='bbox 1172 3664 1287 3722; x_wconf 82' lang='lat' dir='ltr'><strong>Macar-</strong></span> 
     </span>
     <span class='ocr_line' id='line_1_41' title="bbox 123 3744 1287 3833; baseline 0.001 -29"><span class='ocrx_word' id='word_1_308' title='bbox 123 3756 221 3820; x_wconf 86' lang='lat' dir='ltr'><strong>tatus,</strong></span> <span class='ocrx_word' id='word_1_309' title='bbox 237 3746 315 3826; x_wconf 90' lang='lat' dir='ltr'><strong>patri</strong></span> <span class='ocrx_word' id='word_1_310' title='bbox 332 3767 404 3819; x_wconf 92' lang='lat' dir='ltr'><strong>suo,</strong></span> <span class='ocrx_word' id='word_1_311' title='bbox 421 3744 640 3828; x_wconf 84' lang='lat' dir='ltr'><strong>Theopompo,</strong></span> <span class='ocrx_word' id='word_1_312' title='bbox 658 3748 735 3807; x_wconf 88' lang='lat' dir='ltr'><strong>nihil</strong></span> <span class='ocrx_word' id='word_1_313' title='bbox 754 3748 880 3816; x_wconf 88' lang='lat' dir='ltr'><strong>omnino</strong></span> <span class='ocrx_word' id='word_1_314' title='bbox 899 3749 1004 3810; x_wconf 90' lang='lat' dir='ltr'><strong>deberi</strong></span> <span class='ocrx_word' id='word_1_315' title='bbox 1022 3770 1059 3809; x_wconf 83' lang='lat' dir='ltr'><strong>ex</strong></span> <span class='ocrx_word' id='word_1_316' title='bbox 1076 3749 1215 3833; x_wconf 85' lang='lat' dir='ltr'><strong>Hagniae</strong></span> <span class='ocrx_word' id='word_1_317' title='bbox 1235 3748 1287 3806; x_wconf 88' lang='lat' dir='ltr'><strong>he-</strong></span> 
     </span>
     <span class='ocr_line' id='line_1_42' title="bbox 122 3828 1289 3915; baseline 0.001 -26"><span class='ocrx_word' id='word_1_318' title='bbox 122 3831 271 3904; x_wconf 88' lang='lat' dir='ltr'><strong>reditate,</strong></span> <span class='ocrx_word' id='word_1_319' title='bbox 298 3852 367 3890; x_wconf 90' lang='lat' dir='ltr'><strong>cum</strong></span> <span class='ocrx_word' id='word_1_320' title='bbox 384 3831 425 3891; x_wconf 89' lang='lat' dir='ltr'><strong>sit</strong></span> <span class='ocrx_word' id='word_1_321' title='bbox 439 3828 589 3892; x_wconf 80' lang='lat' dir='ltr'><strong>remotior</strong></span> <span class='ocrx_word' id='word_1_322' title='bbox 605 3854 717 3915; x_wconf 85' lang='lat' dir='ltr'><strong>genere</strong></span> <span class='ocrx_word' id='word_1_323' title='bbox 735 3834 953 3915; x_wconf 84' lang='lat' dir='ltr'><strong>Theopompus</strong></span> <span class='ocrx_word' id='word_1_324' title='bbox 971 3847 1063 3915; x_wconf 86' lang='lat' dir='ltr'><strong>atque</strong></span> <span class='ocrx_word' id='word_1_325' title='bbox 1080 3837 1159 3896; x_wconf 87' lang='lat' dir='ltr'><strong>adeo</strong></span> <span class='ocrx_word' id='word_1_326' title='bbox 1179 3855 1236 3893; x_wconf 89' lang='lat' dir='ltr'><strong>nec</strong></span> <span class='ocrx_word' id='word_1_327' title='bbox 1255 3853 1289 3891; x_wconf 87' lang='lat' dir='ltr'><strong>ex</strong></span> 
     </span>
     <span class='ocr_line' id='line_1_43' title="bbox 123 3912 1287 3998; baseline 0 -23"><span class='ocrx_word' id='word_1_328' title='bbox 123 3917 228 3976; x_wconf 82' lang='lat' dir='ltr'><strong>eadem</strong></span> <span class='ocrx_word' id='word_1_329' title='bbox 246 3915 359 3976; x_wconf 81' lang='lat' dir='ltr'><strong>familia</strong></span> <span class='ocrx_word' id='word_1_330' title='bbox 376 3938 508 3998; x_wconf 88' lang='lat' dir='ltr'><strong>prorsus.</strong></span> <span class='ocrx_word' id='word_1_331' title='bbox 543 3918 576 3977; x_wconf 89' lang='lat' dir='ltr'><strong>Si</strong></span> <span class='ocrx_word' id='word_1_332' title='bbox 594 3920 662 3998; x_wconf 84' lang='lat' dir='ltr'><strong>quis</strong></span> <span class='ocrx_word' id='word_1_333' title='bbox 681 3919 762 3977; x_wconf 86' lang='lat' dir='ltr'><strong>enim</strong></span> <span class='ocrx_word' id='word_1_334' title='bbox 780 3919 968 3991; x_wconf 86' lang='lat' dir='ltr'><strong>sciscitetur,</strong></span> <span class='ocrx_word' id='word_1_335' title='bbox 985 3919 1123 3981; x_wconf 84' lang='lat' dir='ltr'><strong>ludices:</strong></span> <span class='ocrx_word' id='word_1_336' title='bbox 1141 3912 1207 3979; x_wconf 79' lang='lat' dir='ltr'><strong>lste&#39;</strong></span> <span class='ocrx_word' id='word_1_337' title='bbox 1222 3917 1287 3998; x_wconf 89' lang='lat' dir='ltr'><strong>quis</strong></span> 
     </span>
     <span class='ocr_line' id='line_1_44' title="bbox 124 4000 1289 4088; baseline -0.001 -27"><span class='ocrx_word' id='word_1_338' title='bbox 124 4012 187 4074; x_wconf 82' lang='lat' dir='ltr'><strong>est,</strong></span> <span class='ocrx_word' id='word_1_339' title='bbox 211 4000 265 4083; x_wconf 75' lang='lat' dir='ltr'><strong>qui</strong></span> <span class='ocrx_word' id='word_1_340' title='bbox 289 4023 357 4063; x_wconf 90' lang='lat' dir='ltr'><strong>cum</strong></span> <span class='ocrx_word' id='word_1_341' title='bbox 379 4023 477 4083; x_wconf 88' lang='lat' dir='ltr'><strong>puero</strong></span> <span class='ocrx_word' id='word_1_342' title='bbox 502 4002 561 4063; x_wconf 88' lang='lat' dir='ltr'><strong>hoc</strong></span> <span class='ocrx_word' id='word_1_343' title='bbox 586 4005 624 4063; x_wconf 89' lang='lat' dir='ltr'><strong>de</strong></span> <span class='ocrx_word' id='word_1_344' title='bbox 642 4003 969 4086; x_wconf 78' lang='lat' dir='ltr'><strong>Hagniaehcreditate</strong></span> <span class='ocrx_word' id='word_1_345' title='bbox 994 4005 1114 4088; x_wconf 80' lang='lat' dir='ltr'><strong>litigat?</strong></span> <span class='ocrx_word' id='word_1_346' title='bbox 1137 4004 1211 4066; x_wconf 89' lang='lat' dir='ltr'><strong>satis</strong></span> <span class='ocrx_word' id='word_1_347' title='bbox 1237 4022 1289 4062; x_wconf 78' lang='lat' dir='ltr'><strong>vos</strong></span> 
     </span>
     <span class='ocr_line' id='line_1_45' title="bbox 126 4083 1288 4172; baseline 0.001 -27"><span class='ocrx_word' id='word_1_348' title='bbox 126 4084 191 4145; x_wconf 84' lang='lat' dir='ltr'><strong>scio</strong></span> <span class='ocrx_word' id='word_1_349' title='bbox 203 4107 416 4166; x_wconf 90' lang='lat' dir='ltr'><strong>responsuros,</strong></span> <span class='ocrx_word' id='word_1_350' title='bbox 427 4086 631 4149; x_wconf 85' lang='lat' dir='ltr'><strong>Macartatum.</strong></span> <span class='ocrx_word' id='word_1_351' title='bbox 650 4083 723 4164; x_wconf 78' lang='lat' dir='ltr'><strong>Quo</strong></span> <span class='ocrx_word' id='word_1_352' title='bbox 737 4102 821 4170; x_wconf 88' lang='lat' dir='ltr'><strong>patre</strong></span> <span class='ocrx_word' id='word_1_353' title='bbox 835 4089 978 4172; x_wconf 77' lang='lat' dir='ltr'><strong>genitus?</strong></span> <span class='ocrx_word' id='word_1_354' title='bbox 994 4090 1206 4172; x_wconf 88' lang='lat' dir='ltr'><strong>Theopompo.</strong></span> <span class='ocrx_word' id='word_1_355' title='bbox 1223 4089 1288 4162; x_wconf 89' lang='lat' dir='ltr'><strong>Qua</strong></span> 
     </span>
    </p>
   </div>
   <div class='ocr_carea' id='block_1_27' title="bbox 47 4170 1355 4339">
    <p class='ocr_par' dir='ltr' id='par_1_27' title="bbox 47 4170 1355 4339">
     <span class='ocr_line' id='line_1_46' title="bbox 50 4170 1355 4257; baseline 0.002 -27"><span class='ocrx_word' id='word_1_356' title='bbox 50 4208 54 4218; x_wconf 54' lang='grc' dir='ltr'><em>ι</em></span> <span class='ocrx_word' id='word_1_357' title='bbox 126 4171 242 4237; x_wconf 81' lang='lat' dir='ltr'><strong>matre?</strong></span> <span class='ocrx_word' id='word_1_358' title='bbox 260 4171 440 4252; x_wconf 81' lang='lat' dir='ltr'><strong>Apolexide‚</strong></span> <span class='ocrx_word' id='word_1_359' title='bbox 453 4173 515 4233; x_wconf 84' lang='lat' dir='ltr'><strong>{ilia</strong></span> <span class='ocrx_word' id='word_1_360' title='bbox 530 4175 702 4255; x_wconf 79' lang='lat' dir='ltr'><strong>Prospaltii,</strong></span> <span class='ocrx_word' id='word_1_361' title='bbox 717 4195 824 4234; x_wconf 86' lang='lat' dir='ltr'><strong>sorore</strong></span> <span class='ocrx_word' id='word_1_362' title='bbox 837 4170 1172 4257; x_wconf 76' lang='lat' dir='ltr'><strong>Macartatil’rospaltii.</strong></span> <span class='ocrx_word' id='word_1_363' title='bbox 1189 4177 1216 4235; x_wconf 91' lang='lat' dir='ltr'><strong>T</strong></span> <span class='ocrx_word' id='word_1_364' title='bbox 1217 4174 1288 4233; x_wconf 83' lang='lat' dir='ltr'><strong>heo·</strong></span> <span class='ocrx_word' id='word_1_365' title='bbox 1351 4231 1355 4245; x_wconf 74' lang='grc'>,</span> 
     </span>
     <span class='ocr_line' id='line_1_47' title="bbox 47 4255 1288 4339; baseline 0.001 -25"><span class='ocrx_word' id='word_1_366' title='bbox 47 4322 49 4326; x_wconf 11' lang='grc' dir='ltr'><em>Α</em></span> <span class='ocrx_word' id='word_1_367' title='bbox 95 4307 102 4316; x_wconf 91' lang='grc'><em>,</em></span> <span class='ocrx_word' id='word_1_368' title='bbox 125 4274 256 4334; x_wconf 89' lang='lat' dir='ltr'><strong>pompus</strong></span> <span class='ocrx_word' id='word_1_369' title='bbox 280 4257 367 4316; x_wconf 89' lang='lat' dir='ltr'><strong>cuius</strong></span> <span class='ocrx_word' id='word_1_370' title='bbox 390 4257 448 4319; x_wconf 83' lang='lat' dir='ltr'><strong>suit</strong></span> <span class='ocrx_word' id='word_1_371' title='bbox 471 4259 583 4339; x_wconf 83' lang='lat' dir='ltr'><strong>patris?</strong></span> <span class='ocrx_word' id='word_1_372' title='bbox 610 4255 791 4322; x_wconf 88' lang='lat' dir='ltr'><strong>Charidemi.</strong></span> <span class='ocrx_word' id='word_1_373' title='bbox 827 4257 1027 4325; x_wconf 83' lang='lat' dir='ltr'><strong>Charidemus</strong></span> <span class='ocrx_word' id='word_1_374' title='bbox 1048 4262 1154 4322; x_wconf 86' lang='lat' dir='ltr'><strong>cuius?</strong></span> <span class='ocrx_word' id='word_1_375' title='bbox 1170 4257 1288 4320; x_wconf 66' lang='lat' dir='ltr'><strong>‘’Stratii.</strong></span> 
     </span>
    </p>
   </div>
   <div class='ocr_carea' id='block_1_28' title="bbox 124 4327 1305 4437">
    <p class='ocr_par' dir='ltr' id='par_1_28' title="bbox 124 4327 1305 4437">
     <span class='ocr_line' id='line_1_48' title="bbox 124 4327 1305 4437; baseline 0.004 -39"><span class='ocrx_word' id='word_1_376' title='bbox 124 4337 254 4399; x_wconf 86' lang='lat' dir='ltr'><strong>Stratius</strong></span> <span class='ocrx_word' id='word_1_377' title='bbox 272 4341 510 4405; x_wconf 64' lang='lat' dir='ltr'><strong>culosi-Buseli.</strong></span> <span class='ocrx_word' id='word_1_378' title='bbox 536 4345 620 4405; x_wconf 85' lang='lat' dir='ltr'><strong>Haec</strong></span> <span class='ocrx_word' id='word_1_379' title='bbox 637 4327 840 4437; x_wconf 46' lang='lat' dir='ltr'><strong>estssludices,</strong></span> <span class='ocrx_word' id='word_1_380' title='bbox 857 4345 962 4407; x_wconf 86' lang='lat' dir='ltr'><strong>Stratii</strong></span> <span class='ocrx_word' id='word_1_381' title='bbox 979 4346 1103 4422; x_wconf 75' lang='lat' dir='ltr'><strong>familia,</strong></span> <span class='ocrx_word' id='word_1_382' title='bbox 1120 4346 1211 4408; x_wconf 88' lang='lat' dir='ltr'><strong>unius</strong></span> <span class='ocrx_word' id='word_1_383' title='bbox 1228 4345 1287 4405; x_wconf 72' lang='lat' dir='ltr'><strong>Bu-</strong></span> <span class='ocrx_word' id='word_1_384' title='bbox 1304 4399 1305 4402; x_wconf 73' lang='grc'>,</span> 
     </span>
    </p>
   </div>
   <div class='ocr_carea' id='block_1_29' title="bbox 0 0 1366 4754">
    <p class='ocr_par' dir='ltr' id='par_1_29' title="bbox 0 0 1366 4754">
     <span class='ocr_line' id='line_1_49' title="bbox 0 0 1366 4754; baseline 0 0"><span class='ocrx_word' id='word_1_385' title='bbox 0 0 1366 4754; x_wconf 95' lang='lat' dir='ltr'><strong> </strong></span> 
     </span>
    </p>
   </div>
  </div>
 </body>
</html>
