2722 4754
84 239 94 255 ,
129 189 192 249 526
351 178 778 286 ttEMOSTHEle
814 138 1008 244 ORATIO
1152 179 1179 190 “’

22 372 41 379 --
90 359 232 418 neque
239 335 364 397 navalia
382 354 506 394 munera
525 333 636 409 obeat,
659 357 782 416 neque
777 311 871 396 ullo
862 359 894 396 ιιι
913 337 984 396 loco
1009 337 1155 420 fungatur
1181 339 1301 399 officio.

79 441 81 447 ’
61 425 223 503 idque
243 445 312 482 eum
330 416 502 518 perfecisse,
521 441 556 480 ex
571 441 609 480 eo
626 434 754 494 constat,
773 422 866 502 quod,
885 445 952 482 cum
971 435 1068 481 tantas
1088 422 1198 482 habeat
1217 445 1298 504 opes,

20 485 43 562 Ἴ,
90 521 166 577 ιιι
182 504 262 567 filiae
280 519 413 567 centum·
427 504 523 566 minas
542 506 613 566 doti
627 504 761 580 dederit,
787 506 904 565 nullum
932 507 979 565 vel
1005 507 1164 588 minimum
1189 528 1297 570 munus

129 614 200 654 eum
218 613 273 651 vos
292 591 378 650 obire
396 589 543 654 vidistis.
557 593 600 653 At
618 605 731 681 quanto
753 592 939 673 praeclarius
957 593 1065 667 fuerit,
1088 578 1297 684 liberalitatem

130 691 164 739 et
181 676 343 739 studium
333 698 365 737 ιιι
383 677 601 758 rempublicam
619 700 707 738 suum
727 679 907 761 ostendere,
933 700 1000 737 cum
1021 701 1103 760 opus
1118 676 1191 753 est,
1211 675 1296 758 quain

119 759 357 843 adulauonibus
376 775 412 837 et
424 761 505 822 falsis
523 763 706 822 testimoniis
725 763 861 823 dicendis
881 783 954 824 esse
966 765 1125 825 deditum?
1143 765 1206 824 Sed
1225 765 1298 826 nihil

51 842 64 905 f
107 862 187 936 est,
206 847 317 926 quod
307 861 364 907 iste
381 831 458 907 lucri
477 869 564 908 causa
582 869 646 907 non
665 849 774 933 cupide
792 843 965 929 susciperet
1000 850 1186 924 Enimvero,
1203 850 1297 911 Athe·
1327 911 1330 920 ,

92 933 263 1036 aienses,
281 934 313 991 in
331 932 487 1013 opulentia
495 932 652 1032 improbis
671 934 767 1006 multo
786 934 907 1016 gravius
925 934 1120 995 irascendum
1135 948 1192 1007 est,
1212 958 1297 1015 quam

131 1021 164 1081 in
177 1030 361 1100 paupertate.
378 1017 434 1076 His
454 1017 534 1077 enim
549 1039 652 1078 rerum
670 1019 906 1104 necessariarum
920 1021 1046 1101 penuria
1060 1019 1204 1104 nonnihil
1223 1021 1298 1100 apud

96 1120 246 1184 aequos
265 1103 473 1164 aestimatores
490 1103 597 1162 reniae
615 1103 721 1183 parit·
736 1105 788 1183 qui
805 1125 895 1177 vero,
912 1116 948 1164 ut
965 1104 1032 1178 iste,
1051 1104 1084 1165 in
1101 1127 1135 1166 re
1154 1106 1237 1165 lauta
1255 1105 1297 1164 ul·
1322 1125 1325 1135 ·

47 1198 49 1203 ’
130 1204 187 1252 ιιι)
198 1202 270 1248 sunt
287 1187 437 1269 improbi,
455 1187 596 1248 nullam'
586 1201 695 1248 1usta'm
715 1189 938 1270 excusationem
956 1189 1065 1250 afferre
1082 1203 1232 1271 possunt,
1249 1191 1298 1249 sed
1320 1211 1324 1219 ·

74 1284 79 1299 ‘
131 1273 274 1337 sordibus
297 1286 326 1334 et
344 1273 466 1333 auaritia
486 1285 517 1333 et
540 1273 708 1354 petulantia
726 1287 757 1333 et
775 1274 838 1334 suis
863 1273 1142 1355 conspirationibus
1161 1276 1230 1356 plns
1247 1275 1299 1334 tri-

50 1419 53 1423 .
99 1361 267 1433 buendo,
286 1381 375 1439 quam
388 1358 518 1456 legibus,
531 1379 568 1418 eo
584 1359 692 1419 adduci
704 1359 853 1420 videntur.
872 1360 968 1446 Vobis
983 1373 1083 1420 autem
1096 1361 1174 1420 nibil
1193 1361 1298 1420 horuni

29 1507 33 1515 ,
119 1447 274 1530 prodest:
301 1444 377 1504 illud
394 1439 487 1504 vobis
501 1437 639 1526 expedit,
662 1443 854 1504 bominem
844 1422 986 1525 inopem,
1009 1445 1192 1507 affectum
1182 1446 1298 1546 iniuria,

124 1552 245 1631 poenas
232 1531 303 1605 de
321 1528 415 1589 divite
437 1549 528 1610 posse
552 1550 681 1590 sumere
716 1531 934 1630 ldquodtum
952 1532 1020 1604 liet,
1046 1531 1072 1589 si
1092 1550 1166 1604 eos,
1194 1531 1246 1611 qui
1265 1530 1298 1590 ιι
1330 1574 1334 1580 -

130 1616 259 1679 avaritia
273 1629 335 1676 tam
361 1609 465 1694 aperte'
483 1627 556 1674 sunt
579 1613 728 1694 improbi,
755 1615 925 1696 punieritis.
956 1616 1067 1695 Neque
1093 1636 1165 1678 vero
1182 1617 1295 1677 vultum

83 1739 86 1741 ·
132 1703 221 1763 istius
238 1713 268 1760 et
280 1701 432 1762 incessum
450 1712 574 1780 praeter-
578 1700 725 1781 parietes,
742 1701 778 1760 ad
792 1700 984 1763 severitatem
1003 1701 1215 1783 compositum,
1232 1723 1294 1760 mo-

132 1786 248 1849 destiae
265 1786 425 1867 quisquam
445 1805 510 1844 esse
528 1794 722 1867 argumenta,
746 1787 800 1846 sed
818 1787 921 1868 potius
947 1786 1176 1847 inhumanitatis
1193 1799 1296 1869 putare
1342 1826 1344 1832 ·

131 1872 233 1935 debet
266 1869 413 1950 Quisquis
432 1870 528 1944 euim,
554 1871 604 1931 cui
621 1870 722 1931 nullae
739 1892 788 1931 res
806 1873 948 1932 adversae
966 1873 1161 1959 acciderunt,
1179 1873 1229 1932 cui
1247 1892 1298 1930 ue

131 1957 258 2021 cessaria
276 1978 340 2016 nou
365 1957 492 2028 desunt,
516 1968 619 2017 tamen
640 1948 700 2016 boc
722 1950 828 2018 habitu
852 1959 953 2018 vitam
963 1959 1038 2041 agit·
1066 1978 1137 2038 eum
1137 1977 1215 2041 ego
1233 1967 1299 2038 per-

84 2043 264 2127 spexisse
284 2055 327 2101 et
331 2042 510 2102 meditatum
528 2063 597 2102 esse
611 2063 715 2103 secum
733 2042 810 2103 illud
828 2044 1001 2128 existimo,-
998 2044 1055 2104 wad
1066 2064 1137 2125 eos,
1155 2043 1209 2124 qni
1228 2042 1298 2101 sim-

51 2129 269 2227 ..pliciter,
288 2139 338 2207 et,¹
353 2139 390 2187 ut
400 2139 520 2186 ffnatnra
528 2124 603 2201 fert,
629 2127 776 2188 incedunt
795 2141 825 2188 et
843 2122 961 2190 hilares
969 2141 1060 2204 sunt,
1079 2130 1227 2189 accedere
1246 2127 1299 2187 ali-

131 2237 224 2298 quem
241 2213 352 2273 audere
371 2224 402 2272 et
418 2230 527 2295 rogare
546 2226 577 2274 et
588 2214 747 2294 postulare
765 2213 897 2293 aliquid,
921 2207 999 2273 dihil
1015 2212 1164 2301 veritum,
1188 2237 1205 2274 a
1223 2211 1309 2272 fictis*

132 2315 234 2362 autem
253 2310 284 2359 et
300 2297 395 2358 torvis
406 2298 462 2358 uel
479 2299 577 2379 primo
601 2315 769 2385 congressu
790 2297 961 2362 abhorrere
995 2300 1079 2366 llle
1070 2297 1163 2382 igitur
1180 2298 1309 2380 babitus·
1329 2350 1337 2357 .

95 2387 211 2453 nihil
221 2385 310 2444 aliud
330 2396 392 2458 est,
420 2406 509 2463 quam
535 2394 746 2466 tegumentum
771 2405 905 2445 morum:
925 2405 998 2444 nam
1016 2386 1134 2469 ingenii
1149 2385 1301 2445 feritatem

133 2485 172 2534 et
182 2470 382 2532 acerbitatem
403 2470 540 2541 deplorat.
575 2467 775 2566 Argumenta
792 2469 870 2528 illud
895 2482 962 2529 esta
981 2470 1063 2530 Num
1086 2471 1178 2530 nlli'
1169 2493 1202 2529 ιιι
1219 2480 1302 2528 tanta

133 2546 331 2618 multitudine
349 2552 602 2628 Atheniensium,
621 2577 699 2614 cum
707 2562 755 2614 res
774 2553 830 2614 tibi
849 2555 910 2614 sint
926 2550 1036 2639 longe,
1056 2577 1145 2650 quam
1163 2560 1221 2656 pro
1240 2568 1329 2612 rue-J

130 2643 203 2704 rito
206 2655 276 2714 tuo,
288 2638 496 2712 secundiores,
512 2656 647 2719 unquam
666 2640 826 2719 quicquam
845 2638 981 2722 largitos
991 2641 1040 2701 es?
1059 2647 1132 2700 ιιιιιιι
1146 2634 1211 2700 ulli
1219 2638 1301 2719 quic

76 2751 225 2808 quam
243 2723 424 2785 contulisti?
445 2732 517 2784 num
534 2723 591 2784 ulli
615 2724 824 2790 benefecisti?
838 2725 998 2806 Neminem
1023 2718 1162 2828 proferre
1180 2724 1301 2806 poteris

112 2815 178 2872 At
202 2810 390 2871 foenerando
417 2823 448 2868 et
467 2809 600 2870 aliorum
625 2810 725 2891 clades
750 2830 784 2869 ac
809 2810 1011 2870 necessitates
1027 2813 1067 2871 in
1084 2812 1148 2901 tuis
1171 2808 1300 2870 fortunis

134 2896 326 2970 numerando
349 2896 503 2994 patruum
508 2895 625 2954 Niciam
649 2895 782 2975 paternis
806 2894 958 2973 aedibus
956 2891 1093 2956 eiecisti.
1111 2896 1215 2957 socrui
1233 2908 1299 2953 tuae

56 3028 64 3046 ι
134 2982 287 3057 ea,u-i1de
306 2980 458 3061 vivebat,
461 2979 614 3060 eripuisti.
637 2978 822 3066 Archedemi
838 2965 1116 3060 lilium‚quantum
1136 2983 1169 3041 in
1187 2995 1218 3040 te
1236 2979 1314 3052 soit,

134 3081 287 3142 extorrem
305 3065 412 3148 egistis
432 3086 524 3124 nemo
541 3087 675 3157 uuquam
692 3078 753 3126 tam
778 3064 894 3124 acerbe
902 3026 951 3125 vei
968 3067 1134 3127 iudicatum
1162 3087 1226 3125 non
1240 3064 1299 3123 sol
1357 3141 1359 3146 Α

48 3144 57 3195 s
133 3165 256 3214 ventem
275 3149 429 3223 tractavit,
445 3163 481 3210 ut
498 3164 530 3210 tu
551 3171 622 3223 eos,
649 3151 702 3231 qui
719 3172 841 3210 usuram
858 3148 916 3210 tibi
934 3151 1055 3212 debent-
1090 3153 1192 3227 Quem
1210 3142 1317 3232 igitur*

28 3249 113 3312 209
134 3237 256 3298 videtis
265 3235 433 3295 omnibus
424 3258 471 3295 ιιι
468 3235 598 3295 rebus'
589 3247 633 3295 ita
656 3237 754 3295 ferum
774 3249 805 3294 et
821 3235 1003 3315 impurum,
1017 3257 1086 3297 eum
1104 3258 1159 3297 vos
1186 3236 1300 3314 inipso
1326 3234 1345 3313 J

135 3321 270 3398 facinore
290 3335 321 3381 et
337 3320 447 3381 iniuria
465 3321 688 3402 deprehensum
705 3341 770 3379 ιιοιι
787 3320 940 3399 punietis?
976 3322 1118 3404 Indigna,
1130 3320 1299 3381 Atbenien
1334 3328 1337 3332 '

91 3438 96 3447 ι
136 3431 195 3483 scs,
214 3421 245 3469 et
262 3427 326 3467 non
344 3427 439 3485 aequa
457 3405 581 3466 facietis.
598 3406 701 3466 Etiam
715 3405 921 3477 Phormionis‚
940 3406 994 3485 qui
1005 3407 1097 3466 istum
1115 3405 1301 3476 subornavit,

76 3562 80 3577 Ι
114 3495 270 3555 *facinora
289 3489 393 3552 odium
413 3503 444 3551 et
461 3491 702 3575 indignationem
726 3503 895 3551 merentur:
920 3491 946 3549 si
965 3493 1146 3592 praesertim
1164 3492 1228 3552 eius
1247 3490 1301 3548 im-

65 3641 88 3670 ,A

111 3616 113 3621 ,
136 3578 314 3662 pudentiam
338 3590 369 3636 et
397 3577 549 3658 ingratum
578 3577 712 3637 animum
742 3576 892 3657 spectetis.
928 3576 1072 3638 Arbitror
1097 3578 1195 3649 enim,
1227 3575 1301 3634 scire
1341 3618 1344 3623 -

47 3712 48 3716 ,
136 3685 245 3727 omues
262 3684 328 3735 vos,
346 3684 414 3731 cum
432 3661 545 3723 venalis
564 3674 661 3735 esset,
681 3661 706 3721 si
725 3674 794 3721 eum
813 3683 829 3721 a
848 3682 949 3740 coquo
966 3674 1019 3722 aut
1036 3662 1139 3742 aliquo
1158 3662 1220 3722 alio
1239 3659 1301 3742 opi·

65 3801 67 3805 .
136 3753 194 3814 lice
208 3749 273 3809 emi
292 3743 485 3830 contigisset:
504 3768 583 3821 eum,
602 3747 719 3808 domini
737 3759 830 3809 artem
850 3748 1011 3821 edoctum,
1029 3747 1183 3808 abonis
1173 3746 1239 3808 istis
1257 3747 1302 3805 lo-

14 3845 23 3912 ,“
98 3870 120 3898 a
136 3851 241 3901 turum
258 3835 361 3895 fuisse
371 3854 460 3913 quam
477 3833 721 3893 remotissimum.
754 3833 929 3913 Postquam
938 3845 1039 3919 antean
1058 3854 1127 3892 eum
1143 3845 1233 3934 pater
1250 3852 1302 3890 uo·
1328 3845 1332 3855 “

129 3922 211 3996 ster,
227 3920 406 3992 mensarios,
424 3918 507 4020 emit,
525 3932 556 3978 et
572 3918 668 3979 literis
686 3918 809 3989 erudiit,
826 3930 856 3977 et
873 3929 968 3978 artem
987 3919 1102 4002 docuit,
1123 3917 1302 4005 eiusquefi-

137 4008 203 4068 dei
207 4027 345 4089 magnam
363 4004 522 4104 pecuniam
540 4004 682 4064 credidit:
707 4003 781 4063 felix
796 4001 892 4093 lactus
912 4017 974 4076 est,
1001 3997 1173 4079 fomunam,
1192 4026 1253 4085 qua
1270 4002 1302 4062 'ad

40 4126 43 4132 ν
79 4131 91 4148 «,
139 4105 197 4152 nos
214 4091 326 4190 venit,
334 4090 530 4150 occasionem
543 4102 648 4150 nactus
667 4089 765 4148 omnis
783 4082 867 4162 eius,
884 4092 943 4170 qua
961 4111 1043 4150 nunc
1060 4090 1193 4177 fruitur,
1209 4087 1289 4150 felici

12 4207 25 4253 '.
110 4176 230 4238 tatis.
252 4159 389 4236 Proinde
410 4176 570 4260 indignum
589 4188 654 4275 est,
674 4174 752 4255 proh
771 4172 873 4235 divim
898 4159 1116 4255 hominumque
1134 4176 1247 4250 fidem,
1260 4185 1303 4233 et

139 4261 209 4406 plus
228 4283 317 4341 quam
331 4260 510 4344 indignum,
522 4282 584 4335 eos,
602 4259 655 4340 qui
673 4280 690 4319 e
708 4259 840 4320 Barbaro
860 4258 1021 4334 Graecum,
1044 4281 1060 4320 e
1078 4263 1232 4342 mancipio
1249 4268 1302 4318 no·-

58 4357 80 4389 ’·ῑ
164 4345 236 4407 ilem
252 4346 405 4421 fecerunt,
424 4346 549 4430 quitot
558 4345 765 4406 felicitatibus
773 4360 933 4420 ornarunt,
951 4345 988 4405 ab
1008 4365 1045 4427 eo
1064 4346 1201 4430 negligi,
1210 4357 1301 4406 extre-
