2722 4754
272 142 583 260 ADVERSUS
619 171 1061 260 ANDROTIGNEM.

15 362 38 401 ΣΞ

55 380 61 395 ·
104 382 148 427 ιιι
156 331 341 427 diffiteatur,
361 365 412 412 aut
430 344 572 432 impium,
591 364 643 411 aut
660 325 871 432 cuiuscunque
888 330 1038 436 criminis,
1056 347 1094 414 de
1111 376 1175 436 quo
1194 377 1243 416 ac·
1303 360 1305 370 ’

65 500 70 505 ,
103 453 214 513 curetur,
239 448 380 511 sontem,
403 437 455 496 sed
472 449 634 517 propterea
652 458 685 497 se
703 435 819 498 absolvi
836 429 991 519 postulet,
1010 441 1110 520 quod,
1128 441 1155 501 si
1174 441 1265 522 qui„

98 537 151 596 dem
164 525 193 584 in
210 530 370 581 c-arcerem
371 481 528 581 abductus
546 522 657 597 fuerit,
692 522 771 582 diem
799 525 879 604 apud
892 524 1042 586 arbitrum
1061 526 1133 586 dici
1138 527 1241 587 licuis-

102 629 141 688 ιιι,
149 620 180 670 et
195 607 330 666 accusari
348 616 380 666 ιι
399 607 566 666 decuisset:
590 607 637 666 sin
655 608 736 688 apud
754 608 900 668 arbitrum
918 631 987 670 reus
1006 612 1137 685 fuerit,'
1129 635 1160 672 ιιι
1179 634 1244 672 ιιι-
1312 642 1319 652 ·
1337 637 1342 647 ’

102 704 175 765 cerem
192 691 301 751 fuisset
319 691 532 787 abducendus,
558 704 592 752 ut
609 705 769 753 accusator
785 693 869 753 mille
889 694 1038 756 drachmis
1055 696 1243 777 periclitare-

61 828 66 837 .
87 804 145 850 ster:
140 776 282 840 'ridicula
298 784 346 837 res
365 776 417 836 illa
434 765 572 858 piofecto
591 778 691 837 fuerit.
726 778 803 837 Nam
822 802 875 878 qur
866 779 1007 860 aliquid
1025 796 1096 840 non
1103 783 1244 860 fecit,e1

101 873 145 934 ,tn
158 862 191 924 de
206 861 303 921 forma
319 855 424 921 iudicii
443 876 489 921 est
507 862 735 942 disputandum:
754 863 833 922 sed
824 878 977 925 insontem
993 886 1059 924 esse
1075 887 1119 939 se,
1138 868 1243 952 osten-

100 950 212 1018 <lendum
264 947 381 1007 Eodem
414 949 566 1006 modoet
591 960 643 1021 tu,
676 948 871 1023 Androtion,
907 971 946 1009 ne
977 962 1139 1030 propterea
1171 954 1242 1012 dare

99 1056 185 1124 poenas
199 1045 358 1106 recusato,
377 1032 403 1091 si
420 1032 585 1112 prostituta
603 1033 749 1114 pudIcitia
769 1035 924 1095 decretum
939 1035 1031 1108 facis,
1050 1035 1134 1115 quod
1151 1036 1242 1096 nobis

99 1118 199 1205 etapud
216 1117 385 1178 Sexviros'
376 1139 408 1175 ιιι
426 1130 458 1176 te
477 1119 566 1177 datur
583 1119 677 1178 actio:
704 1120 757 1178 sed
776 1134 908 1180 autnon
927 1121 1036 1181 fecisse
1054 1134 1085 1180 te
1104 1121 1253 1221 ostende,
1296 1186 1300 1196 ¹

58 1220 254 1288 ἰιιιιιοιιιιι
274 1204 326 1279 da,
352 1202 404 1282 qui
428 1202 599 1262 moribus
590 1204 656 1263 istis
679 1204 794 1286 aliquid
814 1205 991 1265 decreveris
1033 1193 1142 1286 Neque
1161 1206 1243 1267 enim

96 1296 131 1357 tih
117 1291 190 1354 hilar
207 1300 259 1348 est
286 1287 407 1363 Quodsi
424 1299 456 1348 te
474 1308 537 1346 non
555 1288 591 1347 iis
612 1277 769 1362 omnibus,
788 1311 865 1369 quae
883 1290 1003 1373 legibus
1023 1293 1243 1366 conceduntur,
1266 1297 1325 1353 383

78 1395 88 1425 f
96 1374 235 1440 rationibus
252 1372 444 1433 ulciscimur.
462 1373 615 1464 gratiam
606 1373 718 1433 habeto
736 1376 826 1434 nobis
844 1375 917 1435 de
896 1398 943 1449 us,
963 1398 1035 1455 quas
1049 1377 1240 1457 praetermit-

94 1467 177 1533 timus,
191 1479 252 1518 non
270 1473 433 1540 propterea
450 1471 480 1518 te
499 1476 622 1538 prorsus
641 1458 794 1519 insontem
813 1458 926 1545 haberi
934 1462 1099 1562 postulato
1121 1461 1241 1543 Operae
1306 1535 1307 1541 ι
1336 1522 1338 1527 .

95 1547 200 1632 pretium
216 1564 310 1624 porro
331 1554 393 1618 est,
429 1539 672 1617 Athenienses,
689 1545 880 1628 diligenter
870 1539 1025 1626 roquirere
1045 1560 1076 1607 et
1093 1560 1240 1628 spectare,
1290 1572 1293 1579 ’

95 1643 199 1733 ιιιιιιιι
217 1631 306 1689 (rime
324 1629 434 1688 Soloni
448 1628 565 1703 fuerit,
580 1629 670 1689 huius
689 1630 764 1713 legis
784 1634 918 1706 auctori,
936 1633 968 1692 ιιι
987 1632 1146 1732 omnihus,
1166 1655 1239 1712 quas

44 1752 49 1760 «
94 1714 170 1779 sanxit
184 1713 321 1796 legibus,
350 1713 551 1795 Respublica,
571 1728 601 1775 et
619 1729 736 1814 quanto
756 1716 794 1775 de
813 1716 885 1790 hae,
916 1739 1005 1797 quarn
1024 1717 1060 1777 iis
1081 1719 1239 1794 derebus,
1336 1755 1339 1761 ·

80 1821 83 1827 ·
93 1822 153 1883 quae
172 1798 288 1882 legibus
314 1800 527 1873 eontinentur,
552 1800 646 1882 magis
670 1800 823 1861 sollicitus
848 1803 960 1862 luerit.
993 1803 1087 1877 Quod
1111 1825 1179 1864 cum
1204 1806 1257 1865 ex⁴

89 1826 143 1963 iliis
158 1884 253 1944 inultis
272 1883 392 1967 legibus
411 1886 610 1966 perspicitur,
635 1899 793 1946 tum‘vero
813 1907 849 1946 ex
867 1887 938 1960 hae,
958 1908 1015 1966 ιιιιι
1034 1900 1132 1961 vetat,
1150 1910 1190 1949 ne
1207 1889 1257 1964 ii,-

88 1970 130 2052 qqi
146 1990 180 2040 ‚se
203 1969 445 2050 prostituerunt,
471 1971 503 2030 in
528 1969 652 2052 publico
670 1971 718 2030 vel
738 1971 930 2048 dieant⁴,1vel¹
954 1973 1125 2033 decernant
1160 1975 1239 2035 Illud

85 2056 151 2116 enim
167 2053 307 2127 videbat,
334 2078 402 2116 cum
421 2056 523 2116 multis
543 2077 559 2115 e
577 2056 694 2136 populo
713 2057 813 2116 dicere
832 2056 956 2129 liceret,
983 2077 1035 2116 eos
1054 2071 1156 2117 tamen
1174 2080 1239 2119 non

80 2141 183 2201 dicere:
215 2146 311 2220 'qnare
335 2141 366 2201 id
385 2162 475 2223 grave
493 2163 556 2201 non
575 2139 712 2201 ducebat
756 2141 883 2221 Alioqui
901 2143 995 2202 multa
1013 2142 1180 2221 potuisset,
1213 2144 1240 2204 si

15 2225 189 2325 'punire'
191 2225 368 2290 voluisset'
359 2239 444 2299 rstos,
461 2226 600 2309 graviora
619 2227 814 2286 constituere.
840 2231 955 2287 Verum
974 2247 1038 2286 ιιοιι
1055 2226 1161 2286 hoc
1134 2247 1163 2287 er
1180 2228 1240 2288 suit

71 2309 274 2411 prepositum:
293 2312 348 2370 sed
366 2310 440 2370 haec
458 2325 597 2413 propter
603 2333 657 2372 vos
677 2325 708 2372 et
725 2311 943 2392 rempublicam
961 2293 1124 2372 interdixit.
1143 2312 1240 2375 Norat
1279 2330 1303 2385 ·,

32 2396 165 2469 'euim,
182 2408 283 2474 norat,
295 2395 469 2498 flagitiosae
487 2397 566 2457 vitae
585 2389 761 2457 hominibus
781 2419 845 2456 eam
864 2393 1083 2478 rempublicam
1101 2417 1168 2456 esse
1186 2399 1239 2458 ad·
1315 2447 1321 2454 .

55 2476 278 2556 versis'simsm,
303 2483 335 2540 in
357 2504 419 2561 qua
446 2483 586 2558 omnibus
612 2482 749 2582 proferre
772 2482 884 2564 probra
909 2503 1015 2542 eorum
1039 2481 1152 2542 liceret
1195 2484 1239 2543 Ει

50 2568 140 2626 'vero
159 2587 235 2646 quae
254 2567 321 2626 est?
339 2567 506 2653 Popularis.
532 2548 631 2626 Non'
622 2568 717 2650 igitur
732 2567 834 2628 tutum
851 2569 985 2648 putavit,
1003 2590 1029 2628 ιι
1020 2567 1170 2647 quando
1189 2589 1239 2628 ae·
1251 2632 1266 2645 f
1289 2608 1291 2612 ι

63 2652 204 2725 cidisset,
229 2665 265 2712 ut
284 2646 391 2715 iisdem
411 2652 600 2733 temporibus
620 2652 708 2711 multi
728 2653 907 2713 exsisterent
924 2653 1065 2712 homines
1085 2674 1152 2712 cum
1172 2653 1237 2712 elo-

63 2749 196 2816 quentes
214 2749 245 2796 et
263 2737 471 2811 confidentes,
507 2751 572 2796 tum
591 2737 701 2796 tslihus
720 2737 841 2820 probris
861 2750 892 2795 et
909 2718 994 2796 malis
1012 2737 1136 2796 referti:
1171 2738 1238 2795 lieri

62 2822 149 2881 enim
165 2843 265 2902 posse,
283 2836 319 2883 ut
337 2822 460 2898 illorum
478 2822 610 2910 impulsu
628 2822 760 2903 populus
778 2823 906 2882 multum
926 2822 1130 2901 delinqueret,
1146 2833 1238 2900 atque

62 2907 153 2967 adeo
160 2920 214 2967 aut
231 2908 289 2990 ipsi
281 2908 484 2989 popularem
504 2908 650 2999 abrogare
659 2907 796 2966 omnino
815 2919 925 2966 statum
945 2918 1148 2966 conarentur
1146 2904 1237 2990 (nam

62 2988 95 3051 in
111 2991 296 3074 oligarchiis,
315 2993 372 3053 etsi
387 2994 481 3073 aliqui
495 2988 600 3053 multo
611 2990 792 3074 flagitiosius
803 2992 999 3052 Androtione
1013 2990 1155 3064 vixerint,
1173 3008 1236 3049 ma·

60 3076 241 3160 gistratihus
267 3078 447 3139 maledicere
475 3100 538 3138 non
562 3075 666 3159 lieet),
699 3090 751 3136 aut
776 3078 812 3136 ad
837 3098 983 3137 summam
1009 3076 1237 3157 improbitatem
1318 3104 1342 3159 -Μ

60 3160 260 3242 impellerent
276 3164 441 3245 populum,
467 3177 503 3223 ut
520 3163 656 3244 ipsorum
676 3174 756 3222 esset
775 3184 862 3242 quam
886 3161 1065 3223 simillimus.
1108 3162 1300 3228 Prorsus¹

60 3246 162 3330 igitur
178 3247 259 3309 i'stud
280 3249 437 3310 hominum
456 3269 553 3331 genus
572 3269 587 3308 a
607 3246 742 3306 consiliis
769 3247 912 3348 exclusit,
937 3259 1029 3306 utne
1042 3246 1180 3326 populus
1199 3245 1241 3305 ab
1308 3314 1315 3329 ι

61 3331 108 3391 eis
128 3333 274 3414 deceptus
294 3335 494 3415 delinqueret.
523 3332 643 3409 Quibus
663 3331 790 3392 bonus
781 3346 838 3394 rste
856 3333 903 3393 vir
920 3312 1079 3414 neglectis,
1096 3331 1155 3391 sibl
1173 3351 1238 3390 non

60 3429 182 3480 tantum
200 3419 364 3479 dicendum
385 3433 415 3479 et
442 3419 666 3482 decernendum
694 3438 760 3477 esse
784 3418 919 3491 censuit,
944 3439 1011 3477 cum
1031 3436 1095 3475 non
1113 3416 1237 3476 liceret.-

62 3505 122 3563 sed
140 3516 171 3564 et
186 3518 293 3565 contra
312 3506 362 3588 leg
345 3527 394 3564 <res
415 3525 448 3564 ea
467 3526 533 3563 esse
552 3503 708 3563 facienda.
725 3486 786 3563 lain
806 3504 889 3583 quod
908 3503 945 3563 ιιι
964 3521 1030 3561 eam
1047 3498 1147 3584 legem
1165 3501 1235 3560 atti

61 3600 128 3662 net,
148 3577 223 3669 qua,
243 3592 326 3670 quod
344 3604 431 3672 pater
449 3590 513 3651 eius
532 3589 591 3649 fuit
610 3589 741 3649 aerarius
761 3602 792 3648 et
809 3589 952 3648 mulctam
969 3587 1154 3667 reipublicae
1173 3607 1236 3646 ιιοιι

61 3673 173 3748 soluit,
199 3674 251 3735 isti
269 3697 326 3734 nec
344 3676 455 3736 habere
482 3674 665 3747 conciones,
689 3695 747 3734 nec
764 3675 864 3734 lacere
884 3675 1005 3734 decreta
1023 3672 1112 3732 lieet:
1147 3671 1189 3731 sic
1208 3669 1237 3730 ei

50 3759 253 3847 ‘respondere
271 3757 403 3843 poteris,
429 3783 454 3819 ιι
446 3761 569 3832 'dicet,
594 3780 718 3820 nomen
727 3782 814 3819 suum
834 3750 957 3819 anobis
983 3757 1077 3819 luisse
1096 3757 1236 3817 deferen-

60 3840 155 3905 dum:
189 3848 269 3907 Tum
288 3867 344 3906 nos
364 3846 395 3906 id
414 3866 479 3905 esse
498 3845 630 3904 facturos
648 3843 745 3927 (non,
771 3844 962 3917 mehercule,
988 3841 1101 3924 nunc),
1119 3863 1189 3901 cum
1207 3840 1237 3900 ei

60 3929 195 3991 aliorum
219 3931 390 3992 facinorum
401 3929 486 3990 ιιιιο
513 3929 668 3989 reddenda
687 3931 765 4021 erit,
787 3944 818 3991 et
836 3952 905 3990 cum
929 3929 961 3989 id
979 3951 1016 3989 ex
1032 3928 1100 4009 lege
1124 3934 1236 3986 conte·
1290 3966 1293 3971 -

49 4014 137 4076 niet.
172 4015 277 4097 Atque
296 4018 373 4076 adeo
386 4037 473 4076 nunc
492 4009 731 4088 ostendimus,
709 4037 766 4076 nec
785 4037 836 4091 ea,
856 4035 932 4094 quae
951 4015 1017 4075 aliis
1036 4010 1148 4089 licent,
1166 4031 1236 4092 pem

59 4101 158 4161 missu
151 4101 254 4202 legis
272 4102 329 4162 tibi
347 4101 439 4161 licere
459 4102 630 4161 decernere
648 4100 737 4161 Aut
728 4102 822 4184 igitur
833 4113 950 4181 patrem
965 4112 1053 4159 tuum
1066 4118 1129 4157 uon
1142 4097 1236 4157 fuisse
1307 4153 1310 4159 .

60 4185 232 4261 aerarium,
251 4187 282 4247 id
301 4187 472 4248 ostendito.
498 4199 550 4246 aut
569 4206 585 4245 e
605 4207 723 4246 carcere
742 4188 804 4246 noh
824 4185 1012 4271 profugisse,
1037 4183 1089 4242 sed
1107 4182 1235 4242 soluisse

15 4287 41 4325 ι’
60 4273 255 4352 pecuniam.-
270 4272 400 4348 Quae‘
376 4294 405 4332 ιι
420 4274 581 4332 ostendere
601 4289 664 4331 non
680 4273 822 4374 poteris,
841 4272 908 4353 lege
926 4280 1046 4337 vetante
1063 4267 1164 4327 fecisti
1182 4267 1236 4327 de·
1309 4330 1312 4336 ,
1335 4293 1338 4297 ·

61 4359 199 4419 eretum:
213 4357 361 4453 heredem
380 4358 462 4418 enim
475 4370 506 4418 te
522 4357 571 4418 lex
589 4357 750 4418 constituit
766 4371 917 4439 paternae
928 4353 1123 4438 ignominiae.
1157 4348 1242 4465 Cunt
1305 4441 1318 4449 „

15 423 37 571 ΕΞ,

15 615 36 653 ἴ-

15 684 38 1498 ἐ’4ὲΞ-ἓὲἒὲβτρῧέἓ,

15 1541 23 1637 2-ae
