2722 4754
122 202 126 213 ¹
205 239 215 250 .
296 245 299 251 ,
391 140 840 253 oeconomi«
1032 172 1034 177 ’
1184 198 1266 295 ωε,

84 352 111 405 et
126 344 306 424 'progressus
325 344 363 403 ad
381 366 436 405 vos
454 365 489 404 ea
506 341 584 418 diiri,
620 367 698 427 quae
715 368 764 407 me
782 347 963 410 referentem
981 348 1097 412 duabus
1115 353 1153 411 de
1172 372 1242 412 cau-

41 476 44 489 .
86 425 122 488 sis
138 438 254 487 attente
271 427 401 489 audiatis
419 429 526 498 velim:
552 440 671 491 tumut
688 432 805 507 sciatis,
832 454 880 494 me
898 435 999 495 solum
1017 450 1061 498 crrss
1071 435 1241 507 oratoribus

41 538 43 545 ·
89 525 116 577 et
135 512 167 571 in
188 512 346 592 republica
363 513 551 575 versantibus
569 510 800 579 benevolentiae
823 516 932 580 mu'nus
957 520 989 578 in
1012 521 1154 605 periculis
1170 542 1241 586 ,non

41 580 51 625 l·
92 596 266 670 deseruisse,
284 599 339 658 sed
358 620 395 659 ex
413 599 515 658 officio
533 599 608 660 boni
625 601 697 661 civis
717 615 747 662 et
765 601 875 664 dixisse
893 602 924 663 ct
940 598 1096 686 scripsisse
1110 628 1169 687 pro
1186 627 1243 665 vo-·

41 630 45 765 l
92 683 174 746 bisin
191 682 254 762 ipsa
273 682 487 764 trepidatione,
505 706 583 764 quae
601 707 677 767 opus
695 686 835 748 fuerunt:
858 703 924 749 tum
943 692 1035 768 quod,
1054 691 1163 773 exiguo
1181 691 1239 750 im·
1264 694 1308 753 ta.

93 788 173 854 penso
190 779 347 847 tempore,
373 769 410 828 ad
428 769 565 830 adeunda
582 771 700 851 reliqua
716 773 901 853 reipublicae
920 775 1022 834 munia
1040 777 1136 836 multo
1155 777 1239 838 critis

95 851 294 918 instructiores:
337 851 482 914 Dicebam
506 854 619 936 igitur,
645 857 699 937 qui
716 857 804 921 nimis
823 858 899 918 illud
916 859 1130 932 formidarent,
1155 862 1239 940 quod

72 937 213 1003 'Thebani
235 935 378 1018 Philippo
404 938 491 998 amici
507 944 631 1014 essent,
657 962 709 1001 eos
734 942 831 1003 v'ideri
854 943 930 1003 mihi
953 944 1151 1026 negotiailla
1175 966 1238 1012 non
1277 996 1281 1015 ,

62 1100 65 1105 ¹
95 1023 259 1106 intelligere:
278 1022 349 1101 satis
369 1023 449 1082 euim
468 1024 545 1093 scire
563 1046 627 1098 me,
646 1026 672 1086 si
690 1027 721 1086 id
739 1027 780 1086 ita
798 1048 831 1087 se
844 1027 992 1108 baberet,
1011 1049 1067 1088 nos
1087 1051 1156 1090 eum
1173 1051 1237 1090 non

95 1113 214 1180 nareae,
236 1107 290 1167 sed
317 1107 349 1166 in
373 1109 485 1169 nostris
511 1111 624 1172 versari
647 1110 759 1172 finibus
785 1112 956 1174 audituros:
980 1106 1086 1174 rerum
1110 1113 1165 1172 uhi
1187 1116 1237 1174 res¹
1276 1122 1281 1127 '

96 1194 230 1257 Ththanas
254 1193 503 1273 composuisset,¹
521 1216 591 1254 eum
616 1196 677 1257 huc
699 1190 865 1267 venturum
883 1208 949 1258 etse
973 1216 1022 1258 me
1043 1201 1235 1279 ,compertum
1293 1192 1296 1211 ¹

73 1281 197 1361 hahere,
211 1278 252 1336 Ut
270 1291 371 1337 autem
391 1278 474 1351 haec,
492 1279 626 1359 inquam,
645 1302 686 1348 se,
696 1281 836 1359 habeant,
855 1283 958 1343 audite
976 1304 1032 1342 me.
1059 1280 1124 1358 llle,
1141 1304 1233 1363 quos·
1281 1290 1286 1299 ’

99 1385 197 1446 cunque
207 1361 422 1422 Thebanorum
440 1365 488 1424 vel
515 1365 634 1425 allicere
660 1367 789 1447 pecnnia
806 1354 1013 1449 vel‘decipere
1030 1367 1131 1441 licuit,
1148 1389 1234 1448 para-

97 1466 138 1512 tos
153 1447 245 1508 habet:
264 1467 316 1507 eos
336 1459 446 1520 autem,
467 1449 519 1529 qni
536 1451 687 1532 principio
706 1450 750 1509 illi
767 1451 947 1512 restiterunt
965 1465 996 1512 et
1013 1451 1112 1525 adbuc
1129 1453 1238 1517 adver--

86 1548 187 1606 santur,
210 1552 401 1612 nequaquam
426 1555 617 1596 commovere
642 1549 750 1616 potest
795 1537 877 1612 Quid
901 1536 996 1619 igitur
1018 1536 1177 1615 sibi-vult,
1203 1549 1234 1596 et

92 1617 266 1703 quamohrem
283 1617 418 1677 Elateam
437 1620 614 1700 occupavit?
649 1623 701 1694 Ut,
720 1642 735 1679 e
760 1620 868 1680 vicinia
891 1635 1015 1705 ostenso
1034 1622 1167 1693 exercitu
1186 1643 1232 1680 ar-

91 1705 190 1784 misque
206 1703 353 1775 admotis,
377 1716 409 1763 et
424 1725 496 1764 suos
515 1705 629 1765 amieos
646 1706 840 1775 confirmaret
856 1709 947 1786 atque
966 1707 1111 1789 erigeret,
1131 1719 1163 1766 et
1179 1707 1231 1764 ad·
1251 1765 1256 1782 Ι

75 1789 216 1853 'versarios
236 1787 433 1868 percelleret:
459 1782 522 1868 quo
548 1803 600 1851 aut
623 1812 695 1870 prae
718 1803 803 1850 metu
829 1811 982 1871 ea,'quae
1007 1813 1088 1851 nnnc
1112 1791 1233 1864 nolunt,

90 1874 252 1944 concedant,
279 1887 331 1933 aut
349 1886 502 1955 cogantur.
547 1876 640 1950 Quod
659 1875 686 1934 si
702 1875 812 1957 igitur,
835 1877 978 1957 inquam,
1002 1875 1231 1956 inpraesentia,

89 1961 111 2023 si
127 1978 222 2040 quare
239 1957 377 2018 Thebani
394 1958 681 2033 vosoffenderunt,
710 1960 774 2028 eius
792 1960 966 2020 meminisse
984 1973 1015 2020 et
1033 1960 1095 2033 cis,
1125 1954 1161 2019 iat
1178 1958 1231 2039 qui

90 2068 149 2108 eum
161 2042 289 2102 hostibus
307 2043 435 2116 faciant,
460 2044 598 2104 diffidere
616 2043 824 2104 iustitnemus:
858 2045 1101 2126 primumquod
1120 2042 1232 2125 optarit
1302 2062 1308 2071 ¹

49 2140 56 2153 '
90 2130 242 2210 Philippus,
259 2126 289 2187 id
309 2126 475 2188 faciemus:
496 2129 607 2189 deinde
625 2148 750 2202 vereor,
769 2151 808 2189 ne
826 2129 888 2203 ill-i,
908 2128 960 2210 qui
978 2122 1059 2189 nnnc
1077 2129 1106 2188 ei
1124 2129 1228 2198 adver7
1287 2140 1290 2145 ’

94 2228 191 2285 santur,
214 2235 280 2272 cum
300 2234 388 2272 cose
407 2214 606 2296 coniungant,
634 2227 663 2275 et
682 2235 786 2274 omnes
804 2236 867 2274 uno
887 2214 987 2274 animo
1006 2213 1145 2293 Philippo
1164 2221 1229 2272 stei-

70 2303 181 2370 'de'ant,
201 2311 289 2380 atque
306 2299 338 2359 in
357 2298 488 2358 Atticam
506 2300 629 2359 veniant
644 2300 794 2379 utrique.-
818 2304 932 2359 Verum
949 2300 976 2358 si
994 2297 1068 2379 mihi
1081 2295 1228 2377 parebitis

91 2384 162 2467 etin
180 2383 222 2456 iis,
239 2404 315 2464 quae
335 2381 449 2457 dixero,
467 2384 692 2445 considerandis
710 2384 813 2465 potius
832 2407 922 2465 quam
941 2382 1124 2467 exagitandis
1144 2381 1229 2441 eritis'

41 2492 43 2501 ·
91 2468 221 2550 occupati:
245 2467 377 2533 arbitror
391 2469 477 2543 fore,
501 2481 537 2528 ut
555 2482 585 2529 ct
602 2483 684 2530 recta
703 2470 802 2530 dicere
820 2469 924 2530 videar
941 2466 1149 2528 et¹irnminens
1167 2466 1228 2525 rei-

91 2555 208 2638 publicae
223 2553 390 2635 periculum
408 2555 591 2634 propulsem.
609 2554 693 2631 Quid
711 2555 806 2637 igitur
821 2554 992 2614 faciendum
1011 2572 1077 2612 esse
1095 2551 1228 2612 censeo?

89 2640 205 2702 Primam
219 2652 332 2698 metum
351 2639 432 2699 hune
449 2639 685 2702 remittendum:
700 2636 821 2713 deinde,
838 2651 952 2701 mnmta
967 2637 1130 2710 sententia,
1145 2635 1228 2696 The-

92 2725 168 2786 banis
188 2745 242 2786 esse
266 2724 482 2797 metuendum,
509 2739 545 2785 ut
563 2725 616 2804 qui
633 2724 774 2784 cladibus.
792 2725 855 2784 sint
877 2724 982 2803 multo
999 2723 1185 2803 propriores·
1197 2733 1229 2779 et

88 2810 209 2892 periculo
222 2802 334 2890 priores
355 2810 497 2890 expositi:
515 2810 608 2870 tertio
626 2810 707 2882 loco,
724 2800 913 2869 inventutem
928 2819 959 2868 et
977 2808 1094 2886 equites
1107 2800 1227 2865 Eleusi-

88 2916 151 2954 nem
166 2899 221 2955 esse
236 2894 428 2967 educendos,
463 2907 499 2954 ut
517 2888 682 2957 ostendatis
701 2893 858 2968 omnihus,
892 2890 1092 2972 voimetipsos
1111 2910 1176 2962 esse
1194 2887 1228 2948 in

82 2980 187 3053 armis,
205 2992 234 3041 et
255 2992 308 3053 ut,
336 2981 388 3058 qui
411 2979 524 3040 Thebis
551 2981 709 3041 vobiscum
734 2979 865 3052 faciunt,
889 2978 954 3059 pari
977 2976 1119 3051 libertate
1140 2970 1227 3035 ¹suam

87 3065 154 3127 tueri
169 3086 278 3138 causam
298 3066 444 3136 audeant,
462 3087 530 3124 cum
549 3065 662 3139 sciant,
685 3061 1012 3145 quemadmodumliisf,
1031 3060 1084 3140 qui
1100 3059 1227 3140 patriam

87 3150 204 3230 Philippo
221 3150 374 3223 rendunt,
398 3163 518 3230 praesto
538 3163 584 3210 est
601 3150 723 3209 Elateae
742 3150 794 3230 qui
813 3147 981 3229 opituletur
998 3142 1227 3217 exereitus,·sic

86 3235 210 3295 libertatis
233 3235 433 3295 assertoribus
458 3252 512 3295 tos
538 3248 656 3317 paratos
682 3255 747 3295 esse
773 3235 811 3294 ad
835 3233 995 3292 ferendum
1013 3228 1174 3302 auxilium,
1201 3226 1227 3286 si
1300 3225 1304 3236 '

68 3321 141 3400 quis
156 3341 202 3380 eos
219 3320 383 3380 invaserit.¹
413 3322 488 3380 Post
505 3321 580 3381 haec
598 3320 721 3380 decerni
738 3319 832 3380 iubeo
850 3319 954 3378 decem
972 3308 1105 3399 legatos,
1123 3326 1155 3374 et
1173 3332 1227 3387 eo-

86 3428 139 3465 ram
151 3418 234 3487 atque
248 3407 365 3465 dueum
382 3407 553 3466 auctoritati
570 3405 819 3487 permittendum,
839 3416 870 3462 et
887 3401 1009 3482 quando
1027 3401 1068 3461 sit
1084 3399 1157 3459 illuc
1173 3417 1243 3483 ve-¹

85 3491 224 3563 niendum,
244 3505 275 3550 et
294 3490 505 3571 quando-hinc
522 3491 702 3551 abeundum.
738 3491 799 3554 Sed
816 3488 869 3548 nbi
887 3485 1006 3547 Thebas
1023 3484 1116 3568 legati
1133 3503 1233 3563 vene-p
1265 3488 1268 3493 '

78 3575 144 3649 rint,
166 3578 322 3656 quomodo
347 3600 412 3638 rem
435 3574 514 3636 hanc
538 3564 808 3637 administrabitis?
834 3575 1019 3655 Magnopere
1036 3590 1166 3642 moneo,
1191 3579 1227 3627 ut

77 3660 140 3720 mihi
155 3661 346 3734 auscultetis,
360 3682 507 3742 =nequea
524 3661 676 3722 Thebanis
697 3662 858 3741 quicquam
875 3656 1036 3739 postuletis
1064 3652 1127 3739 (est
1145 3653 1224 3714 enim
1250 3661 1308 3746 1334

74 3745 100 3820 id
115 3746 325 3827 hocttempor'e
350 3744 511 3828 alienum):
538 3748 591 3807 sed
615 3744 836 3827 polliceamini,
861 3764 915 3803 vos
934 3762 1023 3824 opem
1041 3740 1173 3812 laturos,
1200 3737 1226 3797 si

53 3831 222 3906 ¹iusserint,
251 3832 335 3911 quod
360 3847 391 3892 et
415 3831 473 3912 ipsi
495 3831 526 3891 in
553 3845 688 3891 extremo
715 3827 888 3891 discrimine
911 3838 1088 3899 versentur,
1114 3837 1146 3884 et
1170 3843 1224 3883 vos

69 3916 168 3978 arelius
180 3908 277 3998 quam
295 3916 340 3976 illi
358 3930 484 3978 ventura
501 3916 704 3998 prospiciatis:
723 3929 775 3988 ut,
792 3914 820 3975 si
836 3913 910 3991 baec
928 3910 1104 3972 admiserint
1120 3920 1152 3969 et
1168 3927 1226 3968 no-

66 4003 108 4064 bis
120 4002 296 4084 paruerint,
322 4014 387 4062 tum
406 4025 457 4074 ea,
484 4023 560 4081 quae
578 4002 735 4077 volumus,
760 4012 998 4080 consequamur,
1022 4009 1087 4056 tum
1104 4014 1160 4076 pro
1179 3993 1225 4052 di-

62 4089 173 4172 gnitate
191 4101 315 4149 nostrae
333 4087 515 4169 reipublicae
535 4082 744 4148 conficiamus:
759 4085 806 4148 sin
824 4085 903 4144 forte
921 4095 994 4142 voto
1011 4079 1134 4141 frustari
1151 4099 1225 4139 con-

61 4175 179 4257 tigerit,
191 4174 243 4234 ‘illi
263 4174 443 4255 semctipsos
462 4176 621 4246 accusent,
640 4173 666 4232 si
685 4173 758 4252 quid
776 4190 858 4245 nunc
875 4165 1078 4246 deliquerint,
1095 4184 1151 4225 nos
1172 4186 1225 4223 au-

59 4274 119 4320 tem
137 4259 214 4320 nihil
232 4272 324 4340 turpe
343 4272 395 4320 aut
411 4259 526 4319 humile
544 4258 702 4342 egerimus
747 4258 801 4315 llis
826 4267 856 4315 et
872 4251 1020 4317 similibus
1040 4250 1145 4323 dietis,
1173 4249 1225 4308 de-

57 4344 170 4406 scendi.
206 4348 304 4422 Quae'
318 4367 386 4405 cum
403 4345 626 4427 collaudassent
644 4364 766 4414 omnes,
786 4354 815 4400 et
833 4358 922 4399 nemo
941 4335 1103 4417 quicquam
1121 4346 1226 4395 contra

178 4445 181 4449 .
478 4442 499 4464 Ι.
