2722 4754
47 186 53 195 “
145 188 208 248 ιιι
328 278 329 281 ¹
424 134 1028 259 ιιιιιιοιιιιιιιιιοιιιιιο

145 318 350 420 adoptaretur
392 331 569 394 Prohibitus
588 347 689 395 autern
708 348 738 395 et
755 333 953 411 iniuriarum,
980 349 1012 396 et
1030 336 1067 396 ad
1084 334 1218 398 tabulam
1238 351 1269 398 ct
1286 339 1314 401 in

145 426 216 486 soro
234 423 481 519 magistratuum,
499 420 656 486 convictus
675 440 776 481 coram
794 420 919 497 multis,
933 421 1008 481 nihil
1027 445 1057 483 vr
1048 422 1233 523 agendum
1248 445 1314 484 cen

146 510 224 582 suit,
250 530 319 567 cum
337 528 370 577 se
387 504 495 566 vestris
519 506 638 589 legibus
665 506 827 566 calliditate
851 520 883 567 et
906 506 1016 588 opibus
1041 508 1108 568 fore
1127 509 1313 589 superiorem

49 607 52 611 ’
146 606 287 676 speraret
323 590 404 651 Eius
428 590 472 650 rei
496 605 707 674 argumentum
734 593 888 671 quodnam
914 593 978 654 est?
1006 589 1190 654 Convocatis
1215 596 1313 674 paucIs

147 676 373 763 Otrynensibus
393 689 424 736 et
441 675 566 736 tribuno
584 677 681 758 plebis
699 678 872 777 persuadet,
887 700 955 737 curn
974 678 1076 739 album
1088 693 1234 759 apertum
1251 679 1315 740 sue-

21 799 26 807 =
69 784 73 790 ’
146 765 204 838 rit,
231 776 266 823 ut
289 761 499 823 inscribatur.
514 762 560 822 Ac
586 775 703 844 postea
715 762 800 823 venit
824 761 856 821 in
882 764 997 845 magnis
1015 763 1237 824 Panathenaeis
1262 767 1313 827 sub

114 849 395 912 <distributionem
414 849 450 907 ad
463 843 645 907 'theatralem
664 848 843 928 pecuniam:
869 869 998 946 cumque
1017 850 1067 909 alii
1086 851 1251 930 populares
1270 873 1315 910 ac-

145 936 299 1017 ciperem,
322 933 463 1014 petcbat,
489 945 524 992 ut
543 946 573 992 et
591 932 649 991 sibi
667 934 805 1006 daretur,
829 946 925 1014 utque
944 933 975 994 in
994 935 1094 1002 album
1114 936 1241 994 nomine
1260 935 1313 995 Ar-

90 1078 97 1089 „
145 1021 269 1081 chiadae
288 1018 513 1078 inscriberetur
549 1014 625 1076 Cum
643 1038 715 1077 vero
736 1039 792 1077 nos
810 1013 1058 1095 testificaremur,
1084 1034 1114 1081 et
1132 1042 1197 1080 non
1216 1021 1314 1081 seren-

146 1106 218 1168 dum
237 1106 268 1166 id
287 1127 353 1164 esse
372 1103 423 1163 alii
442 1103 596 1176 dicerent,
626 1102 719 1203 abiit,
745 1125 812 1180 nec.
815 1104 1003 1183 inscriptus,
1033 1127 1090 1165 nec
1108 1105 1250 1165 theatrali
1269 1129 1313 1167 ac-

75 1192 120 1278 '·'
145 1200 236 1274 cepta
249 1190 387 1272 pecunia.
430 1189 536 1247 Eum
527 1189 637 1270 igitur,
662 1188 714 1281 qui
733 1201 838 1248 contra
857 1190 1011 1249 decretum
1029 1204 1165 1251 vestrum
1181 1191 1313 1251 theatra-

48 1316 50 1321 ι
73 1353 76 1358 ¹
112 1291 115 1296 “
145 1280 206 1339 lem
223 1276 381 1375 ιιιιιιιιιιιιιι
398 1273 550 1374 postulat,
567 1273 743 1354 priusquam
762 1273 794 1333 in
814 1270 1003 1357 Otrynenses
1021 1274 1254 1351 incribatur,
1229 1299 1255 1336 ιι
1274 1279 1312 1336 al-

102 1425 117 1447 „
142 1363 241 1425 terius
260 1359 418 1440 municipii
441 1359 496 1432 sit,
522 1380 585 1418 ιιοιι
610 1359 721 1459 putatis
746 1359 944 1420 hereditatem
969 1373 1074 1421 contra
1099 1360 1184 1444 leges
1203 1362 1312 1442 petitu-

146 1447 235 1511 rum?
255 1448 317 1506 Est
334 1466 406 1506 vero
425 1445 589 1518 credibile,
608 1445 662 1523 qui
680 1457 740 1503 tarn
758 1445 877 1546 iniquas
892 1446 1118 1528 praerogativas
1137 1448 1175 1506 ad
1194 1448 1313 1527 explen-

60 1543 66 1553 '
107 1558 110 1563 ·
133 1537 216 1596 ··dam
241 1531 392 1613 avaritiam
416 1551 502 1588 suam
525 1541 595 1588 ante
618 1529 724 1589 iudicii
738 1529 950 1612 cognitionem
967 1532 1112 1607 molitur,
1139 1552 1208 1592 eum
1227 1555 1312 1594 causa

104 1692 109 1699 .
147 1619 226 1681 niti?
253 1617 330 1676 Nam
349 1615 401 1694 qui
419 1615 578 1694 pecuniam
598 1614 803 1674 theatralem³
794 1615 898 1700 ruique
917 1616 1136 1696 postulavit,
1127 1640 1152 1677 rs
1170 1619 1207 1679 de
1225 1618 1311 1678 here-

27 1752 34 1759 .
87 1775 88 1780 ι
146 1706 240 1766 ditate
258 1700 401 1761 nimirum
421 1702 530 1761 eodem
549 1711 595 1758 est
612 1699 721 1760 animo.
740 1700 825 1775 Quin
843 1708 1014 1781 practorem
1031 1704 1123 1762 etiarn
1142 1702 1258 1762 actione
1277 1725 1311 1763 er

146 1809 260 1890 qunso
279 1786 415 1866 decepit,
433 1798 464 1846 et
482 1797 587 1845 contra
604 1785 775 1866 rescripsit,
794 1785 1000 1888 Otrynensem
1020 1810 1085 1848 esse
1104 1809 1154 1860 se,
1173 1788 1205 1847 in
1221 1787 1311 1847 Eleu-

70 1946 71 1951 ,
145 1875 225 1937 sinio
224 1871 411 1975 municipio
429 1870 622 1931 habitantem.
646 1866 723 1930 Cum
739 1883 838 1930 autem
857 1871 933 1931 nihil
952 1873 1107 1934 orborum
1125 1875 1312 1933 succederet:

83 1987 86 1991 “
146 1959 297 2044 proximis
307 1957 392 2017 'hisce
411 1955 558 2030 comitiis,
582 1955 755 2017 subornatis
774 1955 955 2035 quibusdam
973 1958 1186 2039 popularium,
1210 1972 1312 2038 postu-

147 2046 238 2119 l'avit,
265 2065 297 2104 se
315 2041 441 2102 inscribi
463 2053 499 2101 ut
515 2042 691 2121 adoptivum
709 2041 890 2104 Archiadae
895 2042 1000 2103 hlium.
1027 2044 1125 2103 Nobis
1144 2057 1260 2107 autem·
1258 2043 1312 2104 ··ad

16 2153 19 2156 ’
71 2161 82 2171 ··
145 2128 362 2194 versantibus
370 2141 400 2186 et
426 2125 667 2208 postulantibus,
699 2141 734 2205 ut
751 2128 830 2208 post
845 2125 954 2187 saetam
973 2129 1010 2188 ιιιι
1030 2129 1200 2193 hereditate
1220 2130 1312 2188 disce-

144 2216 315 2300 ptationem
334 2212 476 2311 sullpagia
493 2212 618 2286 ferrent,
636 2212 719 2293 prius
738 2225 839 2272 autem
856 2213 984 2273 nontin
1005 2234 1042 2274 eo
1058 2227 1235 2315 paruerunt,
1254 2236 1312 2274 non
1332 2208 1335 2214 ’

146 2313 274 2384 propter
297 2283 493 2376 semetipsos,
518 2298 572 2356 sed
576 2310 738 2397 propter
742 2299 842 2380 leges:
873 2319 937 2358 non
960 2299 1120 2360 serendum
1144 2300 1225 2359 enim
1249 2319 1313 2359 esse

44 2445 48 2451 .
146 2386 322 2457 videbatm,
346 2395 381 2442 ut
400 2382 456 2467 qui
472 2402 508 2440 ex
525 2403 648 2462 sponso
658 2382 689 2441 in
699 2382 907 2443 hereditatem
924 2389 1045 2467 ageret,
1063 2407 1129 2445 sese
1139 2386 1312 2466 adoptaret,

143 2494 180 2534 re
192 2471 337 2533 nondum
356 2458 538 2527 diiudicata.
561 2468 654 2542 Quod
672 2480 773 2528 autem
791 2482 862 2550 post
879 2468 979 2529 haec'
970 2470 1116 2531 instruxit
1131 2471 1314 2543 Leostratus,

55 2618 70 2635 d
146 2559 179 2619 id
198 2570 244 2630 εει
262 2553 398 2615 ιιιιιιιιιιιιι
416 2552 634 2634 gravissimum.
652 2553 728 2628 Nam
747 2575 815 2614 cum
831 2553 990 2635 inscriptio
1007 2577 1036 2616 er
1051 2567 1228 2638 negaretur,
1246 2555 1313 2614 ado-

132 2642 213 2726 ”ptat
228 2616 397 2700 ¹rlrclriadae
415 2638 600 2698 Ledeharcm
618 2624 734 2712 lilium,
752 2652 858 2698 contra
877 2660 982 2701 omnes
1000 2640 1103 2723 leges,
1120 2653 1192 2701 ante
1211 2639 1313 2700 sa'ctam

137 2740 207 2811 'pop
209 2728 253 2787 uli
271 2723 529 2806 approbationem.
561 2723 637 2797 (tui
655 2745 723 2782 cum
742 2726 879 2784 nondum
897 2724 1090 2805 introductus
1110 2738 1193 2786 esset
1210 2726 1248 2784 ad
1267 2747 1313 2784 cu·
1350 2768 1352 2772 -

29 2851 32 2857 ·
77 2886 79 2890 ι
145 2814 234 2874 rialcs
253 2811 441 2881 Archiadae,
475 2810 528 2868 sed
547 2809 717 2869 duntaxat
708 2809 886 2891 inscriptus:
897 2808 1057 2889 persuasi
1074 2812 1130 2872 uni
1150 2809 1312 2884 curialium,

13 2905 19 2919 '
90 2894 93 2898 ¹
144 2913 182 2960 ut
205 2921 276 2958 eum
302 2894 515 2956 inscriberet
507 2917 538 2953 ιιι
558 2894 715 2954 curialium
733 2895 843 2955 album.
886 2895 932 2955 Ae
950 2897 1122 2978 deinceps
1113 2919 1146 2956 ιιι
1166 2908 1313 2956 contesta-
1333 2904 1348 2942 ¹

97 3046 99 3050 ,
146 2985 233 3046 tione
257 2983 338 3064 apud
357 2980 528 3061 praetorem
547 3000 616 3039 eum
636 2979 798 3081 describit,
831 2994 866 3040 ut
885 3004 938 3060 qur
929 2981 1036 3041 filius
1055 2982 1195 3042 defuncti
1218 2980 1312 3062 legiti-

145 3092 214 3130 mus
234 3081 313 3129 esset
331 3068 443 3127 multos
461 3086 573 3138 anuos,
606 3088 659 3144 qur
650 3065 744 3124 heri
761 3079 793 3125 et
811 3066 922 3126 nudius
940 3067 1048 3127 tertius
1067 3067 1232 3148 inscriptus
1251 3066 1313 3125 lue-

63 3161 124 3247 189
146 3169 201 3218 ιιι.
222 3159 265 3215 lta
283 3156 328 3227 fit,
340 3153 380 3212 ut
397 3164 526 3230 uterque
545 3149 603 3210 sibi
622 3151 820 3212 hereditatem
837 3151 978 3212 vindicet.
995 3152 1072 3212 Nam
1091 3166 1124 3213 et
1133 3155 1314 3213 Leostratus

46 3280 48 3285 ·
68 3274 71 3279 ·
148 3252 336 3304 sacramento
356 3239 393 3297 de
412 3236 580 3296 hereditate
599 3237 773 3311 contendit,
808 3248 844 3296 ut
867 3237 1021 3319 legitimus
1039 3236 1210 3298 Archiadae
1229 3237 1316 3310 filius,

146 3341 179 3388 ct
195 3325 365 3386 Leochares
384 3335 571 3382 contestatus
591 3335 652 3396 cst,
671 3343 702 3381 se
721 3323 817 3383 tilium
837 3344 902 3382 esse
921 3322 1091 3405 legitimum
1110 3323 1248 3383 eiusdem
1263 3343 1316 3401 pa

144 3413 216 3473 tris:
235 3433 303 3471 cum
321 3420 431 3468 neuter
448 3408 561 3468 viventi
580 3407 643 3480 illi,
660 3408 714 3467 sed
731 3421 861 3486 uterque
880 3407 1025 3467 defuncto
1043 3430 1076 3467 se
1095 3409 1229 3492 adoptet.
1252 3406 1314 3468 Nos

14 3566 18 3573 ⁴
74 3542 88 3553 -.
144 3514 236 3571 vcro,
261 3495 399 3568 ludices,
417 3515 547 3572 aequum
565 3493 754 3573 putavimus,
777 3506 937 3593 postquam
956 3513 1010 3552 vos
1008 3492 1108 3553 hanc
1126 3515 1247 3553 causam
1267 3513 1316 3550 co-

56 3586 59 3593 '
145 3581 311 3667 gnoscetis,
337 3593 403 3640 tum
421 3581 543 3638 demum
562 3599 578 3636 e
596 3599 709 3659 genere
728 3578 880 3680 proximis
890 3579 1036 3639 defuncto
1051 3579 1152 3638 lilium
1172 3576 1315 3659 adoptari,

126 3689 186 3729 ‘ne
205 3669 336 3731 intereat
354 3664 418 3724 eius
436 3663 556 3724 lanulis
599 3663 761 3722 Primum
752 3665 861 3747 igitur,
880 3664 1016 3737 ludices,
1036 3685 1072 3723 er
1090 3662 1320 3747 Otryne-usibus

144 3748 365 3815 L'eostratum
355 3772 387 3809 ιιι
406 3748 589 3808 Eleusionos
607 3748 743 3821 redisse,
759 3749 868 3813 relicto
886 3706 1056 3809 Archiadae
1074 3750 1142 3809 filio
1169 3748 1315 3831 legitimo,

145 3853 177 3900 et
194 3852 310 3921 patrem
329 3836 393 3895 cius
413 3833 561 3914 idipsum
578 3834 685 3893 secisse
703 3834 801 3914 ιιιίιιι·
837 3847 868 3894 et
885 3835 988 3935 illurn,
1007 3857 1061 3914 qur
1052 3833 1235 3895 '’relictus
1225 3857 1258 3893 m
1275 3833 1315 3891 sa-

96 3922 99 3927 ’
146 3925 228 3985 milia
246 3924 362 3994 iuerat,
386 3919 496 3980 orbum
515 3919 694 3979 decessisse.
723 3933 754 3980 et
772 3941 857 3994 eum,
871 3920 940 4020 ιιιιὶ
953 3941 1049 3989 nunc
1044 3922 1244 3980 contestatus
1263 3930 1315 3990 est,

40 4021 45 4031 '
74 4057 78 4060 .
145 4009 294 4110 priusin
292 4006 474 4089 populares,
501 4026 588 4084 quam
608 4005 639 4064 iu
658 4005 801 4078 curiales,
819 4025 886 4065 esse
903 4005 1106 4106 inscriptum,
1117 4000 1165 4065 uti
1184 4015 1314 4065 constet:

104 4099 109 4104 '
146 4094 183 4152 iis
201 4093 347 4154 derebus
365 4091 453 4150 vobis
471 4102 502 4149 et
519 4089 676 4155 eutichem
694 4103 726 4150 et
746 4090 938 4192 municipum
950 4091 1126 4151 testimonia
1142 4091 1314 4151 recitabun-

146 4189 210 4237 tur.
236 4179 273 4237 de
291 4176 417 4238 caeteris
435 4176 508 4235 item
527 4187 557 4234 et
570 4175 631 4274 ιιι,
655 4195 733 4259 quae
752 4197 808 4237 nos
827 4176 898 4235 ab
888 4175 953 4236 estis
971 4177 1047 4239 facta
1071 4175 1314 4248 memoravimus,

113 4294 121 4303 ·-
147 4262 299 4337 omnibus,
316 4261 403 4322 vobis
423 4259 595 4323 testimonia
609 4260 784 4359 singulatim
801 4259 960 4379 ιιιιιιιιιιο.
974 4262 1112 4323 Proinde
1130 4262 1209 4325 mihi
1225 4272 1312 4322 testes

146 4347 377 4447 arcessitohnc'.
462 4358 468 4398 1
618 4377 622 4383 ·
722 4390 726 4401 -
810 4390 813 4397 -
917 4384 933 4399 ··
961 4372 990 4395 ··
