2722 4754
116 176 124 183 “
232 178 243 197 “’
358 174 965 279 novansus1.a1>a1nan'
1069 195 1219 289 ,μων
1292 207 1331 241 -,

55 346 151 406 tersis
170 341 346 405 bominibus
364 341 396 401 iu
414 352 578 420 conspeetu
597 352 702 413 erunt,
727 362 806 419 quae
822 335 892 415 ille,
917 343 989 402 dum
1007 353 1107 402 vester
1122 341 1219 424 impe-

48 442 142 492 -rator
164 420 258 499 ¹esset,
287 424 395 487 eiexit:
424 424 627 506 praemiorum
650 436 768 498 autem,
797 431 1067 508 quae'propterea‘
1082 427 1128 487 illi
1151 429 1218 489 data
1311 454 1314 459 ·

64 530 149 591 sunt,
164 513 277 594 aliquid
294 506 466 572 auferetur?
492 509 607 571 Annon
624 509 700 569 illud
718 509 949 571 considerabitis
967 524 998 572 et
1014 513 1220 594 perpendetis,

68 601 276 670 Athenienses,
294 617 358 655 non
375 615 456 654 nunc
475 595 513 655 de
531 595 599 677 lege
616 593 762 675 iudicium
779 594 856 668 fieri,
874 607 976 683 utrum
996 618 1030 658 ea
1046 597 1164 670 valere,
1181 619 1220 658 au

72 685 198 772 abrogari
214 682 339 763 debeat:
369 679 424 739 sed
443 680 481 739 de
497 678 599 752 vobis,
624 691 728 738 utrum
745 678 952 760 inposterum
968 681 1056 742 vobis
1074 682 1221 743 benefieri
1269 696 1272 701 “

75 775 185 844 debeat,
203 789 258 829 nec
273 765 334 826 ne?
351 760 429 847 Age,
448 785 520 845 cape
539 775 570 822 et
586 763 892 836 senatusconsultum,
910 766 992 844 quud
1012 756 1158 828 Chabriaie
1176 768 1221 829 la·-

78 866 156 921 etu‘ta.
170 866 224 915 est:
247 852 319 921 uide
343 871 377 910 ac
403 848 606 928 circumspice.
634 859 702 907 n'am
728 847 759 907 id
787 848 836 908 hic
860 848 972 910 alicubi
998 868 1064 910 csse
1091 865 1222 932 oportet.
1248 864 1276 889 ‘²

79 946 138 1030 llgu
151 960 214 1002 vno
232 936 322 996 etiam
340 933 400 995 boc
418 933 545 1014 amplius
563 953 619 1014 pro
638 929 768 993 Chabala
785 933 891 995 dicam.
914 938 988 1008 Vos,
1005 933 1221 1008 Athenienses,

56 1090 64 1099 ,
83 1052 141 1093 am
154 1023 275 1106 quodam
292 1033 431 1100 tempure
449 1019 631 1099 lphicratem
648 1018 855 1093 honoraretis,
876 1040 940 1080 non
958 1037 1029 1080 eum
1046 1019 1146 1082 solum
1164 1021 1221 1081 ho-

85 1109 205 1181 mnis,
227 1107 280 1166 sed
304 1098 431 1185 p'ropter
454 1103 541 1164 illum
564 1103 737 1183 Strabacem
761 1104 851 1164 etiam
876 1117 907 1165 et
929 1105 1142 1191 Polystratum
1175 1106 1222 1166 Ac
1326 1164 1334 1177 ,

86 1184 196 1266 latins·
209 1212 277 1251 eum
296 1190 411 1263 donum
430 1189 541 1248 daretis
559 1188 740 1262 Timotheo,
763 1201 890 1270 propter
906 1189 992 1252 illum
1011 1190 1100 1250 etiam
1119 1188 1222 1250 Clear-

88 1286 160 1349 ehuu
178 1289 205 1337 et
220 1275 369 1355 quosdam
385 1273 460 1333 alios
479 1273 598 1334 civitate
618 1272 759 1333 donastis.
802 1269 946 1334 Chabrias
964 1296 1036 1336 vero
1056 1275 1120 1356 ipse
1142 1276 1221 1357 apud
1275 1283 1280 1297 '

89 1392 135 1432 voa
151 1366 301 1428 honoratus
328 1371 375 1418 est
398 1357 489 1418 solus.
531 1357 565 1416 Si
589 1369 654 1417 turn
678 1357 787 1440 igitur,
812 1381 880 1441 cum
900 1361 1014 1419 donum
1039 1374 1222 1421 consecutus

93 1467 141 1525 en,
153 1446 274 1531 petiisset
290 1465 308 1505 a
323 1442 427 1517 vobis,
443 1456 489 1515 ut,
507 1443 762 1527 quemadmodum
779 1455 905 1523 propter
920 1442 1102 1525 Iphicraten
1121 1457 1153 1504 et
1168 1445 1222 1504 Τί-

90 1537 215 1601 matheum
238 1528 420 1610 quibusdam
445 1527 655 1600 benefecistis,
688 1526 731 1588 sic
757 1522 788 1588 et
810 1550 864 1589 sua
889 1551 976 1590 causa
1001 1529 1222 1590 benefaceretis

91 1617 227 1701 aliquibus,
256 1614 310 1693 lpui
335 1612 557 1672 immunitatem
584 1612 742 1674 consecuti
770 1635 853 1679 nunc
870 1613 907 1673 ah
926 1614 991 1673 istis
1009 1615 1051 1675 ita
1069 1616 1222 1698 exagitan-

91 1723 139 1777 tur,
152 1714 182 1763 ut
194 1710 317 1780 propter
335 1717 387 1757 eos
406 1697 625 1756 immunitatem
642 1696 768 1757 iubeant
785 1696 927 1759 omnibus
946 1699 1036 1779 eripi:
1061 1721 1162 1760 annon
1181 1699 1222 1759 si-

48 1854 55 1866 ,
90 1791 177 1852 militer
189 1783 231 1843 illi
247 1783 280 1842 in
298 1803 336 1842 eo
354 1781 512 1864 gratificati
530 1781 655 1841 essetis?
671 1781 738 1864 Ego
756 1783 879 1861 quidem
897 1784 928 1842 id
945 1783 1082 1844 arbitror.
1101 1783 1222 1858 Quibus

90 1868 166 1957 igitur
195 1879 294 1949 ropter
310 1867 413 1946 ipsum
429 1866 544 1925 donum
563 1865 622 1925 boc
639 1879 705 1925 tum
723 1866 899 1926 dedissetis:
924 1881 1052 1947 propter
1069 1888 1122 1928 eos
1140 1889 1222 1928 nunc
1321 1884 1325 1895 ’

90 1960 160 2019 illum
177 1949 480 2033 :psumlimmunitate
505 1949 693 2030 spoliabitis?
720 1947 895 2022 Absurdum
914 1950 945 2010 id
964 1962 1016 2010 est
1058 1951 1122 2012 Nec
1141 1952 1222 2013 enirn

91 2045 120 2104 dc
131 2038 203 2101 uobis
218 2037 260 2097 sic
278 2030 441 2095 existimari
460 2034 620 2106 convenit,
645 2046 697 2106 ut,
717 2035 788 2093 dum
806 2034 940 2094 recentia
958 2048 989 2095 et
1005 2035 1038 2095 in
1057 2049 1241 2117 conspectam

91 2126 165 2187 adlluc
178 2132 246 2181 suut
261 2119 425 2192 beneficia,
450 2118 653 2199 promtissime
680 2138 742 2178 non
759 2130 877 2178 tantum
895 2118 978 2199 ipsos
1003 2119 1237 2187 beneficiorum*

91 2222 214 2280 auctores,
233 2205 293 2265 sed
318 2216 349 2264 et
374 2224 479 2263 eorum
497 2202 608 2264 amieos
628 2203 801 2263 honoretis:
826 2203 917 2285 paulo
939 2217 1011 2286 post
1033 2226 1106 2266 vero
1132 2206 1222 2266 etiam
1311 2270 1319 2307 ¹

91 2310 207 2372 ea,quae
224 2289 297 2370 ipsis
316 2289 459 2363 dedistis,
477 2287 618 2370 eripiatis.
677 2314 679 2319 ¹
1278 2336 1283 2352 ,

77 2460 81 2465 ·
149 2441 535 2487 SENATUSCONSULTA
570 2440 622 2484 DE
657 2436 863 2485 GRABRIAB
898 2440 1158 2486 HONORIBUS.‘

102 2544 230 2621 miluus
256 2540 367 2625 igitur,
392 2542 451 2601 uisi
465 2541 575 2624 ,legem
601 2542 688 2602 istam
713 2540 913 2624 abrogabitis,
940 2542 1078 2604 afficietis
1103 2544 1224 2616 iniuria,
1299 2578 1304 2590 .

91 2642 184 2715 praeter
197 2627 250 2687 alia
267 2628 381 2698 multa,
409 2647 486 2706 quae
504 2627 674 2699 audivistis,
701 2626 733 2685 bi
750 2639 839 2699 sunt,
857 2626 981 2687 ludices.
1026 2619 1224 2688 Considerate

92 2727 171 2776 auten
183 2712 254 2795 apud
279 2711 500 2791 vosmetipsos,
536 2710 562 2770 si
580 2712 633 2790 qui
651 2733 687 2770 ex
712 2710 794 2769 hisee
818 2711 972 2770 defunctis
997 2712 1100 2790 aliquo
1125 2725 1225 2792 pacto,

92 2798 152 2878 quid
163 2797 190 2857 iu
203 2784 368 2877 pisesentia
386 2808 540 2878 ageretur,
557 2807 793 2878 cognoscerent:
812 2800 904 2875 quam'
919 2794 997 2855 iusta
1014 2795 1225 2878 indignatione

91 2881 273 2942 moveremur?
307 2880 384 2941 Nam
403 2901 479 2960 quae
497 2881 707 2965 unusquisque
724 2901 757 2939 re
776 2880 840 2959 ipsa
858 2880 890 2939 in
908 2898 962 2939 vos
986 2879 1134 2963 beneficia
1151 2902 1224 2941 con-

92 2966 159 3040 tulit,
180 2966 221 3026 de
244 2965 304 3026 illis
331 2986 348 3025 e
374 2984 515 3025 sermone
541 2964 625 3024 si'lit
655 2963 818 3037 iudicium,
854 2969 956 3024 et'res
987 2964 1025 3024 ab
1051 2964 1110 3029 illis
1136 2986 1224 3046 prae·
1247 2982 1308 3037 307

92 3051 151 3111 clare
164 3064 272 3134 gestae,
297 3051 324 3110 si
341 3050 420 3132 apud
438 3071 492 3111 vos
511 3049 587 3108 male
605 3062 782 3122 narrentur,
806 3049 916 3108 frustra
934 3048 971 3108 ab
989 3048 1048 3110 illis
1067 3064 1224 3132 susceptae

90 3135 237 3217 magnisque
261 3134 417 3199 laboribus
443 3135 599 3195 coniectae
623 3148 707 3194 sunt:
732 3154 834 3195 annon
857 3133 1048 3214 iniquissime
1072 3156 1140 3195 cnm
1164 3134 1224 3195 illis

92 3216 185 3302 agitur?
199 3222 239 3289 Ut
249 3233 351 3281 autem
367 3218 502 3293 videatis,
515 3217 729 3292 Athenienses,
743 3240 799 3279 nos
815 3239 848 3278 re
862 3222 933 3279 ve‘ra
946 3217 1023 3278 nihil
1039 3217 1139 3301 iniqui
1157 3240 1224 3280 ora-

90 3303 158 3363 tione
171 3318 265 3367 nostra
284 3304 462 3385 complecti,
485 3324 591 3389 neque
610 3303 770 3382 quicquam
789 3304 907 3374 dicere,
936 3324 998 3383 quo
1015 3303 1120 3365 sucum
1137 3304 1224 3364 vobis

90 3386 217 3449 iaciamus:
233 3388 412 3449 recitabitur
426 3388 513 3448 vobis
531 3408 566 3446 ea
578 3387 637 3461 lex,
655 3409 744 3467 quam
761 3388 842 3446 illius
859 3387 939 3460 loco,
958 3410 1047 3466 quam
1062 3390 1225 3470 repudian-

92 3471 292 3547 dandicimus‚
319 3472 561 3533 substituendam
580 3492 745 3532 censemus.
788 3472 834 3531 Ex
851 3471 906 3531 hac
925 3472 1005 3531 enim
1019 3475 1226 3556 cognoscetis,

90 3554 254 3619 cune'nubis
274 3577 351 3632 esse,
369 3570 444 3631 tum,
461 3578 500 3616 ne
517 3554 590 3636 quid
605 3578 660 3617 vos
675 3556 833 3617 admittere
849 3568 937 3637 turpe
955 3556 1133 3619 videamini:
1150 3572 1226 3631 tum,

89 3648 130 3713 ut,
151 3639 174 3701 si
194 3640 268 3722 quis¹
285 3643 452 3703 immunem
477 3640 609 3722 aliquedr
635 3640 804 3716 insimulat,
833 3641 997 3702 adductum
1021 3641 1055 3703 in
1079 3643 1225 3704 iudicium

90 3724 150 3803 apud
169 3740 236 3799 ros,
259 3727 286 3786 si
310 3747 440 3805 aequum
464 3726 520 3799 sit,
537 3725 678 3786 mulctet:
704 3738 787 3799 tum,
809 3737 846 3785 ut
870 3738 1003 3806 potestas
1028 3726 1225 3788 immunitatis
1309 3739 1312 3745 '

90 3810 275 3871 concedendae
292 3823 391 3871 vestra
409 3810 464 3883 sit,
483 3810 565 3889 quod
583 3831 714 3889 aequum
733 3830 797 3869 esse
816 3830 907 3870 nemo
925 3810 1065 3893 negabit:
1092 3824 1173 3884 turn,
1191 3824 1227 3871 ut

89 3888 149 3954 &ne
168 3894 266 3956 meriti
288 3895 351 3955 suis
376 3894 517 3977 praemiis
541 3913 648 3955 secure
665 3896 811 3956 fruantur.
853 3895 917 3954 Nec
936 3895 1046 3955 borum
1064 3897 1226 3975 quicquam

67 3990 202 4039 nomm
225 3992 288 4054 est,
312 4000 449 4061 nupera
473 3978 562 4039 nobis
587 3980 806 4062 excogitatum,
824 3980 878 4040 sed
900 3980 1024 4060 antiqua
1048 3980 1111 4052 lex,
1136 3984 1226 4061 quam
1311 4041 1315 4050 ,

87 4059 132 4121 iate
144 4063 249 4139 violat,
260 4065 310 4127 sic
325 4066 409 4148 leges
427 4064 505 4125 serre
523 4063 625 4126 iubet:
652 4064 806 4146 primum,
824 4065 928 4146 siqua
944 4076 1066 4144 recepta
1083 4064 1131 4125 lex
1148 4064 1225 4125 mala

86 4144 218 4225 tideatur,
235 4171 301 4211 eam
318 4163 354 4211 ut
370 4161 504 4211 accuset:
522 4148 650 4224 deinde,
668 4150 719 4211 illa
736 4149 895 4232 abrogata,
913 4161 948 4208 ut
965 4148 1029 4228 ipse
1047 4148 1134 4211 aliam
1152 4149 1225 4211 sub·
1285 4176 1300 4195 ν

85 4229 180 4307 musa,
197 4255 250 4297 vos
268 4256 342 4297 vero
359 4234 511 4315 potiorem
528 4235 711 4316 prieferatis.
729 4234 794 4297 Nec
812 4235 894 4297 enim
912 4233 1018 4307 Solon,
1036 4253 1053 4294 a
1071 4255 1133 4315 quo
1152 4234 1226 4295 haec

84 4313 257 4407 ftrttdamn
274 4321 377 4403 legum
394 4320 472 4383 ratio
490 4321 646 4403 proposita
664 4334 720 4396 est,
739 4320 866 4394 censuit,
884 4317 1037 4446 serviro?
1054 4319 1108 4401 qui
1121 4320 1226 4403 legdm
