2722 4754
322 156 929 252 ,novensus'eeevv-nen.
981 239 986 245 .
1143 158 1233 253 ²221

2 318 7 415 l
93 358 144 421 etus
158 365 238 417 cansa
256 344 368 404 lactum
387 354 449 417 est,
467 340 600 417 iudicat,
619 342 734 402 civibus
754 363 790 404 eo
810 355 952 424 ternpore
967 342 999 402 in
1018 342 1120 405 Sicilia
1140 347 1235 427 capti-

3 426 13 553 ἷ
93 447 126 504 ,13
142 447 166 498 et
187 428 459 496 tantacal'amitnte
487 426 699 488 circumventis
726 439 848 488 eentum
876 429 976 488 minas
998 430 1096 490 dedit:
1123 453 1182 511 qua
1200 453 1234 491 re
1265 478 1268 485 .

3 556 11 619 p
93 546 154 590 unus
168 515 290 577 maxime
309 514 395 586 cavit,
413 533 452 572 ne
467 513 546 572 fame
561 513 697 594 perirent
710 513 853 591 attriversi.
870 514 1006 591 Deinde,
1020 516 1088 576 data
1100 517 1146 576 illi
1160 538 1233 599 pro-

3 626 21 667 t,
94 626 173 699 pterea
188 599 374 660 immunitate
390 598 524 672 avobis,
536 621 603 658 eum
622 598 741 657 videret
759 598 791 657 in
810 596 891 658 bello
910 601 1000 678 paulo
1020 602 1234 685 autetriginta

95 706 210 801 ,pannos
236 698 323 767 gesto
349 684 466 764 populo
492 685 595 743 deesse
620 684 794 765 pecuniam,
828 684 911 743 ultro
941 685 1088 746 talentum
1114 688 1235 749 obtulit

3 788 6 795 '
94 774 263 844 bonsiderate
282 769 394 850 igitur,
413 768 557 842 obsecro,
577 769 797 842 Athenienses,
818 770 970 849 quodnam
990 771 1160 845 evidentius
1180 775 1234 834 be-

90 855 256 931 'nemlentiae
276 876 347 939 erga
366 876 419 914 vos
438 853 593 935 specimen
621 850 778 935 quisquam
799 855 945 937 praebere
963 856 1078 935 possit,
1106 880 1234 937 quemve

18 974 23 985 ·
92 955 171 1016 ,ninus
186 941 261 1001 allici
279 941 386 1009 elceeat
404 939 523 1012 iniuria,
543 963 632 1019 quam
652 961 731 1013 eum,
751 941 802 1020 qui
817 941 946 1021 primurn
967 962 1035 1000 cum
1054 942 1131 1000 cladi
1149 945 1234 1006 urbis

44 1017 49 1029 ¹
93 1029 270 1100 interfuisset,
296 1025 487 1085 calamitosos
507 1037 679 1100 eteorum,
706 1048 905 1107 quaecunque
923 1027 1026 1086 futura
1045 1039 1142 1100 esset,
1166 1053 1234 1112 gru·
1269 1090 1273 1099 ,

91 1125 150 1186 tiam
164 1113 226 1185 illis,
244 1112 297 1192 qui
316 1132 353 1169 eo
377 1123 515 1192 tempore
534 1111 669 1172 vicerant
687 1125 717 1171 et
735 1115 815 1193 apud
841 1134 917 1192 quos
937 1124 1016 1184 erat,
1040 1114 1236 1192 praetulerit:

88 1198 265 1278 duodenni,
283 1196 340 1256 alia
358 1193 538 1257 necessitate
557 1198 771 1271 animadversa,
789 1198 948 1280 pecuniam
965 1197 1090 1279 largitus
1102 1198 1152 1272 sit,
1170 1220 1234 1263 non
1305 1265 1312 1273 ⁵

94 1297 127 1356 de
139 1288 187 1352 suis
202 1283 323 1364 privatis
343 1282 452 1362 opibus
471 1283 684 1353 conservandis
703 1284 863 1356 sollicitus,
882 1285 936 1343 sed
955 1284 993 1342 de
1010 1287 1062 1354 eo,
1076 1297 1121 1359 ut,
1137 1308 1233 1364 quau-

96 1373 185 1442 mmin
200 1364 229 1428 se
248 1381 338 1442 esset,
355 1389 410 1426 vos
429 1368 511 1427 nulla
529 1370 657 1448 penuria
674 1369 860 1438 laboraretis.
904 1368 982 1427 Eum
1001 1368 1105 1450 igitur,
1129 1371 1238 1450 qui-re,

98 1468 148 1548 ipsa
165 1454 328 1517 miserrimis
355 1454 543 1534 temporibus
563 1475 637 1535 opes
662 1476 729 1514 suas
747 1453 941 1516 Atheniensi,
954 1454 1071 1536 populo
1090 1455 1132 1515 ita
1149 1476 1236 1518 cotn-

95 1565 179 1611 munes
195 1554 254 1600 esse
274 1540 386 1610 voluit,
407 1551 437 1597 et
463 1539 648 1607 verbotenus
674 1562 707 1599 ae
726 1539 853 1600 honoris
881 1551 999 1600 tantum
1018 1552 1105 1611 eausa
1125 1541 1236 1603 immu.
1304 1589 1307 1597 .

95 1624 317 1696 nitatemavobis
332 1625 432 1696 habet,
451 1646 513 1684 non
527 1626 719 1708 irnrrruuitate
736 1626 915 1707 spoliabitis,
935 1649 992 1707 qua
1009 1647 1078 1685 eum
1093 1649 1131 1686 ne
1145 1651 1234 1688 usum
1282 1626 1285 1631 Α

96 1718 195 1801 quidem
210 1732 273 1770 esse
292 1723 439 1778 constatz,
453 1711 505 1770 sed
526 1711 562 1770 id.
585 1712 740 1786 efficietis,
759 1725 795 1771 ut
812 1733 904 1772 nemo
930 1713 1016 1771 tobis
1035 1713 1129 1772 fidere
1149 1715 1236 1775 ausit.
1279 1702 1282 1713 i

96 1807 155 1880 Qun
168 1798 229 1879 quid
247 1809 339 1877 queat
358 1817 422 1855 esse
440 1797 581 1877 turpius?
625 1797 686 1856 Sed
705 1799 803 1879 ipsum
824 1797 1235 1880 senatusconsultum,quod
1289 1797 1291 1804 ’

97 1892 151 1950 tum
163 1884 238 1945 buius
253 1882 310 1941 viri
326 1903 412 1941 causa
430 1882 542 1941 lactum
558 1896 613 1956 est,
632 1883 718 1942 vobis
729 1872 917 1956 recilabitur,
935 1897 970 1943 ut
983 1883 1120 1955 videatis,
1136 1883 1235 1944 Athe·
1291 1926 1293 1931 ,

53 1980 62 1993 '
97 1975 208 2049 nicusus,
216 1980 291 2046 quot
309 1969 571 2028 senatusconsulta
590 1969 637 2027 lex
656 1968 712 2027 ista
739 1968 823 2027 irrita
842 1969 932 2028 saciat
950 1980 982 2039 et
997 1982 1077 2048 ‚quot
1094 1960 1241 2031 homines¹

95 2059 199 2129 lraudet,
213 2053 417 2134 eosque-qui,
432 2065 500 2112 e'um
514 2054 641 2114 maxime
659 2054 863 2114 necessarium
879 2053 946 2127 suit,
965 2053 1053 2114 vobis
1072 2053 1234 2132 benefece-

94 2156 159 2204 mut
173 2140 324 2200 Invenietis
345 2138 436 2214 enim,
455 2159 507 2199 eos
526 2139 615 2213 laedi,
635 2161 711 2220 quos
730 2138 856 2209 minime
875 2137 1043 2219 oportebat„
1062 2140 1184 2202 necin·
1223 2136 1254 2209 ,s'
1305 2132 1312 2169 ³

371 2293 927 2336 SENAT'USCONSULTA.

159 2398 319 2470 Beneficia,
332 2460 335 2467 ¹
349 2397 459 2477 quibus
477 2394 642 2478 Epieerdes
655 2422 658 2427 ·
669 2396 891 2457 immunitatem
909 2395 1038 2471 meruit,
1062 2418 1077 2458 e
1097 2413 1235 2462 senatus·

85 2476 230 2557 consultis,
247 2483 382 2554 ludices,
408 2481 581 2542 audivistis
617 2482 663 2561 Ne
681 2503 755 2549 vero
773 2482 803 2562 id
822 2495 974 2564 spectate,
1002 2485 1085 2561 quod
1103 2486 1235 2566 primum

82 2581 192 2631 centum
207 2570 313 2642 minas,
332 2569 442 2627 deinde
460 2568 609 2628 talentum
628 2568 713 2628 dedit
729 2566 813 2650 (uam
831 2589 870 2627 ne
890 2588 942 2627 eos
962 2566 1167 2649 quidem,'qui
1185 2567 1257 2630 ae?

77 2669 225 2730 cepemut,
243 2655 390 2735 pecuniae
409 2657 569 2727 numerum
588 2654 750 2713 admiratos
770 2675 834 2735 esse
852 2651 1012 2734 arbitror),
1037 2656 1090 2714 sed
1109 2654 1174 2733 hoc¹
1187 2656 1247 2715 ht.-
1302 2722 1306 2731 ¹

76 2742 207 2816 tuemini,
223 2741 308 2820 quod
326 2739 415 2799 alacri
429 2741 541 2811 animo,
561 2741 644 2818 quod
659 2761 722 2798 non
736 2752 860 2822 rogatus
874 2740 968 2812 ultro,
988 2740 1070 2817 quod
1082 2740 1141 2800 illis
1156 2754 1235 2801 tem-
1251 2775 1254 2783 ·

61 2827 194 2894 soritas
211 2826 302 2886 dedit
320 2825 443 2884 Etenim
461 2825 619 2909 reserenda
637 2823 733 2907 gratia
751 2824 894 2898 est,.·cvlm
906 2823 985 2883 bene
1000 2823 1115 2885 meritis
1134 2827 1235 2885 omni.

63 2897 143 2986 bug,
157 2925 302 2972 tumvero
319 2911 366 2984 iis,
386 2910 438 2990 qui
450 2909 628 2992 tempestive
648 2909 793 2969 beneficia
807 2910 965 2969 dederunt.
983 2909 1125 2984 Quorum
1138 2933 1234 2984 unum

2 3050 5 3056 4
62 2980 154 3058 buno
167 2999 264 3058 virum
281 3018 347 3056 esse
366 3009 521 3056 ostensum
542 3009 594 3055 est
612 2995 722 3055 Nonne
741 2994 836 3076 igitur
851 3016 907 3055 nos
924 2995 1047 3075 pudeat,
1064 2995 1235 3056 Athenien-

58 3088 116 3137 “28
130 3083 216 3161 ,talis
234 3083 293 3142 viri
312 3081 436 3155 liberos,
455 3081 567 3162 quibus
585 3080 662 3139 nihil
683 3081 817 3159 obiicere
835 3080 1007 3161 possumus,
1025 3081 1109 3141 nulla
1128 3083 1234 3142 barum
1256 3118 1259 3130 ·

58 3174 169 3229 rerum
187 3162 435 3251 babita'ratione,
453 3166 648 3227 immunitate·
662 3160 813 3247 spoliare?
842 3164 906 3226 Nec
926 3164 1006 3233 enim
1023 3180 1185 3248 propterea
1202 3167 1235 3227 id

57 3249 274 3335 miserrume
294 3254 430 3313 luturum
450 3266 510 3327 est,
529 3253 612 3333 quod
630 3252 681 3311 alii
699 3253 837 3324 luerunt,
858 3251 994 3331 quitum
1012 3253 1049 3312 ab
1069 3273 1106 3325 eo
1125 3251 1236 3312 servati
1289 3250 1305 3261 ‘

56 3344 245 3420 sumatque
265 3339 486 3399 immunitatem
505 3339 534 3397 ei
558 3336 792 3419 dederunt‘(alii
808 3346 863 3397 vos
882 3336 972 3408 estis,
998 3337 1051 3416 qui
1069 3360 1151 3399 nune
1169 3360 1235 3399 eam
1258 3351 1312 3407 295

62 3421 214 3507 eripitis),
233 3427 288 3484 sed
307 3424 366 3484 boe
383 3425 482 3506 ipsum
503 3436 563 3496 est,
583 3425 666 3503 quod
684 3423 926 3506 indignationem
945 3416 1072 3483 moveat.
1115 3425 1191 3483 Nam
1210 3424 1237 3485 si

65 3499 135 3583 illi,
151 3511 202 3591 qui
219 3511 375 3572 sciverunt
402 3523 432 3570 et
450 3522 632 3592 acceperunt
657 3509 822 3582 beneficia,
846 3507 900 3568 tali
925 3506 1170 3570 remuneratione
1190 3510 1248 3570 di:

65 3609 128 3672 gua
146 3617 178 3656 ea
196 3592 393 3668 censuerunt,
412 3618 468 3656 nos
487 3617 571 3669 vero,
589 3595 642 3675 qui
661 3596 804 3656 duntaxat
821 3593 1000 3670 audivimus,
1020 3615 1053 3654 ea
1073 3598 1152 3656 donn
1170 3609 1237 3655 tan·
1285 3656 1288 3667 ,

70 3698 156 3757 quam
181 3682 316 3764 indignis
343 3682 520 3763 eripiemus:
547 3701 650 3752 annon
670 3681 707 3741 'id
735 3681 793 3742 erit
814 3679 1081 3762 indignissimum?
1122 3681 1237 3740 Eadem

72 3767 155 3828 etiam
175 3767 212 3827 de
231 3767 269 3826 iis
289 3766 378 3840 dico,
404 3768 457 3847 qui
476 3766 768 3850 quadringentorirm
796 3765 988 3848 tyrannidem
1014 3767 1238 3840 destruxerunt,

76 3855 154 3915 etde
179 3853 227 3913 iis,
247 3853 317 3933 qui,
341 3868 421 3911 eunt·
437 3854 612 3914 secessisset
629 3853 777 3934 populus,
804 3851 914 3911 bonam
942 3872 1064 3932 operam
1083 3865 1252 3925 naverunt,

75 3936 219 4001 Omnibus
232 3939 321 3999 'enim
336 3939 395 3997 illis
410 3935 560 4021 insignem
579 3937 721 3997 iniuriam
739 3937 806 4011 fieri
824 3937 1015 4012 crediderim,
1034 3938 1059 3996 si
1074 3936 1237 4016 quiequam

75 4024 123 4100 eis,
141 4027 226 4105 quod
245 4037 311 4084 tum
330 4044 507 4084 concessum
525 4024 594 4096 luit,
614 4046 697 4083 nunc
717 4023 892 4104 eriperetur.
927 4020 961 4082 si
980 4023 1046 4102 quis
1065 4035 1167 4083 autem
1185 4044 1237 4083 ve-

74 4122 164 4183 strum
176 4127 361 4191 persuasum
372 4108 489 4182 babet,
513 4109 606 4192 louge
623 4109 745 4181 abesse,
770 4122 806 4169 ut
822 4107 937 4169 civitati
955 4121 1076 4168 nostrae
1095 4096 1242 4187 talis-ali,

73 4208 128 4276 qua
151 4196 317 4256 necessitas
327 4184 479 4278 ingruat:
502 4195 527 4255 is
545 4207 616 4254 vota
642 4196 765 4275 quidem
785 4195 841 4253 diis
859 4193 964 4267 saciat,
988 4194 1084 4274 idque.
1100 4214 1158 4295 ego
1177 4215 1238 4256 una

73 4282 181 4342 larium.
200 4282 339 4342 Primum
353 4302 426 4339 vero
442 4281 626 4354 consideret,
643 4283 682 4340 cle
696 4282 764 4369 lege
783 4280 907 4339 serenda
924 4298 989 4341 esse
1007 4280 1161 4363 sullragra,
1180 4300 1239 4360 qua

70 4365 268 4449 comprobata
291 4367 440 4427 utendum
458 4367 532 4445 erit:
561 4366 689 4440 deiude,
713 4366 804 4429 malas
829 4364 912 4447 leges
939 4366 1037 4427 etiam'
1056 4365 1238 4428 florentibus
1280 4368 1292 4377 ““
