2722 4754
23 261 27 268 ,
99 255 102 260 .
156 178 261 285 888
315 190 317 196 ·
440 184 802 250 nnuosrnvms
838 186 1030 249 onnr1o
1093 208 1096 212 ·

216 340 485 403 Iusiurandum
475 339 569 422 igitur
592 352 623 400 et
640 340 777 400 instituta
795 340 904 420 patria,
929 309 1076 421 quantum
1099 320 1254 418 8888818ιί
1274 343 1313 403 188

97 428 103 436 “
116 440 222 504 888,
239 427 412 499 audivistis:
430 432 504 486 -eam
523 425 614 499 item,
633 448 721 515 quam
739 424 909 506 Stephanus
926 426 1106 507 Theogeni,
1123 426 1190 515 regi
1206 429 1312 486 8888111-

97 529 115 545 '
157 503 245 585 culo,
253 510 428 592 despondrt
443 531 570 570 uxorem
588 510 812 610 pro·,sua1filia,
836 531 917 569 sacra
936 509 1050 569 1881888
1062 522 1093 569 ct
1108 507 1312 572 iusiurandum

157 555 313 660 detulisse
322 595 462 655 Geraeris
482 595 675 678 cognovistis.
694 598 754 654 lam
772 595 818 654 uti
837 607 969 667 constet,
988 615 1046 654 nec
1063 594 1100 654 iis
1112 593 1193 675 ipsis
1212 597 1314 656 mulie·
1339 635 1344 642 ‚

71 698 140 752 378
156 681 257 760 ribus,
276 701 352 760 quac
367 703 451 740 sacra
470 680 569 739 haec'
560 692 735 753 intuentur,
754 679 840 738 effari
857 678 965 739 118888
956 679 1045 759 apud
1063 678 1154 738 alios.
1182 679 1314 740 testimo

90 808 92 810 -
157 767 242 826 nium
262 766 350 825 ctiam
368 758 455 825 vobis
475 764 699 838 exhibebimus,
733 765 850 822 secreto
867 763 943 821 illud
963 764 1085 842 quidem
1095 756 1233 837 sactum,
1266 768 1314 825 sed

137 851 240 931 ⁴quod
257 850 376 914 rebus
367 849 439 930 ipsis
458 863 558 909 tamen
577 862 607 908 ct
623 848 817 929 perspicuum
843 861 874 907 et
890 865 994 909 verum
1013 868 1078 907 esse
1097 849 1313 910 demonstrabo

74 984 87 1001 .
120 960 124 969 ’
157 933 234 995 Cum
260 936 334 994 haec
357 955 439 994 88888
462 935 573 994 tierent
598 946 629 993 88
646 931 853 994 Novemviri
843 955 876 992 ru
895 932 993 991 vicum
1012 932 1154 992 Martium
1178 933 1313 1014 legitimis

95 1070 96 1074 1
120 1041 127 1054 ‘
157 1020 265 1080 diebus
283 1020 517 1079 adscenderenta
535 1019 635 1078 statim
650 1031 771 1078 senatus
774 1011 1023 1100 Areopagiticus,
1043 1017 1144 1097 quiin
1161 1017 1313 1118 aliisquo

156 1126 216 1205 que
234 1103 434 1185 religionibus
451 1103 573 1163 tuendis
593 1104 720 1163 multum
739 1102 923 1183 reipublicae
942 1102 1153 1174 commodat,
1144 1102 1270 1182 inquirit
1284 1105 1312 1164 in

105 1256 115 1266 q,
155 1189 242 1254 istam
260 1189 434 1270 Theogenis
453 1208 596 1261 uxorem,
615 1209 760 1268 quaenam
780 1200 876 1261 esset,
900 1208 1026 1266 eamque
1045 1186 1202 1267 coarguit,
1225 1200 1256 1245 et
1270 1210 1311 1247 sa-

35 1330 39 1336 .
90 1262 109 1274 '-
155 1295 276 1333 crorum
301 1295 411 1333 curam
426 1273 570 1353 suscipit,
595 1286 627 1331 et
643 1272 851 1371 Theogenem
858 1293 913 1352 pro
932 1293 985 1331 sua
1011 1284 1162 1351 potestate
1187 1272 1312 1346 mulctat,

155 1371 272 1421 8888888
289 1371 392 1417 tama
411 1370 526 1416 etcum
545 1358 709 1421 modestia:
727 1378 784 1416 nec
802 1358 882 1416 enim
902 1369 1024 1415 essunt
1040 1357 1311 1437 praedrtraucton

154 1455 231 1516 8888,
255 1454 291 1501 ut
304 1456 490 1521 quemqnam
504 1429 742 1503 Atheniensium
760 1464 816 1522 pro
834 1463 887 1501 sua
906 1441 1033 1500 libidine
1052 1441 1191 1521 puniant
1223 1442 1311 1501 Factis

96 1574 100 1587 .
154 1540 255 1602 autem
272 1527 399 1599 verbis,
427 1539 456 1586 et
477 1538 584 1591 senatu
602 1528 733 1608 graviter
748 1527 865 1586 ferente
883 1527 1144 1608 Theogenemque
1163 1525 1312 1605 puniente,

114 1662 118 1667 .
155 1612 208 1692 qui
230 1611 320 1672 talem
343 1631 470 1670 uxorem
488 1611 624 1670 duxisset
642 1632 767 1691 eamque
786 1633 891 1671 888888
908 1632 964 1692 pro
989 1609 1146 1691 republica
1172 1631 1250 1670 sacra
1272 1613 1310 1670 sa-

154 1717 223 1756 8888
240 1695 441 1775 permisisset,
450 1695 653 1776 ,precabatur
659 1695 856 1778 Theogenes,
879 1695 1081 1783 supplicabat,
1101 1694 1309 1769 obtestabatur,

99 1810 101 1815 ·
154 1781 277 1852 dicens,
291 1780 425 1839 nescisse
443 1802 494 1853 se,
511 1780 655 1839 Neaerae
664 1801 728 1840 esse
746 1781 856 1854 filiam,
874 1783 933 1840 sed
946 1774 1106 1860 deceptum
1125 1801 1143 1838 a
1163 1779 1311 1878 Stephano

34 1859 36 1863 ’
90 1923 92 1926 ,
152 1886 209 1946 pro
228 1885 368 1947 germana
387 1865 451 1924 eius
470 1865 590 1924 duxisse
608 1866 685 1938 11118,
712 1886 748 1924 ex
766 1865 849 1956 lege.
877 1877 907 1923 et
925 1877 1051 1945 propter
1068 1864 1313 1958 imperitiamrc

14 2015 16 2023 ,
108 1942 114 2000 '-
139 1941 220 2009 ¹rum
235 1971 382 2030 suamque
400 1948 649 2030 simplieitatem
639 1962 730 2008 istum
749 1968 930 2022 assessorem
948 1950 1007 2032 811ιί
1023 1948 1216 2022 adscivisse,
1228 1961 1273 2011 88
1289 1949 1311 2006 18

62 2035 65 2050 “
153 2034 328 2116 magistratu
359 2034 550 2116 fungeretur,
577 2048 727 2114 tanquam
757 2017 973 2135 benevolum,
990 2047 1214 2133 proptereaque
1244 2055 1313 2092 eon-

152 2119 277 2192 traxisse
296 2140 364 2178 cum
383 2139 421 2179 eo
437 2119 623 2178 affinitatem.
658 2120 708 2177 Me
725 2140 815 2191 vero,
833 2118 949 2199 iuquit,
967 2140 1030 2178 non
1048 2119 1188 2219 mentiri,
1206 2139 1310 2200 magno

114 2242 117 2245 ,
153 2217 184 2264 et
201 2204 313 2263 illustri
329 2202 416 2277 vobis
433 2217 612 2286 argumento
630 2203 775 2284 probabo.
797 2163 955 2264 Mulierem
976 2203 1056 2263 enim
1076 2204 1194 2263 eiiciam
1214 2203 1312 2275 domo,
1350 2246 1354 2257 .

134 2288 296 2368 *quoniam
315 2308 378 2346 non
393 2287 584 2372 Stephani,
566 2289 618 2347 sed
635 2288 767 2347 Neaerae
786 2302 840 2348 est
848 2289 917 2348 11118.
936 2288 1029 2362 Quod
1046 2288 1102 2347 ubi
1118 2287 1231 2361 secero,
1249 2299 1312 2347 tum

21 2434 24 2447 ,
79 2390 109 2402 ’“
152 2372 252 2445 verbis
270 2371 344 2431 meis
363 2371 503 2432 adhibete
520 2348 628 2444 fidem,
646 2395 714 2432 cum
733 2371 801 2433 dico
820 2395 867 2432 me
877 2364 1063 2452 deceptum:
1086 2374 1132 2434 sin
1149 2372 1248 2448 minus
1266 2372 1311 2439 se‘-
1332 2438 1336 2444 .

81 2503 83 2507 a
126 2451 130 2457 ⁴
152 2477 240 2531 cero,
257 2469 322 2516 tum
339 2476 412 2518 vero
432 2477 480 2516 me
496 2456 638 2536 ιιι-818888
655 2467 691 2516 ut
707 2458 879 2537 improbum
899 2469 931 2517 et
947 2456 979 2514 in
998 2456 1100 2518 deos
1091 2457 1222 2539 impium.
1238 2456 1310 2514 Pol

151 2499 240 2607 licitd
262 2541 358 2623 igitur
379 2541 452 2600 haec
461 2541 639 2623 Theogenc
664 2555 695 2600 ct
719 2543 923 2642 supplicante·
947 2542 1056 2622 partim
1082 2541 1222 2601 misertus
1249 2540 1311 2598 cius

150 2639 272 2686 senatus
289 2625 520 2707 Areopagiticus
538 2635 664 2705 propter
680 2626 796 2708 ingenis
788 2626 1064 2706 'simplieitatem,
1085 2625 1195 2725 pa)⁸tim
1215 2624 1312 2697 etiam,

152 2711 234 2790 quod
254 2733 270 2770 a
287 2709 441 2790 Stephano
453 2711 621 2797 deceptum
639 2731 704 2769 esse
721 2732 833 2771 revera
842 2724 971 2791 putaret,
989 2733 1103 2770 moram
1123 2709 1310 2789 interposuit

150 2798 193 2855 Ut
215 2815 288 2853 vero
311 2815 330 2853 e
355 2795 426 2857 vico
441 2788 550 2854 Martio
569 2795 726 2856 descendit
742 2797 939 2878 Theogenes,
965 2797 1065 2855 statim
1090 2807 1120 2855 et
1145 2794 1315 2865 mulierem,¹

75 2907 76 2910 ¹
112 2908 120 2913 -
149 2878 284 2939 Neaerae
301 2878 522 2953 filiam,domo
541 2879 681 2959 expellit,
699 2891 730 2938 et
748 2880 950 2961 Stephanum,
968 2904 984 2940 a
1002 2901 1063 2960 quo
1084 2881 1230 2960 deceptus
1247 2879 1309 2937 188
1342 2885 1346 2888 ’

149 2975 212 3036 rat,
230 2963 359 3023 concilio
379 2976 487 3023 movet.
520 2963 570 3022 Sic
589 2964 789 3045 Areopagitae
806 2966 1002 3046 Theogenem
1019 2965 1147 3024 missum
1166 2966 1307 3035 fecerunt,

134 3048 239 3126 ,eique
264 3047 351 3107 irasci
376 3047 575 3121 destiterunt,
600 3048 780 3127 veniantque
805 3051 1183 3128 decepto'concesserunt.
1216 3050 1254 3107 Et
1271 3060 1307 3107 ut

102 3195 108 3208 ι
139 3131 224 3209 ¹baec
247 3152 336 3211 aune
357 3152 429 3191 vere
454 3132 513 3191 dici
531 3144 676 3205 constet,
694 3133 803 3192 horum
821 3134 908 3193 vobis
927 3142 1034 3194 testem
1051 3135 1061 3192 i
1085 3157 1153 3193 sum
1173 3133 1309 3214 Theoge-

149 3223 219 3277 neiu
237 3235 324 3291 voco,
343 3227 374 3276 et
390 3216 494 3276 testari
513 3238 627 3299 cogam.
661 3221 745 3278 Voca
764 3218 838 3278 mihi
856 3215 1053 3300 Theogenem
1063 3157 1279 3279 Trchienseus.

17 3348 126 3417 '379
358 3332 361 3340 ¹
417 3346 420 3349 ’
528 3333 975 3416 insutuonru’uss

232 3470 413 3553 Theogenes
431 3470 603 3530 Erchiensis
621 3472 765 3546 testatur,
783 3493 833 3546 se,
851 3495 918 3533 cum
936 3494 1040 3556 regem
1059 3465 1173 3557 ageret,
1193 3471 1310 3532 duxisse

107 3592 123 3625 g
148 3555 323 3614 Phanonem
342 3570 397 3635 pro
416 3555 571 3635 Stephani
579 3556 664 3615 filia:
682 3557 740 3617 ubi
759 3578 832 3617 vero
856 3580 888 3617 se
914 3560 1072 3640 deceptum
1092 3580 1158 3619 esse
1177 3558 1310 3618 animad-

148 3640 304 3713 vertisset,
321 3653 385 3699 turn
405 3640 608 3700 mulierem
582 3642 705 3700 esec-isse
722 3664 769 3702 88
774 3643 967 3724 repudiasse,
983 3657 1048 3704 tum
1066 3643 1258 3725 Stephanum
1276 3641 1322 3713 ab.

148 3745 264 3799 assessu
283 3724 446 3805 repulisse,
465 3748 522 3785 nec
539 3746 658 3806 passum
677 3726 735 3785 sihi
753 3728 867 3788 diutius
885 3728 1024 3795 assidere
1167 3786 1169 3791 s

48 3880 50 3882 1
88 3866 93 3873 ,
232 3808 327 3890 Age,
345 3830 418 3889 cape
437 3810 511 3868 mrhr
528 3811 627 3890 legem
646 3810 691 3871 his
711 3812 748 3871 de
766 3812 856 3872 rebus
874 3813 963 3873 latam
983 3825 1013 3872 ct
1031 3813 1117 3895 lege,
1145 3824 1182 3872 ut
1201 3811 1310 3884 sciatis,
1347 3845 1352 3851 ·

82 3951 84 3955 ,
147 3914 211 3953 non
230 3893 367 3953 decuisse
385 3907 519 3967 tantum,
541 3915 605 3953 eam
623 3895 779 3964 abstinero
792 3897 881 3958 sacris
901 3897 965 3972 his,
985 3919 1062 3978 quae
1080 3897 1149 3957 88118
1169 3909 1248 3959 essct
1265 3909 1312 3955 t'a·

41 4045 56 4059 ,γ
75 3987 88 4013 '³
147 3977 262 4059 liaque
266 3991 429 4058 patrasset,
446 4000 510 4039 nec
520 3978 568 4040 vel
585 3978 698 4052 videre,
715 3981 763 4040 vel
781 3982 946 4055 immolare,
963 3983 1011 4042 vel
1028 3983 1127 4043 facere
1148 3981 1324 4062 quicquam,

146 4083 201 4142 pro
220 4063 319 4143 patrio
338 4063 421 4122 urbis
439 4063 516 4123 ritu:
534 4061 587 4122 sed
606 4066 731 4125 88888818
752 4066 844 4126 etiam
858 4089 948 4127 sacris
956 4067 1147 4133 Athenarum
1167 4066 1309 4128 omuibus

32 4216 36 4221 ὴ
134 4147 176 4205 ei
204 4167 269 4207 esse
295 4147 496 4207 interdictum.⁴
532 4145 628 4207 Cum
636 4170 694 4228 qua
723 4138 803 4211 enlin
831 4151 957 4212 muliere
982 4143 1191 4233 deprehensus
1218 4151 1311 4210 suerit

66 4271 69 4275 -
145 4231 299 4305 adulter,
313 4232 342 4291 ei
360 4231 391 4290 18
409 4231 527 4292 nullum
544 4234 704 4314 templum.
703 4236 855 4315 populare
874 4237 945 4296 11888
961 4235 1099 4318 ingredi:
1136 4259 1204 4320 cum
1223 4237 1255 4295 in
1275 4256 1309 4295 ea

63 4365 64 4368 ,
106 4368 125 4381 .,
135 4323 176 4380 88
189 4316 361 4400 peregrinis
379 4315 569 4380 mulieribus
582 4331 619 4379 et
635 4319 750 4382 ancillis
760 4320 897 4413 liberum
915 4321 1029 4424 aditum
1047 4309 1245 4402 praehuerint
1263 4321 1309 4380 le-
