2722 4754
787 42 996 101 ι“,,

489 180 833 288 ιιιιιιιιιιιιιιι
915 226 941 279 s
990 192 1001 203 ·
1055 142 1235 271 ’,γιιι
1296 238 1343 265 ,.

58 347 193 438 norum,
211 289 317 400 audito
335 338 491 412 clamore,
494 333 563 399 cur'u
582 357 662 399 meas
680 337 769 398 aedes
789 283 879 419 diripl
896 337 1051 415 viderent,
1067 337 1119 400 alii
1133 359 1153 399 e
1170 339 1234 400 suis

72 424 160 484 tectis
185 425 334 484 vocabant
358 434 601 518 praetereuntes,
625 422 680 499 alii
698 421 789 481 etiam
815 421 846 480 in
864 422 998 484 aliam
968 445 1069 505 yram
1065 424 1186 508 egressi
1196 437 1235 485 et

73 511 140 568 llau
120 509 301 590 gnophilum
319 520 561 589 praetereuntem
580 506 755 587 conspicati,
773 505 927 569 iusserunt
940 508 1090 572 accedere.
1107 512 1234 611 Hapno-

71 553 174 676 philus
199 607 315 665 autem,
342 592 488 652 asamulo
507 591 723 651 Anthemiouis
748 591 926 665 arcessitus,
955 615 1007 673 qur
999 595 1100 654 mihi
1117 595 1234 656 vicinus
1309 659 1313 678 Ι

73 688 134 752 est,
161 679 299 738 accessit:
325 678 409 736 acin
432 677 520 736 aedes
544 675 700 756 quidem
690 695 844 756 ingressus
868 676 1059 761 nonest(id
1083 679 1234 740 enimab-
1258 697 1266 747 ζ
1319 696 1341 715 ”

73 777 159 824 sente
179 762 303 839 domiuo
321 761 404 820 nefas
428 759 581 843 putabat),
606 759 712 831 sed,
703 781 735 817 ιιι
753 759 966 831 Anthemionis
993 764 1117 842 praedio
1143 778 1234 839 stans,
1281 833 1287 838 ,

72 849 164 919 vidit,
183 859 213 906 et
230 846 448 926 supellectilem
468 843 585 919 ellerri,
604 856 635 904 et
650 844 804 928 Euergum
823 866 857 905 ac
875 844 1105 926 Theopbemum
1124 869 1140 907 e
1158 848 1233 912 ineis
1275 896 1279 904 ,

73 933 198 993 aedibus
217 930 328 1013 egredi
362 931 470 1010 Neque
488 950 579 1009 vero,
596 929 724 1001 ludices,
742 922 874 1010 abreptis
893 930 1035 990 duntaxat
1052 931 1129 990 vasis
1147 933 1234 1007 meis,
1318 972 1325 979 -

72 1015 230 1077 abierunt:
248 1016 301 1074 sed
319 1028 350 1074 et
367 1015 463 1073 hlium
468 1034 536 1113 'pro
554 1035 642 1074 servo
659 1013 859 1088 abduxerunt,
877 1014 991 1074 donec
987 1037 1070 1074 unus
1084 1037 1101 1076 e
1115 1015 1242 1092 picium,

29 1171 32 1175 ¹
72 1103 293 1182 Hermogenes,
311 1097 475 1159 obviam'
449 1098 615 1173 erslactus,
632 1098 730 1158 filium
748 1119 813 1158 esse
832 1119 933 1159 meum
951 1099 1034 1161 dixit.
1064 1100 1146 1201 Haec
1163 1113 1198 1161 ut
1215 1122 1232 1160 a

72 1208 119 1272 rue
138 1207 208 1247 vere
227 1185 286 1244 dici
304 1196 441 1259 constet,
451 1184 624 1245 testimonia
641 1183 729 1244 vobis
746 1179 894 1266 legentur.

368 1301 372 1309 ’
448 1333 831 1396 Ιιιιιιιιιιοιιιιι

155 1444 197 1501 Ut
213 1453 326 1502 autem
332 1460 376 1512 ea,
395 1458 471 1518 quae
489 1435 695 1511 acciderant'
685 1457 718 1495 ιιι
728 1417 886 1496 Piraeeum
904 1436 979 1497 milri
997 1457 1013 1497 a
1028 1437 1134 1499 vicinis
1153 1449 1233 1501 nun-¹

69 1526 143 1587 tiata
160 1540 241 1599 sunt,
258 1523 439 1605 proiectus
430 1545 462 1582 ιιι
478 1528 584 1606 agrum
604 1542 655 1582 eos
675 1541 737 1580 non
757 1521 959 1601 deprehendo.
978 1523 1038 1583 Sed
1056 1547 1122 1583 sum
1133 1525 1232 1611 vidis-

70 1633 144 1685 sem,
163 1610 334 1692 quicquid'
325 1631 358 1668 ιιι
374 1608 500 1667 aedibus
519 1604 724 1679 habuissem,
728 1619 933 1690 exportatum,
952 1620 983 1667 et
998 1630 1099 1683 auum,
1118 1621 1152 1669 ut
1170 1621 1234 1669 erat

69 1696 189 1769 aflecta,
208 1708 245 1754 et
255 1695 304 1753 ab
310 1713 405 1752 uxore
424 1691 584 1766 audieram,
603 1709 680 1770 quae
696 1647 773 1750 lacta
792 1697 908 1752 esseut:
928 1692 1159 1773 Theopbemum
1176 1703 1233 1775 po-

68 1782 177 1842 stridie
193 1798 282 1838 mane
300 1777 430 1837 conveni
447 1775 479 1835 iu
496 1776 590 1850 urbe,
620 1773 749 1836 testibus
767 1776 921 1851 adductis,
954 1798 1084 1858 eumque
1101 1777 1232 1861 primum

70 1865 147 1924 iussa
137 1864 306 1924 mulctam
323 1855 459 1941 recipere
481 1872 513 1921 et
536 1859 623 1940 sequi
647 1861 695 1919 ad
687 1867 850 1937 mensam,
877 1861 986 1923 deinde
1004 1884 1108 1939 curare
1126 1863 1234 1926 mulie·

68 1970 146 2021 rem,
165 1971 271 2046 quam,
272 1949 468 2018 lacerassent,
487 1959 521 2005 et
537 1945 687 2004 medicum
705 1944 909 2021 introducere,
929 1969 1032 2028 quem
1036 1949 1094 2029 ipsr
1085 1948 1232 2009 vellent.

69 2034 154 2090 Haec
172 2052 220 2091 me
239 2006 359 2091 dicente
378 2043 410 2090 et
425 2031 606 2090 testificante
631 2029 734 2090 multis
757 2030 901 2091 conviciis
925 2032 1000 2091 mihi
1024 2032 1111 2093 dictis
1129 2033 1233 2093 Theo·
1303 2046 1313 2059 “

68 2110 197 2198 phemus
216 2115 339 2194 quidem
352 2135 441 2196 aegre
457 2114 650 2194 sequebatur,
667 2115 878 2196 tergiversaris,
896 2129 927 2177 et
939 2115 1089 2190 dictitans,
1106 2138 1139 2177 se
1154 2135 1232 2196 quo·
1233 2168 1236 2179 .

70 2222 129 2280 que
148 2213 242 2259 testes
260 2200 377 2278 aliquos
396 2198 601 2258 adhibiturum
619 2197 665 2280 (id
683 2218 755 2256 vero
775 2199 893 2259 dicebat
910 2200 1001 2274 dolo,
1026 2213 1061 2260 ut
1081 2221 1165 2260 mora
1183 2202 1232 2260 iu-

69 2284 269 2365 tercederet:)
289 2284 434 2365 Euergus
452 2295 552 2342 autem
578 2282 678 2341 statim
687 2301 734 2346 ex
750 2281 827 2349 urbe
846 2304 914 2343 cum
932 2283 997 2344 aliis
1016 2283 1064 2344 stri
1081 2284 1232 2346 similibus

70 2371 102 2429 in
120 2392 224 2452 agrum
243 2388 398 2450 egressus,
424 2364 602 2446 reliquum
593 2378 844 2440 instrumentum,
862 2368 888 2426 si
906 2389 965 2448 qua
982 2368 1063 2429 sorte
1081 2369 1206 2451 pridie
1197 2391 1230 2430 ιιι

68 2455 147 2515 turri
164 2453 281 2532 relique
300 2465 331 2511 et
346 2472 410 2510 ιιοιι
427 2451 561 2532 prolata,
586 2463 746 2531 postquam
763 2472 836 2512 vero
855 2472 913 2534 ego
931 2474 1089 2527 veneram,
1106 2458 1232 2536 propter
1252 2466 1315 2522 233

69 2538 279 2599 necessitatem
299 2538 456 2617 depromta
472 2536 609 2609 fuerant,
627 2548 726 2595 amota
742 2536 847 2609 ianua,
866 2558 956 2616 quam
974 2551 1006 2599 et
1022 2537 1119 2620 pridie
1138 2539 1232 2600 cotta-

57 2625 235 2695 ·besecerat,
270 2622 346 2680 male
370 2633 485 2694 stante,
514 2620 637 2700 abrepta
663 2641 728 2680 mea
752 2618 940 2702 supellectile
966 2622 1067 2684 abiit
1057 2645 1102 2697 rs,
1133 2644 1230 2704 aquo
1287 2646 1295 2660 ·
1336 2646 1340 2667 ·

71 2727 169 2788 neque
188 2666 301 2768 iudicio
318 2706 415 2765 victus
435 2726 524 2779 eram,
543 2717 574 2764 et
592 2726 663 2764 cum
678 2725 739 2784 quo
757 2704 834 2764 nihil
851 2706 927 2766 mihi
944 2709 1118 2775 commercii
1134 2709 1232 2770 inter-

72 2805 208 2852 cesserat
243 2790 451 2850 Satisfaciente
475 2800 575 2861 autem
593 2810 642 2848 me
660 2788 877 2869 Theopbemo,
903 2812 952 2851 cut
944 2777 1134 2852 debueram
1152 2794 1232 2853 mul-

71 2891 162 2937 ctam:
188 2899 256 2934 cum
275 2875 447 2947 solvissem,
472 2874 574 2935 multis
600 2872 729 2933 testibus
746 2875 973 2954 praesentibus,
998 2874 1082 2937 mille
1108 2892 1230 2939 centum

72 2975 102 3021 et
119 2974 180 3021 tres
199 2960 368 3033 drachmas,
394 2972 425 3020 et
442 2959 519 3026 duos
545 2958 672 3031 obolos,
695 2978 839 3039 poenam,
866 2972 896 3019 et
913 2960 1052 3043 triginta,
1078 2940 1230 3063 sportulas

69 3044 152 3128 (nam
171 3058 355 3105 caeterarum
373 3043 551 3106 muletarum
569 3042 683 3102 nullam
701 3042 775 3102 mitt
793 3042 970 3125 irrogarat).
988 3047 1117 3126 acceptis
1136 3047 1230 3129 igitur

35 3196 38 3201 ⁵
69 3153 84 3190 a
109 3152 158 3190 me
183 3131 214 3188 in
240 3148 342 3188 mensa
367 3127 450 3188 mille
473 3127 616 3187 trecentis
640 3128 766 3209 triginta
787 3127 884 3188 tribus
911 3130 1075 3204 drachmis,
1109 3131 1249 3207 duobus,
1289 3170 1295 3180 ι

22 3230 25 3243 ’
69 3215 182 3287 obolas,
198 3233 336 3273 universa
354 3233 479 3284 summa,
496 3233 563 3271 cum
583 3231 641 3294 ego
658 3231 848 3293 reposcerem
865 3233 949 3287 oves,
965 3236 1112 3296 mancrpra
1131 3228 1162 3275 et
1178 3235 1230 3274 va
1263 3240 1267 3247 ¹
1316 3234 1320 3247 ·

68 3322 117 3374 sa,
138 3320 214 3378 quae
233 3298 306 3356 mihi
326 3297 492 3376 eripuerat,
517 3295 706 3356 redditurum
724 3317 756 3357 se
774 3296 912 3380 negavit,
936 3297 996 3358 nisi
1014 3299 1080 3378 quis
1100 3311 1179 3359 etse
1198 3311 1230 3360 et

57 3384 170 3446 „socios
189 3403 259 3442 suos
279 3381 363 3441 omni
381 3380 524 3453 crimine,
548 3386 641 3441 teste's
659 3380 726 3440 salsi
750 3381 919 3441 testimonii
942 3383 1062 3443 actione
1079 3383 1229 3443 liberaret

69 3471 157 3545 Quae
176 3489 244 3526 eum
262 3466 314 3525 ille
339 3464 563 3546 respondisset,
588 3465 688 3525 statim
715 3485 796 3541 eos,
811 3464 864 3544 qui
889 3465 1028 3540 aderant,
1054 3479 1146 3527 testes
1169 3467 1229 3528 leci
1265 3460 1271 3471 s

51 3551 293 3634 responsionis,
319 3563 350 3609 et
374 3549 539 3608 iudicatum
565 3549 658 3623 solvi,
683 3570 783 3629 neque
810 3550 968 3610 dilatorem
994 3565 1137 3633 oportere
1162 3572 1228 3612 esse
1257 3584 1262 3594 1

68 3659 117 3698 me
136 3637 256 3719 putavi,
279 3636 431 3716 Euergrrm
451 3654 487 3693 eo
506 3633 582 3694 die
572 3654 741 3716 mgressum
766 3633 909 3694 fuissem
926 3636 1015 3695 aedes
1032 3657 1113 3696 meas
1138 3636 1228 3719 igno-

66 3745 145 3783 rans.
174 3722 337 3781 Enimvero
357 3741 425 3778 cum
443 3717 608 3779 iudicatum
626 3718 801 3794 solvissem,
818 3718 1033 3800 Theopbemus
1051 3741 1115 3780 non
1132 3722 1226 3780 modo

68 3829 141 3867 oves
161 3820 191 3868 et
218 3804 383 3883 mancipia,
407 3804 461 3863 sed
486 3814 517 3863 et
540 3802 755 3904 supellectilia,
782 3823 858 3884 quae
882 3804 980 3886 pridie
1006 3806 1228 3888 superfuerant,

26 3940 31 3947 ,
68 3905 211 3973 occupat:
238 3888 416 3968 aclapieida
433 3888 570 3968 quidam,
594 3888 647 3969 qui
664 3888 868 3970 propinquum
885 3903 1116 3951 monumentum
1135 3910 1228 3972 expo-

66 3977 172 4048 liebat,
189 3977 290 4035 denuo
307 3973 391 4032 abire
408 3974 580 4073 Euerpum,
597 3971 743 4053 reliquo
733 3985 937 4036 anstrumento
956 3996 992 4036 ex
1009 3975 1133 4036 aedibus
1152 3974 1227 4036 meis

68 4073 244 4143 exportato,
271 4081 340 4118 cum
358 4063 420 4139 quo
439 4056 518 4120 nibal
538 4057 655 4157 negotii
672 4058 746 4131 fuit,
771 4058 898 4119 nuntiat
933 4059 1020 4135 Quae
1037 4072 1073 4118 ut
1089 4080 1137 4119 me
1155 4079 1227 4120 vere
1254 4070 1258 4080 ’

67 4147 187 4217 dicere,
215 4157 245 4202 et
263 4163 315 4204 eos
332 4141 431 4225 pridie
448 4160 513 4201 mea
530 4141 657 4225 pignora
682 4142 797 4223 cepisse
814 4155 845 4202 et
866 4162 969 4204 rursus
994 4145 1102 4205 eodem
1128 4144 1204 4204 die
1194 4165 1227 4233 ιιι

68 4230 186 4291 aedes
177 4248 330 4312 ingressos
347 4227 451 4300 fuisse,
467 4240 517 4286 tue
533 4246 607 4287 vero
624 4227 770 4308 postridie
788 4226 914 4327 solvisse
932 4227 1107 4303 iudicatum,
1125 4241 1156 4289 et
1172 4250 1232 4311 pe·-

68 4316 188 4376 cuniam
209 4313 251 4390 eis
276 4330 449 4373 numerasse
474 4322 594 4373 constet
609 4309 680 4395 (qul
702 4311 801 4390 enim,
827 4311 885 4375 nisi
904 4325 935 4375 et
957 4327 1095 4409 coactum
1119 4313 1229 4375 fuisset
