2722 4754
248 110 579 182 rovenses
613 100 1058 178 massmannum
1072 60 1304 175 4·”“·ι4,’

65 261 156 329 enim
175 254 215 328 rie
234 265 389 329 criminari
408 226 532 348 quidem
551 265 685 341 autint,
693 285 759 327 eam
776 264 944 352 accepisse.
968 287 1037 327 nam
1040 240 1153 339 tribus
1167 280 1245 346 qut-

61 352 183 416 tuorve
200 353 358 414 mensibus
376 365 461 434 post,
486 371 575 430 quam
600 372 668 411 cum
692 351 757 412 istis
782 363 998 452 transegepat,
1011 351 1095 412 obiit
1137 351 1246 435 Neque

64 459 148 501 uero
167 441 383 512 Demaretum,
407 436 547 497 relictum
565 436 656 496 nobis
674 449 823 509 tutorem,
847 438 984 518 accipere
1001 437 1139 518 potuisse
1162 437 1247 538 (nam

70 537 109 585 et
124 523 236 585 bunc
226 548 260 584 m
278 523 470 585 accusatione
484 516 691 620 posuerunt),
706 521 738 582 id
755 527 894 623 quoque·
901 522 1066 585 ostendam.
1090 524 1148 584 Ac
1153 521 1247 584 maai-

39 613 46 627 '
71 632 118 670 ιιιι
108 611 259 691 quidem
277 608 367 669 nobis
385 607 445 667 hi
435 606 493 687 ipsi
511 619 605 666 testes
623 601 974 688 sunt.n1isqnamenim
990 627 1042 669 eos
1058 607 1248 670 viventiDe-

39 706 42 717 '
74 700 193 758 maneto
219 695 365 755 movisse
359 693 459 753 litem
484 691 647 772 apparebit
691 692 752 752 Sed
769 705 888 766 ιιιιιιιι,
905 691 940 750 si
958 693 1035 771 quis
1044 694 1137 785 ipsam
1155 695 1260 755 etiam·
1305 721 1308 727 ¹

76 801 140 841 rem
159 793 278 862 spectet
296 791 327 838 et
345 777 533 878 consideret,
550 775 681 849 videbit,
699 777 786 853 illum
804 799 869 855 eam
886 797 950 836 non
970 778 1063 837 modo
1081 782 1150 837 non
1163 784 1249 841 acce-
1303 772 1319 802 ³

80 866 173 948 pisse,
191 867 246 926 sed
264 885 321 924 nec
339 863 474 945 accipere
493 853 637 942 potuisse.
662 844 739 922 Nam
758 885 844 922 cum
841 861 946 942 ipsum
964 861 1101 923 debitum
1117 864 1251 945 Bospori
1333 852 1336 859 „

82 962 174 1027 esset,
194 971 272 1031 quo
269 952 454 1010 Demaretus
473 967 629 1027 nunquam
647 947 745 1007 venit:
764 969 826 1037 quo
844 960 934 1027 pacto
961 947 1080 1030 exegit?
1104 946 1162 1020 At,
1179 949 1250 1008 her-

69 1037 163 1110 ·cule,
188 1035 291 1107 misit,
315 1032 434 1113 inquiet
451 1031 576 1111 aliquis,
601 1032 654 1112 qui
672 1033 820 1116 exigeret
850 1033 883 1093 ld
901 1052 974 1093 vero
992 1033 1033 1094 ita
1052 990 1257 1099 considerate
1320 1033 1325 1039 ’

80 1121 196 1183 Debuit
214 1121 388 1195 Hermonax
406 1129 530 1177 stateres
550 1129 688 1190 centum,
707 1141 723 1179 a
733 1117 927 1178 Nausicrate
935 1132 1083 1200 acceptos
1105 1119 1250 1179 latorum

79 1202 165 1269 tutor
190 1218 223 1266 et
248 1215 370 1264 curator
385 1200 622 1262 Αιίιιιιοιιιιιιιι
647 1201 706 1263 fuit
730 1203 872 1267 sedecim
886 1220 993 1264 annos.
1032 1202 1142 1283 Neque
1166 1208 1251 1276 vern,

39 1324 42 1329 ·
75 1312 170 1373 quam
188 1288 257 1350 istis
276 1287 385 1349 adultis
403 1286 563 1381 pecuniam
582 1306 683 1345 coram
700 1286 767 1387 ipse
785 1287 876 1348 solvit
893 1286 1079 1361 Hermonax,
1097 1309 1162 1348 earn
1180 1289 1251 1350 re'd-

48 1376 176 1449 -didit,
206 1376 278 1434 dum
296 1371 385 1454 pueri
401 1383 520 1432 essent:
547 1390 649 1471 peqpe
668 1372 749 1431 enim
767 1372 814 1433 bis
833 1373 960 1438 eandem
978 1373 1154 1435 numeravit
1197 1375 1253 1434 Est

66 1472 152 1524 uero
173 1460 334 1540 quisquam
353 1455 555 1517 mortalium
546 1468 587 1516 ιιι
606 1456 746 1558 ineptus,
770 1471 822 1532 ut,
842 1479 919 1540 quae
937 1480 977 1519 ne
985 1459 1178 1560 redderet,
1168 1478 1252 1543 ipsos
1294 1475 1300 1481 ·

63 1546 224 1608 dominos
242 1543 356 1604 tamdiu
375 1543 484 1614 elusit,
503 1562 537 1601 ea
555 1541 618 1616 illi,
636 1541 690 1624 qui
708 1543 849 1607 domiuus
868 1565 931 1617 non
950 1557 1047 1618 esset,
1065 1544 1164 1628 missis
1182 1545 1252 1604 lite·
1252 1581 1279 1610 ·,

47 1631 115 1694 ris
136 1622 224 1699 ultro
243 1628 436 1715 ιιιιιοοιιιιιι
460 1626 616 1706 Equidem
629 1648 692 1688 non
711 1627 849 1688 arbitror.
867 1624 917 1700 Ut
933 1642 1034 1696 atatem
1052 1622 1101 1692 me
1118 1651 1188 1692 vera
1206 1629 1252 1690 di-

58 1738 170 1791 cere,
201 1727 232 1775 et
255 1727 372 1812 patrem
390 1705 489 1772 statim
508 1724 580 1792 post
595 1713 834 1774 transactionem
847 1713 976 1799 obiisse,
1008 1728 1039 1776 et
1055 1715 1252 1776 Demaratum

58 1821 240 1882 nunqnam
258 1798 379 1859 abistis
398 1799 435 1857 de
455 1818 489 1856 ea
506 1796 636 1876 pecunia
653 1798 685 1857 iu
704 1799 751 1858 ins
769 1811 908 1859 vocatum
928 1820 1013 1877 esse,
1044 1820 1146 1880 neque
1165 1790 1252 1860 deni-

54 1908 140 1968 que
161 1904 316 1984 quoquam
335 1883 508 1965 navigasse,
533 1902 634 1963 neque
652 1881 724 1943 illuc
740 1884 912 1971 profectum
932 1904 997 1948 esse
1016 1897 1154 1960 constet,
1181 1906 1294 1970 cape
1277 1887 1338 1946 119

55 1974 157 2035 haec
174 1968 359 2032 testimonia
469 2043 480 2081 t
650 2032 652 2037 ,
703 2045 706 2050 y

487 2123 871 2196 ἰἰι8ι“ιιιιθιιιιι.Ι
925 2163 934 2179 ,

124 2180 304 2289 Proinde
322 2242 423 2306 neque
440 2237 562 2306 patrem
576 2238 645 2306 post
661 2204 896 2286 transactionem
913 2226 1072 2308 pecuniam
1090 2229 1256 2314 redegisse,

63 2291 186 2396 neque
205 2325 322 2414 sponte
333 2332 515 2412 quemqnam
533 2310 627 2383 fnisse
646 2308 854 2385 daturum,
828 2333 855 2370 ιι
872 2311 1003 2390 misisset
1020 2311 1093 2377 illuc
1109 2316 1255 2391 Demarc-

63 2412 151 2475 tus,
176 2420 235 2459 nec
253 2398 279 2458 si
297 2398 362 2478 ipse
380 2397 567 2479 nauigasset,
592 2408 644 2456 aut
661 2396 734 2457 illuc
752 2398 955 2498 pervenisset,
980 2396 1066 2457 vobis
1086 2409 1117 2458 et
1134 2411 1255 2479 tempo·
1316 2414 1325 2425 ‘

68 2485 181 2548 uibus
191 2496 222 2545 et
238 2482 367 2543 testibus
387 2494 433 2541 est
451 2481 641 2541 declaratum
684 2480 788 2560 Atque
811 2477 916 2542 adeo
906 2504 938 2543 m
956 2481 1132 2544 universum
1151 2489 1255 2562 osten-

78 2571 195 2644 dam,
196 2580 250 2629 eos
274 2578 373 2628 totam
395 2586 460 2626 rem
485 2565 639 2625 ementiri.
668 2565 752 2625 lsti
742 2586 773 2625 m
795 2586 876 2640 eam,
904 2589 962 2647 qua
986 2585 1043 2626 nos
1067 2563 1161 2628 modo
1185 2586 1255 2629 reos
1305 2562 1311 2571 ⁴
1344 2603 1352 2615 x

86 2664 191 2738 agunt,
208 2643 431 2721 accusationem
449 2651 683 2731 inscripserunt,
703 2649 815 2711 debere
832 2672 889 2712 nos
907 2652 1076 2733 pecuniam,
1095 2675 1184 2732 qnam
1202 2673 1256 2734 pa·
1322 2697 1325 2701 ·

88 2753 137 2802 ter
157 2738 325 2820 receperit,
350 2758 424 2797 cum
443 2736 473 2796 id
498 2756 548 2796 aes
565 2734 725 2795 alienum
716 2756 748 2795 m
764 2736 886 2795 tu'telae
902 2734 1087 2813 rationibus,
1112 2750 1149 2817 ιιι
1171 2739 1255 2818 qnod

89 2824 254 2936 deberetur
267 2822 385 2895 adhuc,
403 2821 585 2881 tradidisset.
618 2825 717 2921 Ipsam
734 2821 957 2912 accusationem
977 2843 1049 2927 cape
1068 2826 1099 2883 et
1115 2822 1228 2886 recita.-

510 2972 834 3028 accusen'lo.

57 3148 79 3155 ·
172 3077 339 3161 Auditis,
330 3099 363 3136 ιιι
379 3075 571 3137 accusatione
590 3073 736 3156 scriptum
753 3055 835 3159 esse,
852 3098 921 3138 cum
939 3074 1026 3138 mibi
1030 3026 1294 3155 Aristaecbmns

91 3166 122 3227 id
143 3184 193 3226 aes
217 3162 382 3224 alienum
373 3183 405 3222 m
430 3161 543 3222 tutelae
560 3154 736 3221 rationibus
758 3154 953 3224 tradidisset?
978 3162 1021 3223 At
1047 3184 1115 3224 cum
1131 3170 1261 3264 ‘patrem

93 3251 207 3313 tutelae
221 3269 308 3308 reum
325 3246 476 3320 facerent,
491 3234 541 3305 bis
560 3244 710 3306 contraria
728 3245 930 3327 scripserunt.
948 3248 1088 3331 apparet
1090 3249 1186 3322 enim,
1206 3269 1259 3323 eos

95 3336 129 3397 ei
138 3347 169 3395 et
187 3334 265 3407 boc,
290 3343 326 3391 ut
343 3326 479 3390 nondum
498 3330 599 3391 relatis
617 3330 804 3406 rationibus,
831 3331 1007 3393 obiectasse.
1040 3325 1173 3411 Recita
1163 3344 1259 3414 ipsaln

94 3414 260 3531 actionem,
279 3428 451 3498 quamtum
469 3413 564 3498 patri
559 3417 771 3479 intenderunt

518 3567 836 3612 Accusanlo.

83 3698 86 3702 ·
175 3670 274 3748 Qua'
263 3670 360 3756 igitur
376 3670 495 3732 ratione
512 3669 673 3732 tradidisse
692 3684 762 3732 eum
787 3689 869 3733 nunc
887 3669 974 3752 queri
991 3634 1138 3774 potestis,
1155 3652 1260 3775 Xeno·
1320 3692 1336 3699 ·’

93 3758 176 3841 pitbe
202 3771 234 3819 et
251 3755 473 3817 Nausimache?
497 3756 576 3816 Tum
595 3757 694 3830 enim,
719 3757 831 3837 utqui
855 3777 919 3818 non
936 3751 1168 3859 tradidisset,
1159 3783 1191 3820 ιιι
1215 3759 1262 3826 ius

93 3841 245 3905 vocabatis
279 3855 310 3903 et
327 3842 487 3924 pecuniam
512 3840 724 3941 postulabatis:
748 3864 847 3914 nunc,
871 3843 957 3922 quasi
975 3844 1150 3918 tradiderit,
1174 3857 1273 3909 ac‘cu·.

94 3929 170 3990 satis.
195 3927 316 4003 Quodsi
333 3935 494 4007 utramque
512 3926 544 3986 in
562 3940 677 4009 partem
694 3926 782 3988 vobis
790 3922 977 3987 calumniari
995 3927 1132 4005 licebit,
1120 3943 1162 3990 et
1181 3952 1263 3990 nunc
1293 3949 1320 3995 ’,

93 4034 168 4096 prop
170 4027 218 4075 ter
242 4012 402 4094 pecuniam
427 4030 490 4072 non
512 4012 654 4072 traditam
678 4008 839 4113 certabitis,
866 4035 948 4073 nunc
971 4027 1099 4096 propter
1122 4015 1264 4077 traditam

94 4098 288 4161 accusabitis:
313 4094 389 4159 nibil
407 4096 597 4178 prohibebit,
615 4119 677 4177 qpo
696 4098 796 4161 minus
816 4111 847 4159 et
863 4096 988 4158 tertium
1007 4099 1160 4182 quippiam
1179 4114 1265 4203 ppst-
1337 4114 1349 4126 “

94 4182 148 4260 bac
168 4182 366 4268 excogitetis,
385 4183 422 4243 de
442 4203 504 4262 quo
522 4182 632 4243 iterum
651 4181 801 4244 actionem
820 4179 991 4245 instituatis.
1013 4184 1087 4247 Sed
1106 4187 1217 4270 leges
1208 4186 1265 4246 1s'ta

94 4283 207 4359 vetant,
226 4282 257 4329 et
276 4271 369 4330 semel
387 4269 496 4329 iisdem
514 4268 551 4328 de
569 4267 661 4329 rebus
680 4292 749 4329 cum
767 4269 875 4332 eodem
894 4270 943 4352 agi
961 4266 1077 4331 iubent
1104 4274 1146 4332 Ut
1164 4285 1266 4333 autem

1012 4367 1157 4432 30·
