2722 4754
317 119 585 223 xpvnnsos
628 82 1130 244 zn'rtornnsunnqr.',¹
1179 115 1314 198 ,ιιιι

42 304 388 435 ,externo
431 298 1258 451 xuvxns‘nsgaanornnurnnn.
1312 390 1315 395 ·

449 618 1117 778 annun-Enrun.‘'xll

91 777 261 891 Mutunus
280 831 296 869 a
315 811 455 870 Demone
473 808 614 888 quodam,
632 807 848 869 Demosthenis
866 812 1007 891 cognato,
1025 774 1182 874 mereator
1191 782 1259 894 qui
1301 853 1305 857 «

58 954 61 958 .
99 896 167 965 dam,
185 914 315 953 nomme
325 895 448 966 Protus,
466 893 636 974 pecuniam,
653 915 687 953 ea
703 894 888 955 frumentum
907 894 981 959 emit
992 895 1158 978 Syracusis,
1176 900 1259 978 quod

98 978 228 1043 Athenas
247 980 329 1039 nexit
346 979 378 1039 in
398 978 475 1050 navi,
494 979 579 1038 cuius
598 979 740 1039 dominus
758 978 815 1039 suit
833 979 1038 1063 Hegestratus.
1060 983 1258 1065 Hegestratus

96 1075 191 1137 antem
205 1076 241 1124 et
250 1063 458 1135 Zenothemis,
475 1065 617 1122 adversus
632 1085 723 1144 quem
736 1064 809 1124 haec
825 1065 975 1146 exceptio
967 1066 1128 1141 scribitur,
1146 1088 1258 1151 genere

93 1139 327 1222 Massilienses,
341 1148 496 1232 Syracusis
514 1148 573 1207 tale
599 1148 714 1207 lacinus
733 1149 831 1208 moliti
844 1164 937 1224 sunt,
963 1165 998 1212 ut
1016 1151 1128 1212 Orator
1145 1152 1259 1213 asserit.

49 1301 52 1304 ,
89 1232 222 1293 Mutuati
241 1244 315 1293 sunt
331 1233 500 1313 pecuniam,
518 1252 606 1312 quam
620 1233 688 1292 navi
703 1233 923 1313 imposuerunt,
941 1237 994 1297 sed
1010 1237 1085 1296 elam
1098 1237 1258 1297 Massiliam
1330 1283 1334 1286 ⁴

87 1319 249 1391 miserunt,
269 1339 306 1379 eo
325 1317 463 1389 consilio,
481 1330 515 1375 ut
528 1317 691 1376 creditores
712 1317 930 1379 defraudarent.
949 1317 1025 1380 Cum
1045 1323 1169 1383 enimin
1184 1344 1258 1381 con·
1279 1353 1281 1359 ·

86 1414 186 1464 tractu
204 1402 359 1482 scriptum
372 1414 467 1474 esset,
485 1424 510 1460 s1
502 1401 601 1481 quid
613 1423 688 1466 navt
679 1402 879 1500 accidisset,
898 1424 961 1462 non
978 1409 1173 1486 repetendam
1193 1428 1258 1467 esse

83 1488 125 1548 ab
144 1488 193 1548 his
200 1486 387 1587 pecuniam:
412 1486 449 1544 de
468 1486 689 1567 submergenda
708 1486 777 1554 navi
797 1487 1009 1550 deliberarunt
1044 1491 1172 1552 Noctu
1163 1492 1258 1578 igitur

80 1572 119 1632 in
138 1571 332 1656 narigatIone
359 1558 515 1630 descendit
531 1572 728 1653 Hegestratus
755 1583 786 1631 et
803 1572 914 1655 navigii
938 1574 1169 1651 fundamentum
1187 1596 1256 1658 per-

80 1656 177 1717 forat
207 1657 434 1737 Deprehensus,
453 1667 492 1728 et,
512 1657 582 1716 dum
601 1669 737 1716 vectores
755 1656 878 1738 fugits
869 1680 901 1717 m
920 1680 1001 1719 mare
1020 1662 1177 1761 delapsus,
1194 1675 1272 1720 sta-

82 1742 148 1804 tim
166 1742 250 1824 perit
286 1740 497 1812 Zenothemis
516 1741 629 1812 socius,
647 1754 681 1800 ut
700 1753 808 1801 orator
821 1741 872 1814 art
890 1743 1140 1826 Hegestrati,v1x
1158 1745 1254 1805 Athe·
1281 1743 1322 1802 46

40 1824 50 1834 ’
82 1849 145 1888 nas
140 1827 304 1909 perducta
323 1845 396 1884 nave
415 1784 578 1898 incolumi,
597 1826 832 1886 controuersiam
852 1786 890 1885 de
907 1827 1061 1890 frumento
1080 1842 1191 1904 movet,
1209 1830 1254 1889 ai-

80 1914 223 1985 firmans,
238 1911 424 1971 frumentum
442 1910 615 1992 Hegestrati
633 1932 713 1984 esse,
732 1911 818 1970 illum
832 1931 908 1969 vero
928 1934 943 1970 a
962 1935 994 1972 se
1012 1916 1170 1994 pecuniam
1189 1935 1267 1974 esse·

81 2008 267 2057 mutuatum.
311 1992 388 2053 Cum
406 2015 478 2053 vero
498 2008 626 2074 uterque
652 2016 719 2054 cum
740 2015 775 2054 eo
804 1986 1020 2070 contenderet,
1047 2003 1078 2057 et
1096 2000 1205 2058 Protus
1225 2011 1256 2058 et

78 2083 227 2142 Demon:
233 2080 365 2165 utrique
384 2079 591 2138 mercatoriam
603 2079 691 2138 diem
710 2079 792 2138 dixit
811 2075 957 2158 Cumque
968 2082 1078 2141 Protus
1097 2081 1254 2142 absentem
1330 2110 1332 2114 ·

63 2166 261 2227 damnasset
277 2152 447 2237 volentem,
464 2175 500 2222 ut
518 2163 559 2223 ait
574 2164 814 2237 Demosthenes
834 2175 864 2222 et
882 2185 949 2223 cum
968 2166 1137 2226 adversario
1157 2166 1255 2226 collu-

82 2251 228 2311 dentem.
247 2249 336 2308 etiam
349 2250 519 2308 Demonem
535 2250 669 2311 secundo
684 2248 779 2308 loco
770 2270 801 2307 ιιι
816 2242 961 2308 mdiorum
976 2250 1109 2310 adducit.
1128 2254 1162 2310 Is
1169 2271 1253 2325 vero,
1328 2320 1331 2325 ἱ

80 2335 268 2416 exceptione
292 2347 398 2407 utens,
417 2333 445 2392 ei
462 2333 613 2393 actionem
627 2333 795 2395 ,convenire
814 2345 920 2415 negat,
947 2333 1014 2416 lege
1033 2335 1150 2410 nitens,
1175 2357 1252 2416 quae
1338 2407 1342 2413 ,

80 2419 305 2481 mercatoribus
323 2418 474 2478 actionem
493 2419 545 2478 det
562 2419 599 2478 de
618 2417 838 2490 contractibus,
864 2417 916 2496 qui
932 2419 981 2477 vel
1000 2418 1135 2482 Athenas
1154 2416 1252 2480 aliunss
1287 2441 1291 2447 ·

82 2506 136 2578 de,
153 2504 207 2566 vel‘
220 2503 350 2564 Athenis
366 2502 427 2561 alio
446 2503 631 2574 referanturs
650 2503 862 2563 Zenothemidi
876 2522 948 2561 vero
968 2524 1069 2564 secum
1089 2505 1252 2586 quiequam

81 2599 160 2651 esse
173 2589 344 2650 commercii
363 2600 460 2669 negat.
477 2587 523 2648 Ac
535 2588 580 2648 de'
588 2589 766 2669 exceptione
784 2587 907 2687 quidem
926 2588 1042 2670 agitur:
1061 2590 1158 2649 oratio
1177 2609 1250 2649 vero
1299 2608 1301 2611 ’
1329 2583 1340 2603 '⁸

83 2676 132 2736 ita
149 2674 285 2734 instituta
304 2684 366 2746 est,
392 2685 534 2752 tanquam
561 2673 765 2742 controversia
788 2684 869 2732 recta
888 2672 920 2730 in
937 2673 1038 2731 forum
1056 2675 1184 2733 deducta
1204 2675 1250 2732 sit.

83 2759 260 2860 Explicatur
278 2758 358 2819 enim
377 2757 409 2815 in
428 2779 471 2834 ea,
489 2758 716 2818 Zenothemidis
731 2777 794 2816 non
809 2777 875 2816 esse
888 2757 1083 2831 frumentum,
1102 2758 1155 2818 sed
1173 2759 1249 2821 Pro·

35 2856 37 2862 ’
81 2845 121 2917 ιί,
142 2834 352 2904 cuiDemon
335 2842 493 2923 pecuniam
512 2843 681 2902 crediderit.
698 2843 767 2902 Non
783 2842 862 2901 enim
876 2841 1052 2902 viderimult
1069 2842 1136 2904 solo
1155 2843 1259 2903 serbo:
1302 2869 1308 2882 ι
1330 2850 1335 2860 ’

81 2928 162 3011 legis
174 2928 240 3002 niti,
258 2941 401 3008 tanquam
420 2927 564 3006 aequitati
583 2947 688 2988 causae
707 2927 864 2988 diffidens:
883 2927 934 2984 sed
950 2928 1095 2999 ostendit,
1113 2949 1145 2988 se
1159 2928 1248 2987 etiam
1310 2939 1312 2943 ’

81 3027 202 3073 rectum
220 3013 366 3072 iudicium
385 3032 446 3071 non
465 3014 688 3093 pertimescere,
706 3013 759 3071 sed
775 3033 810 3071 ex
823 3031 1044 3090 supervacaneo
1061 3013 1249 3095 exceptione,

83 3119 175 3177 quam
192 3098 241 3158 lex
258 3097 410 3179 largiatur,
428 3096 495 3183 uti,
529 3108 530 3111 ’
605 3160 609 3167 ,

81 3379 311 3489 Posteaquam,
329 3410 464 3509 ludices,
488 3411 665 3489 exceptione
684 3429 751 3469 sum
768 3406 840 3466 usus
859 3406 906 3466 de'
915 3427 978 3467 non
996 3408 1094 3469 danda
1111 3408 1248 3471 adversa-

81 3496 131 3556 rio
149 3495 286 3556 actione·
315 3494 397 3577 leges
416 3495 545 3575 primum
565 3492 738 3592 explicabo,
763 3491 929 3560 secundum
948 3514 1021 3571 quas
1033 3493 1248 3574 exceptionem

82 3580 223 3667 opposui.
258 3582 354 3662 Leges
372 3578 496 3652 iubent,
519 3579 654 3650 ludices,
676 3577 811 3636 actiones
830 3575 894 3636 dari
912 3576 1100 3638 naviculariis
1120 3593 1150 3639 et
1167 3601 1247 3641 mer-

35 3718 41 3729 ,
82 3659 264 3726 catonibus
255 3687 287 3724 ιιι
305 3663 341 3722 iis
361 3663 582 3735 contractibus,
600 3684 654 3742 qux
644 3662 717 3723 vel
735 3660 870 3739 Athenas
889 3661 1026 3736 aliunde,
1050 3663 1098 3723 vel
1115 3663 1246 3725 Athenis
1263 3680 1266 3685 ’

80 3741 141 3810 alio
154 3749 341 3822 reserantur,
360 3748 523 3828 dequibus
542 3755 661 3808 exstent
676 3746 810 3808 tabulae:
829 3745 939 3825 quodsi
955 3747 1021 3826 quis
1038 3761 1180 3827 praeter
1172 3749 1247 3809 haec

79 3834 165 3894 litem
185 3834 339 3905 intendat,
363 3851 426 3893 nou
445 3830 617 3893 dandam
590 3852 619 3891 er
637 3831 701 3891 esse
719 3829 877 3891 actionem
911 3832 1124 3892 Zenothemidi
1145 3846 1245 3895 autem

79 3919 155 3980 nihil
174 3919 271 3980 fuisse
289 3938 408 4005 mecum
426 3918 552 3999 negotii,
570 3916 666 3975 nullas
671 3915 824 3996 literas,
815 3935 879 3996 rpse
898 3917 987 3976 etiam
1005 3918 1037 3989 in
1054 3917 1245 3979 accusatione
1282 3935 1285 3939 ’
1331 3958 1335 3980 ι

79 4005 264 4066 confitetur:
295 4004 348 4062 sed
369 4022 401 4062 se
420 4001 602 4063 naviculario
622 4001 802 4082 Hegestrato
821 4011 991 4076 mutuasse,
1017 4022 1073 4063 nos
1091 4015 1162 4083 post
1179 4002 1261 4063 eius·
1305 3996 1308 4001 ’
1329 4041 1331 4044 >

56 4090 108 4183 in
124 4091 240 4172 pelago
259 4087 416 4147 interitum
434 4109 488 4167 pro
506 4100 628 4150 vectura
646 4107 709 4146 non
727 4084 852 4146 solvisse
870 4084 951 4145 dicit
994 4087 1076 4147 Haec
1093 4088 1245 4149 accusatio

76 4188 128 4237 cst
166 4179 235 4234 Vos
255 4185 356 4232 autem
374 4193 409 4231 ex
428 4173 546 4253 eadem
551 4171 688 4232 oratione
706 4183 772 4229 tum
789 4165 940 4230 actionem
960 4170 987 4228 ei
1004 4191 1067 4233 non
1087 4192 1151 4233 esse
1170 4173 1244 4233 dan-

74 4261 141 4322 dam
161 4256 365 4351 intelligetis,
400 4248 465 4318 tum
482 4256 636 4318 universas
641 4254 740 4317 istius
759 4253 890 4315 hominis
908 4255 1032 4353 insidias
1050 4269 1082 4317 et
1098 4257 1244 4339 improbi-
