2722 4754
155 206 215 283 aas
374 210 801 279 rennuernems
838 198 1087 313 omentox
1163 191 1201 283 's
1254 188 1323 316 ᾗ

102 340 116 356 Ι
155 370 514 452 hamentersuspectum.
557 370 641 444 Quid
659 369 721 430 ais?
748 370 798 432 hd
815 384 863 432 tot
882 384 913 432 et
928 356 1018 451 iente!
1030 369 1128 444 bo'na,
1145 381 1225 450 quae
1243 388 1327 427 nun-

61 485 72 501 f
137 438 248 535 ¹tiasti,
264 478 328 518 non
346 456 421 528 abis,
440 477 496 516 nee
514 455 667 541 legatione
685 456 842 539 fungeris?
862 456 920 515 Sed
940 456 1123 516 manendum
1143 466 1213 515 erat,
1241 453 1327 528 Quid

151 543 369 608 nst-ttorbon
387 541 516 602 simulat
534 542 639 601 Frater
657 541 736 614 eius,
750 544 880 601 adducto
893 541 1041 618 Execesto
1052 541 1196 614 medico,
1205 538 1327 597 curiam

155 632 312 714 ingressus
327 648 427 688 eoram
447 618 561 688 senitu'
572 627 667 699 ibrat,
686 621 843 710 aegrotare
861 627 951 686 istum
962 650 978 685 ε·
994 627 1059 686 eins
1077 627 1143 688 viee
1161 625 1227 706 ipse
1248 624 1326 683 delia

68 720 86 738 “’
155 718 244 801 gitur.
279 714 323 775 Ut
338 724 439 774 autem
457 713 611 794 perierant-
626 711 956 791 Phocensesquinque
973 711 1080 772 diebus
1103 725 1225 772 autsex
1239 723 1327 790 post,

156 816 186 862 et
204 822 238 861 ea
256 800 368 860 locatio
386 798 424 858 ab
443 798 502 859 isto
521 798 659 857 conlecta
678 797 759 871 erat,
791 797 881 875 quasi
896 797 1138 876 aliudquiddam
1158 795 1325 855 conduxis-

155 901 217 962 set,
243 884 404 969 Dercyllus
424 880 567 943 Chalcide
591 903 729 942 reversus
754 881 841 941 vobis
867 882 1046 942 concionem
1071 881 1325 941 ineiraeeoxha.

156 964 306 1039 bentibus
316 969 461 1043 nuntiat,
475 968 652 1029 Phocenses
671 967 813 1046 periisse:
845 989 905 1046 quo
925 989 996 1042 ros,
1021 968 1245 1040 Athenienses,
1271 988 1324 1026 au-

154 1058 219 1118 dito
239 1054 408 1129 etillornm
426 1055 524 1114 tieem
542 1052 702 1125 dolebatis,
725 1065 759 1115 nt
777 1064 831 1133 par
849 1066 928 1126 erat,
948 1067 978 1113 et
996 1053 1053 1134 ipsi
1070 1051 1227 1133 perterriti
1245 1051 1324 1112 libe-

83 1134 89 1147 ’
152 1164 204 1203 ros
223 1155 254 1202 et
268 1160 379 1200 uxores
398 1159 434 1198 ex
452 1138 531 1220 agris
548 1139 578 1197 in
596 1136 703 1196 urbem
721 1139 1193 1212 transferendos‘decernebatis,
1223 1150 1322 1223 etca-

49 1288 55 1294 ,
152 1227 238 1289 stelle
256 1225 519 1296 instauranda,·et
535 1223 695 1283 Piraeeum
713 1224 931 1299 muniendum,
951 1237 981 1283 et
999 1223 1170 1283 Herculana
1188 1243 1273 1283 sacra
1290 1223 1324 1281 in

57 1333 66 1340 ·
122 1310 396 1374 *urbesacienda
439 1304 516 1368 Cum
535 1308 609 1371 haee
627 1309 754 1382 fierent,
780 1321 810 1369 et
834 1321 916 1370 tanta
942 1309 1130 1390 perturbatio
1155 1320 1323 1388 tantusque

137 1398 301 1459 ¹tumultus
318 1393 425 1454 urbem
443 1394 617 1455 invasisset:
642 1404 708 1453 tum·
725 1395 783 1461 iste
801 1395 846 1452 vir
865 1395 1017 1477 eloquens·
1031 1408 1061 1454 et
1079 1395 1198 1475 sapiens
1219 1407 1250 1477 et
1267 1414 1322 1454 vo-

59 1480 68 1489 ’
104 1485 119 1509 ”
152 1484 234 1554 calis,
252 1501 309 1540 nec
327 1502 343 1539 a
360 1491 543 1539 senatu‘nee
558 1501 576 1541 a
594 1480 716 1560 populo.
730 1480 874 1552 delectus,
894 1479 1010 1561 legatus
1030 1480 1093 1541 abit
1109 1481 1147 1538 ad
1167 1500 1250 1552 eum,
1268 1480 1322 1558 qui

152 1568 203 1627 illa
220 1564 525 1647 perpetrarat„nulla
543 1564 645 1624 habita
663 1565 782 1624 ratione
800 1565 848 1625 vel
867 1564 976 1638 morbi,
996 1586 1057 1644 quo
1076 1564 1220 1624 simulato
1238 1563 1322 1647 lega-

90 1682 101 1690 ·
151 1642 268 1712 tionem
293 1650 410 1733 dudum
433 1649 582 1724 eiuraret,
609 1668 665 1709 nec
684 1650 765 1728 quod
792 1651 868 1708 alius
887 1649 981 1730 ipsius
1006 1651 1076 1709 loco
1102 1650 1222 1731 legatus
1248 1662 1324 1723 erat,

151 1744 207 1796 nec
227 1736 316 1814 quod
328 1736 395 1817 lege
413 1735 636 1795 talia·facinora
654 1734 751 1814 capite
776 1736 889 1794 sancita
912 1744 1001 1806 sunt,
1034 1755 1091 1794 nee
1110 1735 1193 1814 quod
1211 1734 1322 1807 abeur-

77 1878 79 1885 .
151 1822 308 1883 dissimum
327 1806 432 1894 esset,
446 1833 607 1900 postquam·
624 1819 826 1893 renuntiarat,
845 1840 876 1879 se
896 1842 912 1878 a
929 1819 1083 1878 Thebanis
1102 1840 1168 1880 esse
1187 1821 1322 1900 proscri-

96 1953 99 1961 .
150 1921 257 1990 ptum,
280 1926 349 1966 cum
366 1905 390 1964 ii
402 1897 527 1986 ¹praeter
551 1905 698 1964 Boeotiae
725 1904 820 1963 totius
848 1905 1008 1985 imperium
1036 1905 1124 1969 etiam
1151 1901 1323 1966 Phocensis

150 1992 285 2076 regionis
303 1990 394 2071 potiti
413 1982 524 2064 essent,
539 2003 606 2049 tum
625 1988 656 2048 in
674 1989 788 2051 medias
802 1989 921 2054 Thebas
941 2004 971 2050 et
985 1987 1206 2050 Thebanorum
1226 2004 1323 2052 castra

150 2080 268 2138 vadere.
310 2079 426 2136 Verum
451 2075 492 2135 ita
518 2088 581 2134 erat
599 2086 731 2133 extrase
749 2086 869 2154 raptus,
897 2076 938 2134 ita
956 2075 1093 2137 totus¹in
1109 2078 1272 2156 quaestum
1291 2089 1328 2136 et

145 2163 342 2246 'largitionem
361 2161 529 2234 immersus,
547 2172 592 2234 ut,
609 2159 736 2219 sublatis
755 2166 785 2218 et
802 2160 952 2241 despectis
971 2162 1096 2221 caeteris
1108 2162 1204 2221 rebus
1220 2163 1326 2223 omni-

150 2248 219 2322 bus,
235 2246 338 2307 abiret
383 2247 537 2321 Quaeres
554 2267 623 2304 eum
640 2245 707 2303 talis
727 2245 784 2318 sit,
802 2246 900 2306 multo
920 2246 1009 2305 etiam
1027 2248 1164 2328 graviora
1184 2260 1259 2308 snnt
1278 2269 1328 2322 ea,

98 2377 106 2387 ..
150 2336 247 2413 quae,
264 2326 426 2414 postquam
444 2331 517 2390 illuc
534 2331 639 2401 venit,
663 2330 855 2411 perpetravit,
873 2338 876 2343 '
899 2328 976 2390 Cum
996 2332 1076 2391 enim
1094 2355 1166 2404 vos,
1194 2333 1251 2413 qui
1269 2334 1328 2393 ad-

63 2428 68 2436 ‘
129 2418 221 2485 ‘estis
241 2437 363 2490 omnes,
388 2415 548 2476 et'eaeteri
565 2415 769 2495 Athenienses
785 2429 847 2476 tam
871 2416 981 2498 misere
1007 2414 1038 2477 et
1062 2419 1231 2479 crudeliter
1253 2440 1324 2480 cum

93 2492 97 2507 ’
148 2502 265 2562 miseris
281 2501 333 2584 agi
351 2501 559 2561 Phocensibus
578 2502 740 2575 duceretis,
761 2514 914 2581 utreque
933 2503 1101 2562 senatorios
1121 2517 1324 2584 spectatores,

59 2656 63 2663 ,
147 2608 248 2668 neque
267 2586 407 2647 Sexriros
427 2588 463 2645 ad
482 2585 590 2670 Pythia
602 2587 785 2662 mitteretis,
815 2588 1019 2668 sed-patrium
1038 2589 1249 2668 spectaculum
1266 2593 1317 2669 de-

143 2673 302 2733 sereretis:
320 2673 378 2732 iste
392 2673 430 2732 ad
443 2671 639 2752 triumphales
653 2673 766 2752 epulas,
785 2672 918 2754 negotiis
930 2687 960 2733 et
974 2673 1055 2733 bello
1071 2675 1228 2748 confecto,
1246 2698 1317 2756 quas

79 2764 81 2767 ’
146 2755 284 2819 Rebani
303 2770 335 2817 et
351 2757 509 2838 Philippus
528 2756 727 2817 inhonorem
746 2759 874 2817 deorum
891 2758 1112 2833 instruxerant,
1131 2761 1273 2836 accessit,
1288 2777 1328 2845 ⁸¹,

61 2848 123 2908 242
141 2864 215 2904 'eum
233 2843 441 2916 libationum,
465 2848 531 2902 tum
549 2856 692 2902 votorum
709 2842 952 2924 fuit-particeps,
987 2866 1065 2925 quae
1084 2846 1136 2905 ille
1156 2845 1200 2906 ob
1215 2848 1314 2909 socios

52 2987 62 3002 ,
145 2951 212 2988 rum
236 2920 417 2999 nostrdrum·
439 2928 560 2988 moenia
584 2940 615 2987 et
638 2949 728 3010 agros
751 2931 784 2988 e't
807 2930 1031 3010 arma'perdita
1053 2931 1261 3012 nuncupabat,
1277 2946 1316 2996 et

141 3034 205 3074 una
224 3013 501 3096 coronas-gestavit
517 3014 680 3073 etPoeana
699 3014 857 3076 concinuit
873 3022 942 3075 eum
954 3015 1120 3097 Philippo,
1139 3030 1170 3077 et
1187 3017 1315 3079 familia-

60 3119 69 3129 *
139 3099 219 3158 niter
240 3099 431 3180 propinavit!
462 3098 570 3178 Neque
586 3102 647 3181 ego
666 3099 739 3159 haec
757 3100 817 3174 sic',
843 3100 903 3160 iste
927 3101 1015 3161 aliter
1038 3125 1160 3164 narrare
1186 3106 1316 3184 poterit:

143 3185 197 3243 sed
224 3184 355 3245 eiuratio
378 3185 459 3244 inter
481 3183 722 3264 publiea-vestra
742 3186 929 3246 monimenta
954 3186 986 3245 in
1009 3188 1176 3264 tabulario,
1202 3190 1314 3269 quibus

140 3269 283 3330 minister
303 3269 443 3350 publicus
468 3268 587 3349 praeest
595 3300 611 3342 ,·
630 3273 816 3346 asservatur,
838 3284 873 3332 et
891 3273 1057 3335 decretum⁴
1071 3276 1169 3357 palam
1195 3274 1244 3354 de'
1259 3275 1316 3336 ista

143 3376 176 3414 re
196 3368 243 3416 est
260 3355 412 3436 scriptum.
456 3355 543 3428 Quae
556 3367 668 3415 ¹autem
679 3392 682 3397 ·
693 3357 739 3417 ibi
761 3359 965 3441 perpetrarit,
987 3361 1129 3442 collegati
1148 3362 1215 3420 eius
1233 3374 1264 3419 et
1282 3360 1315 3434 ii,

143 3439 399 3521 qui'adJluerunt,
425 3439 634 3501 testimonium
659 3443 692 3504 in
710 3450 779 3502 eum
798 3444 918 3504 dicent:
945 3446 999 3523 qui
1023 3445 1115 3505 iidem
1140 3445 1214 3505 haec
1231 3445 1329 3530 ,ιηίὴῇ

143 3525 320 3585 retulerunt.
350 3525 458 3606 Neque
478 3526 558 3599 enim
572 3548 639 3610 ego·
653 3549 715 3588 una
732 3527 765 3586 in
783 3526 936 3610 legatione
954 3522 1087 3604 sui,'sed
1105 3551 1171 3591 eam
1191 3530 1315 3610 eiurari.

111 3617 115 3625 ’
141 3609 227 3692 Age,
243 3611 337 3673 recita
355 3611 430 3671 mihi
445 3613 604 3673 decretum
623 3625 655 3674 et
671 3614 791 3687 literas,
810 3626 840 3673 et
857 3627 949 3675 testes
969 3635 1094 3676 arcesse.
1136 3654 1138 3659 >

58 3874 81 3903 ·‹
141 3808 153 3890 f
279 3824 295 3869 ='
337 3896 340 3901 ,
385 3804 624 3883 Mesenen.
668 3822 860 3901 utranam
902 3836 1061 3880 russas,

159 3998 163 4005 .
225 3952 312 4026 Quae
329 3949 424 4032 igitur
440 3966 509 4013 vota
527 3954 639 4034 putatis
658 3977 849 4037 nuncupasse
867 3957 923 4016 diis
940 3957 1126 4038 Philippum,
1145 3957 1314 4025 cumliba-

139 4041 200 4110 ret',
218 4048 271 4095 aut
288 4034 471 4099 Thebanos?
491 4037 606 4099 Nonne
623 4053 659 4100 ut
676 4040 708 4100 in
727 4041 808 4102 bello
827 4042 887 4102 rim
906 4054 938 4101 et
954 4043 1112 4105 victoriam
1129 4042 1191 4123 ipsi
1210 4056 1243 4102 et
1259 4064 1322 4103 so:

139 4118 415 4202 ciis-largirentur,
431 4137 473 4183 et
495 4122 606 4195 horum
634 4128 783 4185 contraria
806 4127 1012 4188 Phocensium
1038 4128 1225 4189 foederatis?
1251 4131 1313 4189 lete

136 4225 243 4288 porro·
256 4207 371 4266 eadem·
383 4208 563 4289 precabatur
586 4210 863 4290 tet-imprecabatur
886 4214 1014 4293 patriae,
1041 4233 1118 4293 quae
1135 4234 1317 4294 nunccios

137 4289 253 4349 inatus
272 4292 362 4373 eaput
378 4295 740 4375 convertereoportebit
760 4297 866 4378 ltaque
883 4298 959 4358 abiit
976 4311 1082 4359 contra
1100 4299 1213 4383 legem,
1231 4320 1313 4380 quae

104 4454 110 4463 μ
135 4375 167 4434 id
186 4374 301 4436 facinus
321 4378 447 4461 capitale
465 4399 532 4438 esse
544 4378 642 4438 iubet
655 4379 862 4441 illucentem
880 4383 1051 4462 profectum
1066 4384 1135 4451 aliia
1155 4385 1310 4447 mortibus
