2722 4754
298 138 989 253 -aosrosusnsocusanu
1194 180 1317 247 sus

84 343 255 426 occupavit,
275 367 343 404 cum
362 364 425 403 non
443 341 484 403 sit
500 330 581 401 filius
600 339 737 413 familias,
755 340 856 421 potiri.
879 339 983 420 Atque
997 333 1076 400 'haec
1094 337 1196 418 omnia
1214 337 1258 406 fa-

86 431 298 512 cile-perficit:
324 429 395 510 qui,
418 450 486 489 curn
505 427 543 487 de
561 426 662 486 alieno
681 438 787 488 contra
804 447 877 500 nos,
905 424 1044 487 homines
1062 442 1216 505 pauperes
1227 436 1259 484 et

85 520 205 597 inopes,
224 515 369 597 largiatur
385 513 534 593 facileque
552 511 654 572 omnia
667 509 818 582 conficiat,
836 512 934 572 multo
948 525 994 571 est
1007 510 1156 593 superior.
1174 511 1257 586 Qua-

85 616 212 687 propter
230 623 283 662 vos
304 599 393 660 etiam
418 598 561 678 opitulari
587 609 730 679 oportere
754 596 886 655 arbitror
910 596 1085 657 hominibus
1105 595 1181 657 nihil
1198 597 1259 673 ini·
1345 633 1350 641 «

66 740 69 745 ,
87 689 141 771 qni
159 686 351 768 petentibus,
371 685 423 744 sed
444 704 480 743 eo
500 683 680 755 contentis,-
696 681 723 763 si
741 681 809 761 quis
828 703 884 741 nos
902 681 1004 764 legum
1023 682 1083 742 frui
1101 682 1258 764 praesidiis

87 775 225 856 patiatur.
244 771 328 846 Quid
348 769 427 828 enim
447 770 597 851 agendum
616 763 705 827 nohis
722 780 778 841 est,
797 767 924 840 ludices,
941 768 1110 847 adoptione
1125 791 1181 850 per
1197 783 1258 829 tres

86 871 256 941 pervagata,
275 869 306 916 et
323 869 480 935 postremo
500 855 531 914 in
549 853 718 914 Archiadae
735 851 847 912 familia
864 852 990 913 relicta?
1024 853 1087 926 Qui
1106 874 1174 915 eum
1191 852 1258 915 sind

81 945 191 1005 liberis
217 940 394 1003 decesserit:
429 961 533 1000 nonne
558 939 679 999 taudem
708 937 871 1017 aliquando
897 950 1046 999 nostrum·
1064 941 1259 1020 recuperabi-

88 1031 176 1090 mus?
205 1030 273 1088 Hoc
290 1018 386 1108 igitur
403 1026 468 1085 iure
487 1026 558 1085 freti
576 1026 613 1086 ad
631 1037 802 1106 praetorem
822 1045 874 1084 eos
893 1024 1059 1085 citavimus.
1089 1025 1258 1087 Leochares
1333 1070 1336 1079 ,

41 1160 47 1171 ,
88 1129 208 1188 autem,
227 1114 273 1172 ,ita
297 1112 487 1171 confidenter
509 1111 617 1170 falsum
643 1121 848 1182 contestatus,
873 1123 1015 1190 oportere
1034 1132 1090 1170 nos
1109 1110 1259 1171 existimat

41 1193 43 1198 ’
89 1214 194 1261 contra
213 1219 318 1257 ornnes
337 1196 420 1278 leges
438 1196 570 1256 fraudari
588 1194 764 1256 hereditate.
799 1194 934 1256 Primum
952 1196 1057 1278 igitur,
1074 1210 1110 1256 ut
1128 1210 1260 1270 constet,
1289 1234 1293 1248 ·
1321 1204 1324 1209 “

88 1286 138 1345 illa
157 1285 194 1344 de
214 1283 430 1363 adoptionibus
450 1294 481 1341 et
498 1303 611 1364 genere
629 1282 757 1342 istorum
775 1301 846 1338 vere
864 1302 922 1340 nos
941 1281 1061 1353 dixisse,
1080 1296 1111 1341 et
1128 1304 1259 1363 puerum
1327 1342 1333 1351 ,
1358 1335 1360 1337 ,

88 1394 157 1430 cum
174 1368 265 1428 situla
278 1368 446 1428 Archiadae
464 1375 664 1427 monumento
683 1386 749 1426 esse
768 1364 956 1445 impositum,
974 1366 1049 1425 baec
1065 1367 1152 1426 vobis
1171 1367 1262 1428 testi-x

87 1454 190 1515 monia
208 1453 415 1513 recitabimus:
431 1452 544 1511 deinde
563 1465 594 1511 et
612 1463 728 1511 caetera
746 1449 906 1531 perpiscue
925 1459 979 1511 vos
998 1451 1206 1535 edocebimus,
1223 1464 1259 1513 ut

88 1542 162 1601 istos
180 1539 272 1600 falsae
290 1536 521 1609 contestationis
539 1525 762 1598 con'vineamus.
780 1531 861 1616 Cape
879 1536 1065 1612 testimonia,
1083 1559 1161 1619 quae
1180 1537 1259 1600 dico.
1282 1543 1342 1600 187

474 1656 851 1749 caerimonia.
937 1722 941 1729 .

173 1793 307 1853 Proinde
325 1791 371 1851 rei
388 1790 466 1851 ratio
486 1803 516 1850 et
532 1789 660 1870 simplex
677 1790 724 1850 ius
743 1789 919 1852 hereditatis
938 1791 979 1853 ita
997 1813 1029 1851 se
1048 1792 1163 1869 habet,
1175 1788 1257 1855 todi„
1280 1855 1286 1876 ,
1318 1811 1321 1815 '

89 1900 152 1939 ces:
171 1892 202 1938 et
220 1900 337 1950 eorum,
355 1899 434 1957 quae
449 1877 519 1936 inde
536 1875 574 1935 ab
592 1875 681 1936 initio
700 1889 764 1936 acta
776 1890 859 1950 sunt,
876 1877 940 1957 ipsa
958 1876 1053 1958 capita
1072 1879 1136 1939 fere
1155 1879 1257 1941 omnia

87 1963 225 2029 audistis.
261 1965 348 2038 Quae
367 1975 467 2022 autem
482 1974 557 2041 »post
578 1961 728 2023 actionem
748 1963 786 2024 de
804 1961 972 2042 hereditate
990 1963 1159 2025 institutam
1177 1967 1260 2027 fece-

87 2046 166 2119 rint,
195 2062 226 2107 et
244 2069 305 2127 quo
324 2061 412 2128 pacto
432 2068 488 2107 nos
505 2059 686 2119 tractarent,
712 2046 795 2108 dictu
813 2047 1016 2108 necessarium
1036 2049 1192 2111 cxi‘s‘timo:
1225 2051 1259 2111 ir't

87 2132 264 2193 hereditatis
298 2132 379 2193 enim
414 2131 533 2190 iudiciis
565 2143 625 2191 tam
651 2130 757 2210 inique
784 2154 852 2191 cum
878 2132 1001 2198 nemine
1030 2134 1163 2194 arbitror
1191 2157 1257 2195 esse

49 2230 198 2289 sactum,
218 2239 308 2296 quam
326 2216 495 2276 nobiseum.
511 2215 664 2275 Defuncto
683 2215 764 2275 enim
782 2216 928 2277 Leocrate
947 2231 979 2277 et
994 2218 1102 2279 funere
1121 2219 1149 2279 ei
1167 2221 1259 2295 facto,

84 2301 178 2361 'nobis
197 2302 230 2360 in
248 2301 475 2382 possessionem
493 2299 655 2373 euntibus,
672 2312 833 2381 propterea
850 2303 935 2382 quod
952 2301 999 2361 vir
1016 2303 1068 2364 ille
1086 2306 1257 2383 eteoclebs

90 2400 119 2447 et
137 2385 234 2446 orbus
250 2385 445 2457 decessisset,
465 2384 574 2445 ⁴edunit
590 2403 649 2445 'nos
666 2387 858 2461 Leostratus,
876 2409 929 2447 sua
948 2409 1014 2449 csse
1032 2386 1177 2457 asserens.
1210 2390 1258 2452 Ac
1329 2462 1334 2475 ἢ

89 2473 172 2552 quod
191 2493 247 2531 nos
265 2470 413 2559 defuncto
430 2471 508 2533 iusta
525 2471 698 2551 persolvere
715 2471 883 2551 probibuit,
903 2494 972 2533 cum
990 2474 1054 2554 ipse
1072 2488 1159 2556 pater
1175 2475 1258 2536 illius

89 2570 185 2630 esset,
202 2555 428 2617 excusationem
446 2556 581 2616 fortassis
600 2555 706 2630 habet,
725 2579 907 2637 quamquam
925 2558 1065 2640 iniquum
1083 2575 1147 2622 erat
1164 2560 1196 2620 id
1214 2561 1263 2621 fa·-

88 2645 191 2706 einus:
212 2641 372 2713 sienim,
399 2642 452 2721 qui
469 2654 576 2701 natura
592 2654 679 2721 pater
697 2656 758 2715 est,
783 2643 972 2704 curationem
990 2646 1125 2706 mandari
1141 2646 1258 2707 funeris

89 2752 142 2810 par
166 2741 225 2787 est:
253 2727 364 2787 deinde
388 2741 490 2786 tamen
517 2727 606 2786 etiarn
630 2727 807 2787 necessariis
831 2728 937 2803 nobis,
964 2751 1112 2815 quorum,
1138 2731 1258 2792 ratione
1296 2739 1300 2746 '

89 2813 281 2895 adoptionis,
306 2826 453 2895 cognatus
472 2825 537 2872 erat
554 2803 722 2872 defunctus.
755 2814 920 2892 Postquam
938 2799 1042 2875 autem
1057 2814 1135 2876 iusta
1152 2837 1258 2898 perso·
1297 2803 1301 2816 ⁸
1354 2867 1357 2877 .

89 2901 152 2960 luta
176 2899 317 2971 fuerunt,
344 2921 403 2976 qua
428 2897 495 2979 lege
514 2899 672 2970 ostendet,
697 2919 748 2972 se,
774 2900 892 2963 deserta
909 2899 1038 2974 familia,
1062 2923 1119 2962 nos
1144 2914 1258 2985 genere

89 2984 244 3066 proximos
271 2984 417 3044 deiecisse
442 2980 549 3044 bonis?
576 2983 622 3041 Eo
638 2982 772 3056 scilicet,
797 2986 880 3064 quod
905 2985 1041 3045 defuncti
1064 3000 1152 3068 pater
1175 2988 1258 3050 erat?
1304 3012 1309 3022 s

63 3135 70 3148 .
88 3071 185 3149 Atqui
210 3092 349 3130 reversus
371 3078 435 3128 e’rat
452 3069 484 3127 in
502 3081 657 3150 paternam
675 3068 835 3142 familiam,
860 3091 961 3151 neque
983 3071 1050 3131 eius
1073 3072 1258 3152 patrimonii,

87 3155 120 3214 in
140 3177 202 3234 quo
220 3155 385 3235 reliquerat
402 3153 515 3226 filium,
534 3154 683 3213 domiuus.
710 3154 838 3229 Quodni
854 3155 895 3220 ita
913 3169 976 3230 est,
995 3177 1071 3237 quac
1089 3158 1258 3240 legumest
1293 3182 1296 3188 ·

86 3240 224 3300 utilitas?
252 3240 341 3300 Pacta
360 3240 456 3322 igitur
473 3239 663 3312 deiectione,
687 3250 723 3298 ut
739 3240 868 3320 plurima
886 3242 1081 3316 omittamus,
1093 3244 1256 3305 ‘actionem

53 3320 65 3330 ’
87 3327 168 3406 apud
192 3340 363 3406 praetorem
389 3327 427 3384 de
452 3324 620 3386 he'reditate
638 3324 841 3385 instituimus:
867 3348 935 3386 cum
954 3348 1056 3407 neque
1073 3340 1196 3400 natura,
1221 3342 1256 3388 ut

88 3410 168 3484 dixi,
185 3411 267 3470 ullus
286 3423 365 3471 esset
383 3411 528 3471 defuncto
547 3410 644 3484 filius,
663 3431 764 3489 neque
778 3411 905 3492 adoptio
923 3411 1145 3494 factalegibus.
1180 3417 1257 3475 Post
1330 3427 1338 3435 ”

72 3497 161 3556 -baec
187 3498 362 3573 Leostratus
390 3509 578 3587 sacramento
605 3509 716 3570 certat,
744 3517 899 3570 assereus,
927 3518 961 3558 se
986 3490 1068 3557 illius
1086 3497 1256 3561 Archiadae
1325 3530 1330 3538 ·

88 3602 154 3642 esse
172 3583 289 3654 filium,
315 3583 591 3664 nequemogitans,
614 3581 669 3658 vel¹
681 3602 713 3641 se
731 3581 846 3642 redisse
863 3581 896 3640 in
913 3582 1097 3657 Eleusinios,
1115 3585 1163 3645 vel
1181 3586 1256 3645 ado·
1293 3582 1297 3590 ⁴

85 3668 186 3748 ptivos
213 3688 277 3727 non
301 3668 382 3746 ipsos
406 3688 423 3725 a
444 3666 630 3748 semetipsis,
656 3667 709 3726 sed
728 3666 765 3737 ab
784 3667 998 3747 adoptantihus
1016 3670 1176 3730 constitui:
1202 3692 1255 3731 ve·
1311 3681 1316 3687 ’

85 3775 154 3816 rum
172 3752 270 3826 illud,
299 3751 425 3833 opinor,
453 3752 580 3818 omniuo
598 3753 629 3811 in
648 3751 783 3814 animum
800 3751 960 3813 induxerat
976 3775 1084 3829 suum,
1112 3768 1260 3836 oportere

85 3860 135 3913 se,
155 3860 217 3918 quo
237 3838 303 3898 iure
318 3833 442 3918 ¹quaque
460 3838 589 3912 iniuria,
606 3851 749 3919 appetere
765 3837 870 3898 aliena.
897 3837 943 3898 Ac
961 3839 1091 3920 primum
1103 3841 1141 3900 in
1161 3841 1256 3926 Otry-

63 3943 65 3947 ’
85 3923 229 3985 nensium
245 3923 457 3984 concionalem
473 3924 608 3984 tabulam
624 3945 662 3994 se,
674 3923 858 3997 inscribere,
883 3946 952 3984 cum
969 3938 1052 3985 esset
1069 3925 1255 4002 Eleusinios,
1316 3969 1321 3979 ·

86 4009 264 4083 conabatur,
281 4009 586 4091 idque-procurabat:
605 4009 722 4071 deinde·
734 4009 908 4091 priusquam
924 4009 955 4068 in
972 4008 1161 4094 Otrynenses
1175 4013 1256 4073 rela-

84 4107 135 4155 tus
155 4108 253 4170 esset,
270 4092 420 4176 particeps
440 4115 505 4157 esse
523 4094 666 4157 studebat
681 4095 889 4162 communium
905 4116 1016 4154 rerum.
1050 4095 1182 4157 Tantum
1200 4099 1255 4160 de·

86 4180 207 4263 signare
224 4181 350 4253 facinus,
367 4182 543 4262 impellente
560 4180 693 4253 avaritia,
707 4180 851 4247 instituit.
881 4181 952 4254 Quo
972 4202 1030 4250 nos¹
1047 4181 1255 4263 animadverso

86 4266 199 4326 factum
218 4266 250 4327 id
267 4267 396 4328 testibus
413 4265 557 4332 adhibitis
575 4266 797 4348 prohibuimus,
814 4256 1014 4348 postulantei,
1034 4280 1071 4327 ut
1088 4267 1255 4331 hereditate
1279 4276 1339 4332 188

87 4352 171 4430 prius
189 4353 271 4433 apud
289 4374 342 4416 vos
361 4353 594 4434 disceptaretur,
613 4351 703 4434 quam
720 4354 758 4414 ad
775 4351 944 4413 Archiadae
962 4354 1255 4437 nomenquisqoasu
