2722 4754
207 201 223 208 “
279 234 344 298 oe
372 211 668 298 aaronitas
704 194 1020 305 onerarunt.
1154 231 1237 345 '1⁸³

69 391 197 453 vicissim
214 401 322 452 natura
340 384 499 466 mordent,
526 404 562 452 ut
578 391 738 473 praeclaris
758 403 788 452 et
806 391 971 474 splendidis
989 391 1123 475 negotiis
1142 392 1238 454 dediti

73 479 183 542 animos
206 476 335 559 pusillos
359 476 491 537 habeant
509 474 540 538 et
556 477 698 538 abiectos.
741 477 817 538 Nam
837 478 936 558 qualia
954 479 1113 538 hominum
1134 470 1236 540 studia
1253 538 1256 543 ⁴

76 564 196 636 luerint,
211 561 331 641 ‘talibus
351 581 403 622 eos
421 560 529 622 animis
549 563 638 630 etiam
658 568 722 637 esse
740 563 893 643 praeditos
906 585 1036 624 necesse
1055 578 1108 626 est
1144 560 1235 633 :Cuu-
1257 589 1290 624 .·

83 652 206 721 siderate,
226 667 357 727 quaeso,
377 649 569 728 quaecapita
588 647 758 707 enumerari
775 647 894 727 possint
913 668 1015 708 earum
1033 671 1144 725 rerum,
1161 671 1238 729 quas
1255 699 1259 705 .

89 738 127 801 illi
139 744 291 818 gesserunt
308 744 454 812 'quasque
471 753 527 792 vos
545 733 666 816 geritis:
685 754 741 805 an,
762 731 813 792 ‘his
830 728 919 792 ‘inter
937 754 969 793 se
988 735 1123 808 collatis,
1149 734 1237 801 iobis

94 822 147 907 ipsis
161 818 301 879 meliores
320 817 389 877 fieri
405 817 538 899 possitis..
579 818 626 878 llli
650 819 744 901 igitur
766 834 862 878 annos
882 818 1017 898 quinque
1036 833 1067 879 et
1085 820 1238 903 sexaginta
1290 857 1296 891 3

95 905 194 970 Graecis
211 902 385 969 volentibus
404 903 616 984 imperarunt,
645 903 772 984 amplius
791 903 891 963 decies
910 903 992 963 mille
1009 904 1122 964 talenta
1140 905 1172 964 in
1191 927 1238 965 ar·
1266 944 1271 953 ‹

92 1015 144 1058 cem
165 1001 395 1072 congesserunt,
417 988 515 1070 multa
543 1002 573 1049 et
597 989 765 1070 praeclara,
792 1001 871 1048 terra
897 989 1033 1068 marique
1058 1002 1239 1071 pugnantes,

91 1095 192 1160 tropaea
216 1086 392 1148 erexemnt,
418 1082 505 1154 quae
520 1075 609 1135 etiam
635 1095 717 1134 nunc
740 1073 822 1133 laudi
845 1073 1098 1146 nobisducimus.
1141 1074 1239 1154 Atqui
1263 1074 1292 1106 ·’

92 1177 178 1248 putare
194 1158 327 1233 debetis,
345 1158 416 1220 illos
435 1180 469 1219 ea
488 1159 617 1220 erexisse
628 1203 637 1233 ,
648 1180 718 1220 mon
735 1171 771 1218 ut
788 1179 845 1219 nos
863 1159 914 1219 illa
932 1171 1101 1240 spectantes
1119 1172 1239 1220 tantum

94 1248 300 1320 admiraremur,
327 1241 381 1304 sed
405 1246 554 1327 ntetiam
579 1245 706 1307 virtutes
733 1263 856 1318 eorum,
884 1260 902 1303 a·
927 1244 1037 1324 quihus
1064 1257 1239 1305 consecrata

96 1335 193 1404 essent,
211 1329 406 1390 imitaremur.
449 1331 488 1390 Et
506 1331 550 1390 illi
569 1331 691 1410 quidem
710 1330 791 1390 haec.
835 1329 899 1390 Nos
917 1350 990 1390 vero
1008 1342 1091 1390 tanta
1109 1330 1238 1390 circum·
1263 1351 1268 1366 ¹

100 1420 150 1482 dati
163 1414 326 1493 solitudine,
344 1407 485 1497 quantam
503 1416 611 1476 videtis
630 1435 746 1489 omnes,
758 1414 1021 1489 ‘consideratm'an
1040 1412 1155 1475 similia.
1172 1414 1238 1474 An-

52 1549 59 1556 .
98 1527 148 1567 non
167 1500 285 1582 amplius
311 1500 395 1560 mille
422 1514 453 1561 et
468 1502 643 1584 quingenta
668 1503 781 1562 talenta
807 1501 840 1560 in
867 1500 1057 1561 Graecorum
1073 1500 1238 1560 ‘mendicos

97 1593 184 1651 [nsua
204 1585 436 1667 profundimus?
471 1586 587 1646 Annon
611 1599 641 1647 et
663 1587 797 1668 privatae
819 1586 949 1646 familiae
974 1607 1079 1646 omnes
1102 1600 1132 1647 et
1155 1606 1239 1647 aera-

92 1668 158 1737 ¹rintu
172 1670 323 1753 publicum
349 1683 380 1730 et
404 1690 479 1751 quae
504 1693 519 1731 a
545 1672 635 1732 sociis
655 1674 966 1745 'eonsemntur,·sunt
984 1671 1147 1732 exhausta?
1172 1670 1238 1730 An·
1277 1664 1280 1673 ¹

95 1782 146 1830 non
160 1777 228 1838 quos
245 1757 277 1815 in
295 1750 381 1815 bell6
397 1749 498 1817 socios
516 1756 606 1817 nobis
624 1758 825 1830 adiunximus,
843 1757 876 1816 hi
891 1757 971 1839 pacis
985 1769 1124 1838 tempore
1140 1755 1240 1836 perie-

96 1844 170 1906 runt?
187 1840 241 1900 ‘At
258 1840 332 1901 haec
350 1842 414 1903 sola
426 1842 549 1902 <scilicet
565 1855 639 1902 tunc
657 1843 783 1902 meliora
800 1843 902 1915 suere,
935 1863 1024 1923 quam
1042 1852 1151 1914 nunc,
1173 1862 1239 1901 cae-

96 1941 148 1992 tera
168 1918 239 1988 vero
259 1926 431 1987 deteriora?
453 1928 622 1988 Plurimum
648 1941 729 1988 certe
747 1926 838 1986 abest.
881 1926 983 2009 A'gite,
1003 1926 1242 2000 consideremus,
1299 1956 1302 1961 ·

98 2013 218 2097 quicquid
234 2011 352 2072 voletis.
394 2011 542 2072 Aedificia
565 2012 660 2096 igitur
684 2025 715 2073 et
733 2023 909 2073 ornamenta
926 2006 1029 2086 urliis,
1055 2012 1259 2093 templorum

94 2115 124 2162 et
136 2112 274 2181 portuum,
293 2103 324 2156 et
340 2119 416 2177 quae
436 2110 508 2158 sunt
526 2098 590 2158 eius
608 2099 727 2181 generis
746 2098 812 2171 alia,
829 2110 878 2158 tot
896 2110 926 2158 et
942 2107 1025 2159 tanta
1043 2097 1088 2156 illi
1102 2096 1240 2177 relique·
1282 2132 1284 2135 v

50 2189 81 2196 ”
99 2199 168 2258 mut,
189 2194 223 2242 ut
246 2183 284 2242 ad
302 2203 408 2243 eorum
429 2177 637 2255 excellentiam
655 2183 732 2242 nihil
750 2183 847 2264 possit
864 2183 1024 2264 posteritas
1042 2183 1161 2243 addere.
1205 2185 1240 2242 ln
1286 2186 1299 2199 ⁸

103 2279 238 2352 conspectu
256 2280 328 2328 sunt
345 2267 508 2351 propylaea
523 2267 610 2341 haec,
629 2269 753 2343 navalia,
772 2264 917 2349 porticus,
936 2279 968 2328 et
982 2267 1109 2348 reliqua,
1128 2267 1240 2349 quibus

100 2358 137 2425 illi
151 2354 248 2415 urbem
272 2352 363 2413 nobis
391 2365 563 2413 exornatam
587 2354 793 2414 tradiderunt:
811 2365 814 2369 '
837 2354 969 2434 reliquas
987 2372 1060 2414 vero
1079 2360 1251 2435 proterunt

100 2441 166 2501 illius
179 2437 318 2519 temporis
330 2439 426 2519 aedes
444 2439 485 2498 ita
503 2436 673 2498 moderatas
698 2452 729 2500 et
746 2439 864 2499 nomini
881 2439 1034 2521 popularis
1053 2451 1147 2513 status
1167 2461 1259 2523 com·x

103 2533 236 2609 gerentes,
253 2534 297 2598 ut,
314 2523 342 2584 si
360 2523 428 2602 quis
446 2537 579 2584 vestrum
597 2523 820 2602 Themistoclis,
839 2521 994 2599 Cimonis,
1009 2523 1172 2603 Aristidis,
1190 2534 1243 2585 aut

70 2621 74 2628 '
102 2610 230 2682 Miltiadis,
247 2621 276 2668 et
288 2621 482 2685 caeterorum
498 2609 563 2670 eins
581 2609 685 2670 aetatis
704 2609 868 2670 illustrium
884 2608 1043 2670 hominum
1060 2611 1167 2670 domos
1184 2631 1242 2670 no-

101 2696 154 2769 u't,
170 2694 256 2754 nihilo
273 2693 379 2755 vicinis
398 2695 674 2778 magnificentiores
694 2716 759 2756 esse
776 2695 885 2770 videat.
928 2695 1017 2755 Nunc
1035 2690 1126 2768 vero,
1143 2693 1242 2754 Athe·
1267 2691 1304 2747 11

104 2781 215 2854 aienses,
230 2771 294 2839 urlri
308 2793 431 2858 nostrae
445 2782 516 2842 satis
533 2794 588 2854 est,
605 2780 727 2861 publice
739 2780 801 2840 vias
815 2778 945 2854 munire,
960 2779 1061 2838 fontes
1078 2790 1243 2852 exstruere,

101 2867 244 2944 incrustare
272 2866 422 2946 parietes,
448 2865 652 2926 et⁶similibus
671 2865 761 2948 nugis
781 2864 929 2946 occupari.
971 2863 1080 2945 Neque
1097 2883 1171 2945 vero
1189 2863 1258 2924 ha-·'

101 2967 156 3010 rum
170 2970 262 3010 rerum
279 2963 418 3012 auctores
435 2951 627 3032 reprehendo
646 2950 851 3034 (nequaquam
870 2950 901 3011 id
918 2943 1026 3030 sacio):
1051 2948 1104 3008 sed
1122 2969 1194 3023 vos,
1218 2950 1244 3010 si

99 3021 139 3094 iris
159 3035 345 3116 procurandis
371 3058 425 3097 vos
454 3037 557 3100 olficio
583 3037 704 3098 functos
730 3037 852 3119 putatis.
893 3033 1036 3095 Privatim
1064 3045 1165 3093 autem
1190 3033 1243 3114 qui

100 3120 231 3202 pullicum
246 3121 379 3200 aliquod
397 3131 513 3182 munus
526 3120 796 3195 administrarunt,¹
813 3114 932 3203 ‘partim
950 3118 1080 3200 publicis
1097 3119 1243 3193 aedificiis

99 3205 207 3286 privatas
228 3208 318 3266 aedes
341 3202 627 3289 magnificentiores*
642 3207 891 3281 substruxerunt,
915 3206 1028 3265 nedum
1046 3203 1173 3286 plebeiis
1191 3202 1246 3265 su)

76 3307 80 3311 ’
98 3291 249 3371 perliores:
268 3291 377 3372 partim
394 3304 442 3352 tot
457 3293 568 3353 fundos
585 3298 720 3374 co'e’mtos
737 3292 852 3366 colunt,
871 3302 948 3372 quot
964 3310 1002 3351 ne
1019 3311 1074 3370 per
1089 3289 1243 3351 somnium

99 3376 202 3454 quidem
225 3399 360 3456 unquam
384 3391 583 3463 speraverant.
608 3376 741 3438 ⁴Harum
759 3390 860 3438 autem
877 3397 979 3444 rerum
999 3373 1135 3435 omnium
1157 3397 1263 3436 causas

61 3493 72 3501 -
101 3473 151 3534 est,
169 3464 246 3541 quod
265 3463 488 3543 olimspopulus
506 3462 719 3523 universorum
737 3463 878 3523 dominus
897 3474 928 3533 et
945 3473 1052 3521 auctor
1069 3473 1149 3533 erat,
1176 3481 1263 3532 cae-x

98 3545 196 3626 terique
214 3534 293 3620 bene
312 3569 415 3608 secum
433 3548 482 3631 agi
499 3548 662 3629 putabant,
690 3547 716 3608 si
734 3549 759 3615 is
778 3547 943 3640 hqnorem,
961 3546 1168 3629 magistratum
1192 3557 1244 3607 aut

94 3629 202 3711 aliquod
224 3632 309 3693 aliud
324 3633 507 3706 heneficium
530 3633 705 3714 impertiret
748 3633 838 3702 Nunc
854 3645 961 3694 contra
978 3631 1019 3691 fit
1061 3631 1114 3692 Isti
1139 3651 1244 3700 omnes

57 3748 60 3752 ⁸
95 3735 156 3796 opes
171 3717 202 3776 in
220 3738 274 3778 sua
292 3730 443 3799 potestate
461 3719 592 3794 hahent,
611 3731 642 3780 et
659 3718 787 3781 istorum
804 3718 952 3801 auspiciis¹
962 3730 1111 3801 geruntur
1129 3716 1245 3781 omnia:
1287 3781 1290 3787 ,

79 3798 138 3861 'sed
152 3805 281 3885 populus
300 3804 430 3864 ministri
448 3818 479 3864 et
496 3805 692 3866 additamenti
710 3806 811 3865 locum
830 3805 957 3865 obtinet.
997 3803 1155 3883 vobisque
1174 3800 1244 3880 satis
1270 3878 1274 3883 Ι
1305 3828 1308 3833 ·

62 3951 67 3960 ,
92 3899 146 3960 est,
162 3888 192 3948 id
209 3889 365 3970 accipere,
383 3888 502 3972 siquid
520 3889 571 3949 isti
587 3890 667 3951 forte
685 3890 893 3971 impertierint
928 3888 1060 3949 Proinde
1080 3889 1152 3948 dum
1169 3887 1245 3964 haec

89 3971 166 4048 liunt,
183 3975 251 4034 talis
271 3974 363 4034 etiam
380 3987 474 4035 status
493 3974 620 4035 civitatis
640 3989 701 4049 est,
718 3988 763 4049 ut,
781 3976 893 4056 siquis
912 3977 1032 4036 decreta
1050 3985 1147 4034 vestra
1165 3973 1246 4056 legat

88 4069 115 4116 et
130 4072 189 4119 acta
208 4059 320 4118 ordine
339 4073 509 4140 percurrat,
527 4080 621 4120 nemo
636 4061 758 4127 credere
776 4060 882 4142 possit,
901 4060 1068 4128 eorundem
1082 4059 1246 4121 hominum

86 4162 144 4204 esse
160 4143 235 4204 haec
254 4157 288 4204 et
305 4144 366 4216 illa,
383 4143 476 4204 veluti
493 4158 581 4221 sunt,
600 4167 676 4226 quae
695 4159 799 4207 contra
813 4149 1015 4229 Megarenses,
1032 4144 1172 4206 homines
1190 4167 1245 4208 ne·
1302 4173 1307 4181 ’

84 4226 183 4303 farios,
212 4228 409 4304 decrevistis,
435 4251 528 4310 quum
545 4245 655 4291 terram
681 4244 884 4292 consecratam
901 4229 1090 4299 vindicarent
1108 4244 1138 4293 et
1157 4253 1246 4294 exco-

46 4322 53 4329 ’
83 4312 188 4388 lerent,
216 4315 395 4374 exeundum
420 4334 502 4391 esse,
528 4317 865 4399 prohibendum,'non·
882 4317 1129 4397 concedendum:
1156 4319 1247 4381 etde
1274 4309 1300 4345 '·

79 4397 224 4474 l'ltliasiii,
244 4416 347 4480 quum
362 4421 461 4490 nuper
476 4402 572 4485 patria
588 4403 785 4484 pellerentur,
799 4422 893 4486 ,opem
910 4388 1077 4478 ferendam,
1097 4421 1163 4462 non
1181 4406 1250 4486 p'era

970 4489 1055 4570 .ῧὶ
