2722 4754
343 204 350 216 '
429 190 876 321 unennnsounso„
983 234 998 309 f
1043 272 1106 305 ,s
1184 233 1226 294 43
1291 262 1293 267 .

92 378 310 453 Atheniensium:
328 381 384 462 qui
400 382 535 464 Philippi
551 383 740 464 temporibus
759 385 886 463 colonos
905 383 1000 455 esuis
1019 386 1135 448 civibus
1153 386 1228 447 illuc
1250 374 1252 381 ’
1297 421 1302 428 -

93 478 216 543 miserunt,
232 467 332 528 veteri
350 487 436 537 more
454 489 529 542 suo,
547 490 609 548 quo
627 488 774 549 pauperes
782 481 881 548 ‘atque
900 471 1007 550 inopes
1026 473 1105 533 cives
1123 473 1227 533 in-ex-

94 579 138 626 sen
156 576 202 615 sua
228 553 342 633 oppida
368 551 536 613 habitatum
562 554 757 636 ablegabant,
783 554 872 615 armis
891 567 922 613 et
939 556 1048 616 viatico
1067 579 1085 617 e
1102 557 1227 638 publico

97 645 154 709 datis
168 639 197 697 ld
215 638 298 717 quod
317 660 400 720 nunc
419 644 541 718 quoque
559 638 672 698 sactum
690 650 746 712 est,
763 638 862 698 missis
880 639 912 697 in
931 637 1155 716 Chersonesum
1174 664 1226 702 co-

97 729 161 798 lonis,
173 735 200 781 et
211 722 361 802 Diopithe
380 744 448 782 cum
465 724 594 803 imperio
611 725 653 784 eis
669 723 829 806 praefecto.
847 723 893 783 Ac
908 720 1139 788 Chersonesitae
1158 728 1226 806 qui-
1267 780 1274 790 ,

48 816 52 825 “
102 820 145 878 dem
156 806 259 885 reliqui
278 827 350 880 eos,
370 808 423 886 qui
441 809 634 882 advenerant,
652 810 684 868 in
703 808 878 868 societatem
897 809 1017 868 aedium
1036 825 1068 870 et
1084 832 1229 894 agrorum

100 903 249 975 receperunt
279 889 419 952 Cardiani
436 913 509 952 vero
529 895 610 973 quod
628 894 786 976 regionem
805 915 888 953 suam
905 906 1010 955 tenere
1029 916 1061 955 se
1081 897 1227 971 dicerent,

97 1004 140 1045 ron
148 976 384 1049 Atheniensium,
402 979 586 1057 repulerunt
604 979 684 1038 Hinc
698 974 1017 1059 aDiopitheCardiani
1033 979 1115 1040 bello
1132 995 1227 1060 quum

94 1063 304 1150 peterentur,›ad
317 1062 491 1142 Philippum
509 1063 697 1146 confugiunt
714 1064 743 1143 ls
755 1063 850 1144 igitur
867 1083 921 1144 per
938 1063 1226 1124 literas'Athenien-

93 1153 155 1215 sibus
170 1146 273 1219 edicit,
291 1142 332 1204 ne
352 1141 516 1221 Cardianis,
534 1147 596 1207 suis
616 1147 787 1222 clientibus,
805 1147 866 1207 vim
884 1148 1009 1208 saciant:
1036 1150 1090 1208 sed
1107 1150 1173 1209 iure
1191 1161 1228 1207 ut
1286 1183 1288 1187 ·

31 1230 33 1245 '
84 1246 175 1318 egam,
191 1231 214 1290 si
231 1227 399 1309 qnam'sibi
423 1233 541 1291 factam,
554 1233 787 1311 esse'iniuriam
812 1243 983 1310 querantur.
1019 1234 1113 1307 Quod
1132 1223 1226 1313 quum

90 1316 266 1380 Athenienses
286 1317 500 1375 detractarent:
518 1316 627 1376 auxilia
645 1314 800 1377 Cardianis
818 1317 919 1376 mittit
950 1318 1049 1400 Quam
1066 1339 1131 1377 rem
1148 1319 1226 1379 Dio·
1244 1314 1284 1370 58

91 1404 172 1486 pithes
191 1399 319 1482 graviter
342 1401 453 1473 serens,
480 1402 552 1461 dum
570 1401 728 1482 Philippus
753 1402 785 1460 in
807 1401 1035 1461 mediterraneis
1062 1403 1227 1483 superioris

90 1485 206 1549 Thraciae
224 1506 293 1554 cum
309 1483 511 1567 Odrysiorum
527 1487 732 1568 regebellum
749 1487 844 1568 gerit,
863 1487 1041 1546 maritimam
1058 1488 1227 1561 Thraciam,
1281 1534 1284 1539 .

89 1590 151 1652 qnae
164 1569 319 1628 Macedoni
342 1570 480 1650 pareba‘t,
506 1570 732 1631 incursionibus
758 1583 845 1631 vexat
870 1584 901 1631 et
918 1571 1095 1653 populatur:
1112 1594 1155 1633 ac
1172 1566 1227 1632 an-

87 1670 187 1735 tequam
203 1654 359 1733 Philippus
382 1648 600 1728 reverteretur,
626 1677 781 1740 regressus
804 1656 836 1715 in
856 1653 1079 1715 Chersonesum
1104 1657 1136 1716 in
1161 1668 1228 1716 tuta
1291 1656 1293 1660 ’

31 1775 35 1793 ι
87 1762 112 1800 se
121 1738 224 1818 recipit
242 1738 344 1812 Quare
364 1761 456 1818 quum
470 1740 627 1821 Philippus
645 1742 734 1801 armis
754 1762 824 1800 eum
838 1741 944 1800 ulcisci
958 1737 1026 1808 >nori
1041 1753 1154 1821 posset,
1172 1749 1228 1821 per
1240 1768 1241 1772 ¹

86 1825 168 1898 literas
185 1823 290 1897 ducem
304 1822 392 1881 illum
405 1822 485 1904 apud
496 1824 701 1885 Athenienses
717 1837 844 1898 accusat,
862 1825 965 1903 utqui
981 1826 1106 1884 omnino
1122 1846 1227 1904 pacem

85 1909 216 1967 violasset
248 1905 391 1966 Oratores
416 1909 519 1987 itaque
537 1909 671 1988 Philippi
688 1904 835 1981 studiosi,
861 1909 894 1966 in
910 1906 1085 1988 Diopithen*
1104 1908 1240 1981 invecti,

85 1991 247 2072 supplicium
257 1992 300 2055 ,de
319 2012 357 2051 eo
375 1993 453 2050 sumi
471 1992 586 2052 iubent.
605 1994 655 2053 Eis
673 1992 896 2052 Demosthenes
914 1993 1097 2065 adversatur,
1116 2015 1150 2054 ac
1169 1986 1226 2052 du-

83 2077 144 2159 plici
153 2076 265 2135 ratione
279 2076 457 2155 Diopithem
471 2077 614 2136 defendit
633 2079 711 2138 Eum
728 2078 809 2136 enim
822 2077 926 2156 inique
941 2077 1049 2137 fecisse
1064 2077 1226 2156 quiequam

83 2173 166 2243 negat
197 2160 272 2219 Nam
298 2182 392 2239 quum
410 2159 567 2240 Philippus
593 2162 684 2244 longe
710 2161 795 2242 prior
819 2183 922 2241 pacem
946 2160 1080 2234 violarit,
1109 2175 1140 2221 et
1155 2160 1226 2220 urbi

83 2244 297 2305 Atheniensium
315 2257 437 2307 noceat:
456 2267 519 2305 non
538 2241 647 2305 iniuria
665 2247 747 2305 hunc
766 2246 854 2305 etiam
873 2267 905 2305 se
923 2266 978 2325 pro
997 2246 1089 2305 hoste
1103 2266 1225 2328 gerere:
1299 2318 1301 2323 Α

82 2351 133 2389 uec
146 2351 205 2389 esse
220 2328 413 2409 erepublica,
428 2351 497 2388 eum
512 2330 725 2410 imperatorem
742 2329 891 2411 supplicio
907 2330 996 2402 affici,
1016 2343 1047 2389 et
1061 2330 1125 2390 eius
1137 2334 1224 2390 exer-

68 2415 163 2474 citum
180 2414 296 2485 dimitti,
316 2415 369 2493 qui
386 2437 468 2474 nunc
485 2414 658 2496 Philippum
677 2412 860 2474 Chersonesi
877 2415 960 2473 aditu
975 2413 1145 2495 >prohibeat
1162 2417 1225 2475 De·
1263 2475 1267 2481 ,

79 2499 163 2578 nique
180 2500 213 2558 ad
231 2497 344 2559 bellum
362 2499 516 2573 bortatur,
539 2514 570 2559 et
585 2502 782 2560 vehementer
799 2498 973 2580 Philippum
991 2513 1109 2560 accusat
1125 2511 1161 2559 ut
1176 2499 1224 2558 in-

78 2583 181 2642 iurium
198 2594 227 2642 et
241 2583 460 2667 foedifragum,
489 2596 520 2643 et
536 2584 775 2647 Atheniensibus
802 2585 890 2644 simul
909 2597 940 2644 et
955 2585 1081 2664 reliquis
1101 2584 1226 2645 Graecis

77 2667 264 2728 insidiantem.
366 2670 370 2677 '

469 2811 557 2820 ...ι-...-

74 2884 217 2991 Aequum
235 2923 327 2985 esset,
344 2911 573 2986 Athenienses,
599 2924 734 2972 oratores
752 2924 869 2972 vestros
891 2931 1000 2972 omnes
1024 2917 1128 2991 neque
1153 2912 1228 2973 odio
1298 2975 1302 2979 ,

73 2997 228 3078 impulsos,
260 3016 360 3076 neque
379 2998 416 3057 ad
433 2998 559 3078 gratiam
577 2997 753 3078 cuiusquam
771 2997 897 3056 verbum
913 2997 1010 3056 ullum
1028 2996 1130 3076 loqui,
1157 3000 1226 3072 sed,

68 3082 150 3163 ·qnod
169 3081 295 3161 quisque
311 3081 464 3161 optimum
483 3080 636 3154 duceret,
654 3081 685 3141 id
703 3081 853 3162 proferre:
889 3081 974 3142 vobis
993 3080 1169 3160 praesertim
1189 3083 1227 3141 de

72 3166 193 3248 publicis
211 3166 388 3248 magnisque
407 3167 539 3248 negotiis
558 3165 803 3243 deliberantibus.
822 3165 882 3225 Sed
899 3166 968 3244 quis
987 3164 1137 3238 nonnulli,
1155 3167 1226 3227 alias

72 3250 284 3323 aemulatione,
311 3251 381 3310 alias
401 3273 581 3331 quacunque
600 3252 637 3311 de
664 3272 751 3314 causa
768 3251 806 3309 ad
825 3251 986 3310 dicendum
1013 3249 1227 3330 impelluntur:
1288 3326 1291 3331 y

70 3336 172 3408 vestri,
185 3335 398 3408 Athenienses,
418 3337 511 3396 oflicii
529 3349 583 3410 est,
601 3348 646 3408 ut,
664 3336 730 3395 aliis
744 3335 835 3395 rebus
850 3335 991 3395 omnibus
1006 3335 1134 3408 omissis,
1148 3356 1226 3416 quae

31 3495 40 3500 -
69 3421 165 3479 lutura
179 3414 369 3505 esse'putatis
385 3421 585 3502 erepublica,
601 3442 635 3480 ea
652 3432 683 3480 et
699 3420 866 3480 decernatis
885 3432 916 3481 et
930 3420 1127 3499 exequamini.
1151 3420 1227 3503 Agi-

70 3517 121 3564 tur
143 3517 241 3583 autem
259 3527 342 3565 nunc
361 3507 398 3564 de
418 3503 610 3584 Chersoneso
636 3518 667 3565 et
686 3505 877 3584 expeditione
900 3504 967 3578 illa,
993 3527 1051 3584 qua
1068 3505 1226 3586 Philippus
1273 3504 1281 3572 f

67 3602 216 3670 suscepta,
242 3589 439 3651 undecimum
457 3591 515 3650 iam
532 3593 564 3651 in
574 3591 701 3651 Thracia
718 3611 853 3650 mensem
870 3602 1012 3650 versatur.
1030 3590 1091 3650 Sed
1108 3591 1225 3672 plerae-
1244 3578 1283 3636 59

66 3695 124 3754 que
143 3675 295 3746 orationes
315 3675 461 3734 derebus
480 3676 573 3757 gestis
588 3675 742 3755 Diopithis
762 3687 792 3734 et
810 3675 966 3735 conatibus
985 3674 1141 3735 habentur.
1159 3678 1227 3758 Ego

36 3820 46 3829 ,
64 3779 136 3818 vero
153 3760 190 3835 de
209 3759 398 3830 criminibus,
418 3782 493 3838 quae
511 3761 582 3832 illis,
601 3781 677 3839 quos
695 3760 728 3819 in
745 3773 843 3818 vestra
853 3771 1014 3839 potestate
1030 3759 1086 3832 est,
1105 3761 1227 3840 quando

63 3843 187 3917 voletis,
204 3842 316 3924 punire
336 3865 371 3903 ex
388 3844 526 3925 legibus,
553 3844 756 3916 obiiciuntur,
774 3844 849 3902 nihil
867 3844 981 3903 referre
999 3845 1145 3917 arbitror,
1164 3844 1227 3904 siue

62 3950 152 4002 nunc,
169 3928 233 3989 sive
253 3948 340 3987 mora
358 3929 456 4008 aliqua
474 3929 652 4009 interposita
671 3928 859 3989 deliberetis:
885 3949 985 4008 neque
1004 3949 1069 3989 esse
1087 3949 1226 3988 necessa-

61 4013 163 4087 rium,
178 4027 216 4073 ut
233 4013 283 4073 vel
303 4032 379 4094 ego,
400 4014 447 4073 vel
467 4015 630 4097 quisquam*
644 4014 718 4073 alius
738 4035 771 4073 ea
790 4015 878 4073 dere
897 4035 1034 4096 magnam
1053 4014 1226 4083 contentio·
1259 4090 1261 4094 Α

61 4098 303 4179 nemsuscipiat
322 4092 409 4171 Quae
425 4119 497 4157 vero
511 4099 679 4179 Philippus,
696 4110 816 4158 nostrae
835 4097 961 4157 civitatis
977 4097 1071 4157 hostis
1089 4119 1226 4180 magnas-

57 4205 117 4264 ·qne
140 4184 247 4265 copias
275 4182 354 4245 circa
371 4181 603 4263 Hellespontum
621 4183 750 4256 habens,
776 4203 922 4262 occupare
947 4181 1094 4262 vobisque
1112 4183 1225 4265 praeri-

58 4290 127 4350 pere
147 4281 299 4331 conatur:
328 4288 464 4347 quaeque
483 4290 558 4342 nos,
586 4269 744 4330 occasione
762 4267 857 4329 semel
875 4266 1029 4348 neglecta,
1045 4288 1226 4350 recuperare
1295 4326 1297 4334 ,

57 4366 144 4434 atque
163 4352 335 4415 restituere
353 4351 384 4415 in
408 4352 560 4436 integrum
586 4375 739 4434 nunquam
765 4351 948 4435 poterimus:
974 4352 1013 4413 de
1029 4353 1077 4414 bis
1095 4352 1227 4439 expedit,
1250 4402 1256 4411 ,
