2722 4754
394 154 947 290 οοιιιιιιιιιιιοιίιιιιιιι.
1197 202 1259 258 ιιι
1303 174 1325 261 2

466 363 905 483 rssr1'mosrurs'

79 510 87 533 ⁸
174 520 221 580 De
239 519 347 600 phialis
366 516 484 590 aut'em,
518 500 623 597 quas
610 516 782 599 Septembri
795 536 906 578 meuse
921 516 1092 594 Aeschrio,
1122 520 1306 605 pedisse·
1305 578 1311 583 .

85 628 170 686 quus
187 606 286 678 istius,
304 618 335 666 et
353 604 441 664 ,hstio
460 616 601 691 praetore
619 603 747 684 petiit,
739 625 809 663 eum
827 602 884 665 iste
903 603 991 664 domi
1007 616 1086 666 esset
1104 619 1135 667 et
1152 606 1257 688 hospi
1306 620 1313 625 “

85 692 135 751 tio
155 691 291 751 Alcetam
310 704 341 750 et
358 693 496 749 Iasonem
515 689 698 770 excepisset,
731 687 790 749 isti
797 700 846 748 ut
851 687 982 748 debitori
999 691 1131 771 pretium
1149 692 1259 752 inseri-
1280 695 1351 752 262.

87 790 177 858 ptum
196 790 242 836 est
258 775 439 836 Alcisthene
454 788 593 855 praetore
613 795 646 834 ea
665 774 703 833 de
722 796 826 848 causa,
853 774 970 854 quod
960 786 1076 835 interca
1094 769 1259 838 relaturum
1323 816 1331 827 κ

51 940 57 945 .
88 883 172 935 eum,
190 883 263 942 quas
281 862 423 943 petierat,
436 860 553 941 putavit
569 872 662 939 pater.
692 856 857 940 Postquam
875 872 976 919 autem
996 859 1053 920 iste
1072 861 1261 938 discesserat,

87 947 200 1028 phialis
219 968 281 1006 non
300 946 422 1046 relatis,
458 965 557 1024 neque
583 944 701 1025 phialae
720 945 926 1005 Timostheuis
945 947 1025 1025 apud
1042 945 1278 1008 Phormionem

89 1033 166 1093 sitae
185 1045 280 1104 eraut,
298 1045 388 1111 atque
407 1032 432 1091 is
451 1029 615 1090 adveniens
635 1052 683 1090 eas
702 1031 873 1112 repetebat.
892 1043 956 1090 tum
976 1043 1007 1091 et
1023 1031 1156 1113 pretium
1173 1033 1261 1114 phia-

89 1118 187 1177 larum
213 1117 404 1177 Timostheni
430 1115 576 1197 persolvit
602 1129 633 1175 et
659 1114 863 1176 debitorem
854 1128 945 1191 istum
970 1117 1008 1175 ad
1032 1117 1184 1197 reliquum
1210 1136 1261 1179 aes

89 1201 250 1263 alienum⁸
239 1201 402 1282 inscripsit.
420 1203 533 1276 Quare,
551 1222 577 1260 si
569 1200 651 1259 hac
669 1201 848 1264 defensione
867 1186 1019 1274 abutetur,
1037 1224 1069 1262 se
1086 1222 1150 1263 ιιοιι
1166 1203 1273 1263 fuisse*
1292 1192 1297 1209 ¹

90 1288 175 1348 donri
185 1286 380 1388 temporibus
399 1286 469 1361 illis,
487 1306 555 1347 cum
573 1285 632 1345 sibi
649 1287 780 1365 pretium
798 1285 966 1373 phialarum
983 1307 1147 1377 expcnspm
1164 1289 1261 1349 latum

88 1371 212 1446 sit,sic
231 1395 259 1431 er
251 1372 478 1452 respondete
503 1369 657 1451 Acceprstr
675 1391 742 1442 eas
761 1384 828 1429 cum
848 1352 984 1429 adesses:
1007 1385 1168 1460 postquam
1185 1392 1260 1432 vero
1305 1410 1308 1415 -

90 1480 155 1518 non
174 1457 327 1522 referebas
345 1455 486 1539 (peregre
497 1455 586 1514 enim
605 1448 740 1537 aberas),
761 1454 879 1535 phialae
896 1467 1016 1527 autem,
1034 1470 1108 1536 q'uas
1127 1458 1262 1519 creditor
1284 1468 1288 1475 ’

91 1535 267 1624 repetebat,
283 1564 347 1607 non
364 1540 531 1614 aderant,⁸
522 1540 693 1623 inscriptus
705 1563 737 1600 es
755 1540 820 1600 eius
830 1540 930 1621 pretii
948 1540 1084 1616 debitor,
1102 1544 1186 1621 quod
1203 1564 1260 1624 pro

92 1628 203 1710 phialis
224 1641 270 1687 cst
287 1627 429 1686 solutum
454 1626 513 1698 At,
532 1625 674 1703 hercule,
690 1627 817 1685 fortasse
836 1625 931 1698 dicat,
950 1624 1091 1686 debuisse
1109 1634 1225 1708 patrem
1244 1650 1266 1691 a

58 1760 62 1765 .
94 1735 127 1773 se
146 1701 284 1792 repetere
304 1711 441 1791 phialas.l
469 1709 530 1769 Sed
548 1723 579 1770 te
596 1710 745 1770 videbat
736 1711 838 1791 inopia
856 1710 971 1791 premi,
1002 1724 1118 1772 etcum
1138 1714 1176 1773 de
1195 1734 1262 1781 cae-

93 1812 163 1858 tero
182 1819 250 1856 aere
269 1797 377 1856 alieno
388 1795 479 1854 fidem
498 1794 554 1854 tibi
574 1795 713 1867 haberet,
742 1807 772 1854 et
789 1807 926 1876 putaret,
956 1797 1036 1856 scid
1055 1819 1070 1856 a
1090 1811 1120 1858 te
1138 1819 1262 1858 reverso
1327 1816 1335 1826 “

96 1897 128 1943 et
152 1883 337 1965 locupletato
362 1894 573 1962 recepturum,
596 1881 640 1939 de
664 1880 772 1960 phialis
797 1879 853 1941 tibi
879 1881 995 1942 diffisus
1022 1895 1103 1942 esset
1126 1882 1263 1947 seilicet?

95 1989 172 2026 cum
183 1980 324 2047 precante
343 1979 391 2038 te,
418 1988 485 2026 cum
505 1967 541 2024 ad
560 1966 674 2048 Regem
692 1965 944 2046 proficiscereris,
968 1987 1002 2026 se
1019 1968 1144 2029 naulum
1161 1969 1264 2052 ligno-

94 2073 162 2111 rum
181 2052 354 2112 soluturum
370 2048 589 2130 polliceretur,
617 2051 657 2110 de
681 2049 790 2130 phialis
808 2049 924 2111 duabus
943 2051 1033 2113 fidem
1052 2051 1109 2112 tibi
1127 2070 1191 2113 non
1210 2054 1264 2115 ba-

96 2137 235 2198 buisset?
269 2158 336 2196 cum
355 2135 506 2216 reliquum
518 2134 663 2195 ,debitum
681 2156 697 2194 a
715 2147 746 2194 te
764 2154 827 2193 non
844 2150 1019 2213 reposceret
1034 2150 1175 2218 respectu
1192 2134 1263 2212 ino·
1346 2154 1349 2161 ’

56 2219 64 2227 ’
94 2222 163 2304 piae
181 2234 263 2293 tuae,
280 2219 394 2302 phialas
411 2218 655 2320 repoposcissct?
677 2220 736 2277 lam
754 2239 829 2277 vero
846 2218 933 2278 vobis
953 2220 1041 2281 etiam
1060 2222 1190 2282 delat'o⁸
1180 2243 1263 2283 rure·
1262 2206 1294 2239 χ’

93 2308 225 2368 iurando
244 2306 359 2379 dream,
386 2306 468 2385 quod
487 2318 518 2364 et
533 2304 587 2364 rstr
605 2324 663 2387 ego
681 2303 835 2385 pollicitus
853 2326 936 2378 sum,
964 2318 995 2365 ct
1011 2306 1069 2367 rste
1087 2295 1172 2367 malti
1211 2309 1263 2367 hle
1316 2378 1321 2389 Ι

97 2392 178 2453 enirn
198 2391 289 2451 iusiu
280 2381 434 2449 audhm'
425 2413 457 2449 ιιι
475 2389 616 2449 echinum
636 2389 834 2469 coniicicute,
871 2378 1043 2489 postulabat
1060 2391 1173 2474 etipse
1192 2393 1263 2454 date
1314 2430 1317 2437 =

44 2465 49 2479 ⁸
96 2477 296 2540 iureiurando
312 2495 344 2536 se
363 2470 498 2535 liberari?
503 2476 582 2576 Ego
600 2495 673 2537 tero
692 2474 752 2536 uisi
769 2487 853 2536 certo
872 2474 1005 2550 scissem,
1019 2498 1098 2538 ¹·cutn
1112 2490 1143 2538 et
1160 2477 1265 2539 eivita-

97 2565 180 2624 tibus
207 2576 237 2622 et
263 2561 438 2621 hominibus
464 2560 605 2641 privatis,
632 2574 662 2620 et
681 2581 771 2641 saepe
795 2573 826 2620 et
848 2561 965 2642 magnis
982 2562 1014 2621 iu
1032 2562 1152 2637 rebus,
1165 2562 1265 2622 datam

55 2656 61 2671 ⁸
96 2649 242 2710 fefellisse
260 2648 367 2707 fidem
387 2640 610 2706 detulissem
582 2667 611 2704 er
629 2667 700 2705 sane
719 2646 750 2704 ιιι
767 2645 986 2706 iusiurandum
1008 2647 1112 2728 Nunc,
1130 2669 1199 2708 cum
1218 2660 1266 2707 te-

97 2748 159 2795 stes
185 2733 258 2791 mihi
283 2733 360 2804 sint,
388 2730 539 2810 accepisse
563 2744 723 2813 argentum
741 2752 764 2790 a
788 2752 892 2790 mensa
916 2751 987 2805 eos,
1015 2731 1162 2813 quibus
1152 2745 1210 2793 rste
1231 2732 1264 2792 id
1310 2762 1314 2769 v

97 2819 190 2897 dari
181 2831 322 2889 iusserat,
341 2829 557 2896 praetereaque
575 2815 702 2875 illustria
721 2829 912 2898 argumenta,
930 2837 993 2876 nou
1012 2817 1265 2879 committendum

95 2904 283 2976 ridebatur,
301 2914 336 2961 ιιι
360 2901 388 2961 ei
413 2900 622 2961 iusiurandum
647 2886 815 3002 deferrem,
842 2899 895 2981 qui
920 2900 1089 2962 iusiurandi
1113 2894 1275 2984 religione

96 2991 153 3072 qul
171 3001 354 3065 moveretur,
376 3008 444 3046 cum
463 3008 530 3046 nec·
536 2986 573 3045 ab
592 2985 650 3045 aris
667 2986 741 3067 ipsis
758 3006 829 3067 prae
846 2986 969 3047 avaritia
987 3008 1092 3048 manus
1110 2986 1266 3049 abstinue-

96 3076 161 3136 rit?
196 3074 244 3160 Ac
259 3072 352 3133 multa
371 3071 545 3154 singulatim
562 3072 670 3131 referri
685 3085 827 3152 possent,
861 3071 999 3151 quibus⁸
990 3094 1022 3132 ιιι
1032 3073 1131 3134 rebus
1149 3070 1264 3132 temere

95 3152 258 3242 peierarit.
286 3178 362 3238 quae
380 3178 453 3216 tero
473 3157 538 3216 eins
562 3157 716 3256 petiriria
719 3169 749 3216 et
774 3156 997 3217 evidentissima
1020 3170 1051 3217 ct
1067 3157 1155 3218 vobis
1174 3157 1264 3251 etipm

98 3266 164 3306 ιιοιι
182 3245 285 3327 ignota
303 3254 384 3315 sunt,
403 3262 437 3304 ea
455 3241 569 3301 vobis’
560 3262 591 3300 ιιι
610 3242 786 3301 memoriam
802 3242 946 3342 redigam.
963 3241 1182 3317 Meministis,
1172 3222 1266 3302 rstdm

69 3406 72 3411 .
97 3352 157 3414 pro
176 3329 323 3389 concione
343 3328 457 3386 iurasse
477 3339 519 3386 et
525 3326 721 3407 imprecatum
740 3324 831 3385 sibi⁸
822 3326 1081 3400 rnterueeiouem,
1106 3327 1165 3389 nisr
1156 3326 1266 3408 ⁸lphi-

99 3427 212 3476 cratem
231 3413 455 3496 peregrinitatis
473 3424 636 3484 accusaret,
655 3423 686 3470 et
703 3433 771 3472 suas
785 3411 942 3497 facultates
961 3428 1161 3472 consecrasse.
1178 3412 1266 3487 Quae

73 3548 76 3555 ι
98 3523 168 3563 cum
189 3499 317 3563 iurasset
333 3511 364 3557 et
381 3518 437 3579 pro
456 3495 607 3557 concione
623 3490 825 3580 promisisset,
843 3514 911 3559 ιιοιι
920 3497 1016 3578 longo
1029 3508 1170 3578 tempore
1186 3508 1268 3577 post,

98 3587 232 3668 privatae
250 3583 389 3644 utilitatis
408 3600 506 3656 eausa,
526 3602 610 3641 suam
628 3581 720 3641 filiam
739 3564 820 3642 illius
839 3580 903 3640 filio
923 3581 1112 3662 despondit
1129 3580 1218 3657 Qui'
1208 3579 1268 3663 rgi-

98 3685 270 3751 tarneque
294 3690 348 3733 vos
373 3668 488 3728 veritus
511 3679 571 3726 est·
579 3666 779 3768 pollicitando
808 3666 967 3747 decipere,
991 3686 1059 3725 cum
1083 3666 1167 3749 leges
1185 3686 1267 3745 eum,
1288 3669 1350 3724 26³

98 3756 204 3838 quiid
223 3753 340 3825 fecerit,
356 3745 479 3853 publice
498 3752 603 3834 capitis
621 3752 753 3812 accusari
745 3751 913 3824 'iubeant,·
930 3771 1034 3835 neque
1048 3751 1152 3811 deos
1143 3755 1269 3810 ammei·-

97 3842 194 3937 tales,
213 3860 353 3920 quorum
360 3839 501 3898 invocato
520 3838 645 3898 nurnine
664 3837 736 3897 diris
754 3850 844 3918 caput
861 3857 949 3896 suum
968 3824 1111 3909 devovit,
1130 3856 1192 3916 quo
1210 3834 1268 3895 mi-

100 3942 159 3987 nus
185 3926 367 4007 peieraret,
376 3922 599 3983 reformidavit.
626 3921 654 3982 ei
672 3943 721 3981 me
747 3921 890 3981 uoluisse
906 3921 1039 3981 deferre
1034 3920 1270 3993 iusiurandum,

101 4024 189 4072 estne
206 4011 281 4071 vitio
297 4007 499 4071 vertendum?
532 4007 652 4107 Neque·
658 4007 748 4067 etiam
752 4002 819 4066 diu
838 4017 894 4080 est,
912 4026 980 4067 com
993 4014 1103 4066 rursus
1120 4024 1178 4088 pro
1195 4020 1271 4065 eon-

102 4096 193 4159 eione
213 4096 335 4168 iuravit,
360 4093 431 4153 sibi
437 4093 602 4152 nonsatis
609 4112 675 4154 esse
693 4091 869 4153 facultatum
888 4091 925 4150 ad
950 4092 1204 4153 sustentationem
1222 4110 1272 4150 se-

101 4182 246 4285 nectutis,
264 4204 331 4243 cum
350 4191 448 4239 tautae
467 4198 541 4261 opes
558 4178 725 4259 possideat:
736 4179 821 4238 adeo
838 4164 1028 4258 inexplebili·
1034 4187 1065 4236 et
1081 4172 1218 4237 sordido
1225 4187 1272 4239 est

102 4269 239 4352 iugenio.
243 4264 323 4349 Ego
336 4285 409 4324 vero
422 4286 439 4323 e
454 4262 542 4323 vobis
557 4280 704 4366 quaerere
716 4264 818 4336 velim,
836 4262 1008 4342 numquid⁸
999 4261 1180 4323 irascamini
1185 4280 1271 4321 men

101 4353 201 4429 sariis,
219 4374 273 4433 qur
264 4349 482 4412 conturbant
505 4348 572 4408 Si
563 4349 663 4432 igitur
674 4348 762 4409 illis⁸
753 4368 825 4409 rure
838 4347 1019 4422 irascimini,
1027 4356 1071 4406 ut
1069 4347 1142 4429 ιιιιιι
1147 4364 1206 4409 uos
1223 4345 1273 4404 iir-
1341 4365 1349 4373 ·

991 4431 1069 4511 36*
1143 4448 1154 4459 ‘
