2722 4754
313 178 318 183 ’
368 184 576 255 corrue
611 182 953 267 susumus-ru.
1119 137 1224 246 ¹>sar

57 339 192 415 cidisset‚
211 343 458 411 statim‘istorum
477 326 611 421 quidam,
623 344 770 421 ⁴tanquam
789 341 874 403 exsul
892 340 950 400 iam
964 347 1104 401 essem‘et
1116 332 1225 416 periis-
1246 337 1320 397 341-

57 448 134 500 sem,
152 428 365 489 domunculam
380 429 414 488 in
432 449 505 510 agro
524 440 619 488 noctu
636 427 781 510 aggressi,
804 428 1040 497 instrumentum
1068 434 1099 482 et
1123 417 1225 500 supel-

58 512 193 572 lectilem
215 514 333 573 auferre
352 527 424 573 sunt
440 512 558 573 conati:
584 532 681 591 usque
709 513 836 573 adeost
858 533 912 572 vos
931 524 962 572 et
986 511 1068 593 leges
1088 519 1226 566 contem·

59 611 175 657 serunt.
191 597 248 670 Ac,
265 598 291 658 si
308 598 410 670 vultis,
429 597 518 657 huius
530 597 576 658 rei
590 597 729 657 conscios
749 597 915 656 citabimus.
932 596 998 655 Etsi
1012 607 1113 654 autem
1131 589 1227 650 multa
1250 589 1255 603 '

60 683 221 756 haberem,
240 703 315 769 qqae
334 682 384 742 isti
400 689 614 763 perpetrarunt
632 696 662 742 et
681 683 819 743 ementiti
837 695 928 755 sunt,
951 676 1228 748 commemoranda,
1247 724 1251 731 c

60 767 254 847 libenterque
273 767 358 827 vobis
378 788 578 848 exponerem:
596 789 629 827 ea
648 780 759 842 tamen,
779 790 847 827 cunr
866 779 986 847 praeter
1002 787 1066 825 rena
1085 784 1151 825 esse
1169 783 1227 842 pu-

60 843 313 925 tetis,‘omittam.
349 852 401 912 llla
420 865 519 911 autem
548 852 750 912 recordamini
769 865 799 912 et
825 865 975 934 spectate,
1000 849 1119 930 quantis
1137 869 1229 929 argu-

61 937 173 997 mentis
191 938 285 997 sretus
305 938 342 996 ad
360 959 414 997 vos
439 939 623 1009 accesserim.
651 941 692 996 Ut
711 938 790 997 eninr
809 959 863 997 vos
882 938 912 996 in
932 935 1073 996 Sexviros
1097 932 1227 1012 inquiri-

61 1023 116 1082 tis:
134 1023 171 1080 ad
190 1023 319 1083 eundem
339 1043 397 1104 ego
416 1022 540 1081 modum
560 1025 639 1103 apud
659 1044 711 1082 vos
724 1024 756 1082 in
772 1045 821 1083 me
835 1023 992 1103 inquiram.
1010 1021 1105 1092 Heus,
1123 1019 1228 1089 homo,

64 1108 132 1187 quis
151 1107 208 1166 tibi
226 1107 404 1187 patersuit?
429 1106 523 1166 Mihi?
547 1110 573 1166 T
576 1108 719 1168 hncritus.
745 1109 901 1188 Numquid
920 1108 1014 1188 aliqui
1031 1127 1064 1165 se
1082 1114 1229 1186 cognatos

65 1192 130 1251 eius
149 1212 213 1250 esse
233 1192 451 1252 testificantur?
488 1191 638 1252 Omnino:
664 1193 794 1274 primum
814 1193 991 1254 consobrini
1010 1204 1157 1272 quatuor,
1175 1189 1229 1247 de-

64 1277 135 1336 inde
153 1277 312 1349 sobrinus,
330 1290 416 1357 post,
436 1277 489 1355 qui
506 1278 704 1338 consobrinas
723 1280 787 1338 eius
806 1281 972 1351 duxerunt,
1002 1277 1127 1336 curiales
1146 1273 1231 1357 item,

64 1383 122 1421 nec
139 1382 203 1420 non
218 1361 369 1441 Apollinis
389 1363 466 1442 patri
486 1375 515 1421 et
534 1364 611 1422 lovis
628 1363 738 1422 Hercei
757 1363 915 1446 gentiles,·
932 1363 1041 1422 deinde
1060 1361 1098 1431 ii,
1118 1359 1230 1437 quihus

23 1476 27 1482 ·
66 1445 252 1506 monimenta
270 1441 342 1506 sunt
359 1448 480 1506 eadem:
507 1447 617 1507 deinde
636 1447 804 1529 municipes
824 1469 892 1508 eum
912 1468 1000 1528 saepe
1021 1458 1050 1505 et
1068 1443 1231 1526 probatum

66 1551 131 1590 esse
151 1543 182 1590 et
205 1531 394 1613 magistratus
420 1531 636 1612 gessissessuis
662 1533 813 1614 suffragiis
838 1533 1046 1592 ostenderunt.
1070 1532 1128 1607 ¹De
1145 1540 1233 1608 patre-

66 1616 168 1696 igitur,
188 1616 260 1694 quid
278 1616 364 1676 vohis
383 1616 508 1695 aequius
527 1618 742 1677 aut‘sincerius
761 1619 869 1678 afferre
887 1615 1073 1697 potuissem?
1105 1612 1231 1672 Vocabo

65 1714 167 1759 autem
185 1700 271 1758 vobis
290 1713 446 1782 cognatos,
464 1702 489 1760 si
506 1702 604 1762 vultis.
622 1703 683 1767 ,De
701 1714 796 1762 matre
813 1724 906 1785 porro
925 1702 1035 1761 audite.
1060 1701 1157 1772 Mater
1173 1696 1231 1757 mi-

66 1785 99 1843 hi
118 1796 164 1843 est
180 1784 329 1857 Nicareta,
346 1784 408 1844 lilia
425 1781 609 1847 Demostrati
627 1788 803 1848 Melitensis.
830 1788 904 1847 Eius
923 1787 1056 1870 cognati,
1074 1785 1127 1866 qui
1145 1782 1232 1844 testi-

67 1869 204 1928 monium
224 1870 348 1929 dicunt?
366 1869 500 1930 Primum
518 1873 662 1954 patruelis
676 1872 736 1952 tilii
755 1875 826 1946 duo,
846 1874 955 1933 deinde
974 1870 1151 1933 consobrini
1169 1889 1233 1927 rna-

66 1954 140 2025 tris,
166 1967 237 2031 post
253 1954 447 2015 Protomachi
464 1955 540 2030 filii,
565 1957 646 2031 eius,
670 1957 723 2038 qui
740 1972 867 2019 matrem
892 1981 988 2019 meam
1015 1957 1101 2039 prior
1118 1953 1234 2026 habuit,
1304 1984 1307 1993 ι

67 2037 197 2109 deinde,
215 2039 267 2117 qui
285 2060 421 2099 sororem
440 2062 535 2101 meam
554 2064 590 2102 ex
607 2044 811 2105 Protomacho
832 2045 934 2121 dunit,
951 2043 1086 2103 Eunicus
1105 2038 1234 2100 Cholar-
1294 2054 1296 2060 ’

67 2122 180 2206 gensis,
199 2135 268 2201 post
285 2124 366 2183 filius
384 2126 505 2185 sororis.
533 2128 616 2201 Quin
636 2141 666 2187 et
684 2129 825 2188 curiones
845 2129 966 2211 cognati
985 2122 1098 2198 matris,
1118 2139 1148 2185 ct
1166 2146 1247 2184 muae

67 2206 184 2286 nicipes
203 2207 283 2267 idern
302 2221 374 2268 sunt
390 2209 549 2271 testificati.
585 2211 668 2286 Quid
680 2213 790 2294 igitur
798 2213 952 2292 requiritis
972 2211 1120 2293 amplius?
1155 2209 1234 2282 Nam

69 2305 99 2352 et
124 2314 160 2351 ex
184 2294 367 2372 praescripto
394 2294 497 2375 legum
520 2297 704 2354 contraxisse
727 2298 953 2357 matrimonium
979 2310 1094 2379 patrem
1123 2307 1154 2353 et
1175 2316 1234 2353 nu-

67 2376 161 2457 ptiale
180 2398 289 2436 munus
310 2377 456 2450 obtulisse
475 2380 656 2454 curialibus?
665 2394 758 2441 testes
778 2384 1003 2443 confirmarunt„
1020 2381 1069 2441 Ad
1088 2380 1162 2440 haec
1180 2401 1234 2438 au-

68 2476 131 2522 tem
150 2483 197 2521 me
213 2462 311 2541 ipsum
331 2483 453 2542 quoque
473 2465 593 2525 ostendi
611 2466 802 2548 participasse
820 2489 1011 2544 resomnes,
1029 2487 1106 2547 quae
1125 2467 1237 2524 decent

70 2548 228 2628 ingenuos.
264 2548 469 2628 Quapropter,
492 2549 528 2608 ab
549 2551 689 2611 omnibus
713 2552 848 2632 partibus
875 2553 941 2613 iure
961 2567 991 2613 et
1016 2551 1236 2612 convenienter

71 2632 132 2691 lato
150 2653 205 2710 pro
225 2632 312 2691 nobis
332 2633 489 2716 suffragio,
505 2634 649 2718 religiose
667 2638 911 2716 pronuntiabitis.
947 2641 1007 2698 lam
1026 2637 1134 2709 etiam,
1153 2633 1237 2708 ludj-

71 2737 139 2787 ces,
165 2715 305 2776 Serviros
323 2717 534 2801 interrogatis,
553 2743 590 2780 an
608 2720 784 2802 parentibus
811 2723 1007 2783 benefaciant
1042 2722 1109 2804 Ego
1126 2741 1200 2782 vero
1219 2741 1236 2779 a

70 2813 154 2882 patre
173 2801 306 2882 pupillus
324 2814 391 2862 som
415 2804 555 2864 relictus:
581 2800 707 2874 matre'm
730 2822 847 2882 autem,
873 2809 1001 2868 obsecro
1026 2826 1080 2866 vos
1099 2819 1130 2865 et
1148 2805 1237 2866 obte-

71 2899 154 2958 stor,
179 2886 263 2957 utin
282 2887 385 2967 patriis
403 2889 532 2969 sepelire
551 2892 746 2952 monimentis
766 2892 825 2952 hoc
842 2905 943 2953 vestro
968 2891 1116 2975 suffragio
1133 2891 1239 2950 liceat:
1288 2968 1292 2977 ἱ

70 2991 109 3029 ne
129 2991 177 3029 me
196 2971 376 3050 prohibete,
394 2987 601 3035 neextorrem
621 2977 719 3059 agite,
737 2999 776 3036 ne
795 2979 931 3060 cognatis
948 2976 1086 3060 spoliate,
1106 2996 1237 3056 quorum

70 3068 154 3114 tanta
170 3056 334 3116 multitudo
353 3071 409 3131 est,
426 3079 465 3118 ne
484 3061 615 3140 denique
634 3084 682 3121 me
700 3063 827 3143 perdite.
843 3063 950 3123 Potius
969 3063 1061 3150 enim,
1079 3082 1168 3143 quam
1183 3081 1237 3121 eos

71 3141 225 3219 deseram,
243 3140 267 3200 si
286 3141 323 3200 ab
342 3143 385 3203 eis
403 3146 573 3212 conservari
591 3167 655 3206 non
672 3160 821 3229 potuero,
839 3169 888 3207 me
905 3149 970 3232 ipse
987 3146 1185 3221 interficiam,
1202 3157 1252 3206 ut'

71 3226 179 3286 saltem
196 3225 233 3285 ab
251 3225 294 3286 eis
312 3225 343 3285 in
361 3227 455 3308 patria
472 3229 607 3310 sepeliar.
700 3278 705 3286 s
755 3238 761 3247 “

23 3575 377 3657 'DELA'TIO
439 3583 712 3660 CONTRA
765 3520 1324 3677 THE'ocRJNEthsta

429 3926 886 3991 ARGUMENTUM.

73 4037 171 4125 Hanc
191 4066 370 4142 orationem,
387 4069 491 4129 nescio
511 4090 569 4148 qua
586 4070 724 4145 ratione,
741 4072 773 4132 in
791 4073 919 4155 privatas
938 4071 1077 4156 plerique
1095 4073 1242 4152 referunt,
1268 4112 1271 4117 ·

75 4174 145 4213 cum
172 4151 330 4214 ma'niseste
348 4155 388 4213 sit
410 4154 546 4235 publica:
573 4157 655 4234 quod
675 4177 711 4216 ex
735 4154 803 4239 ipso
828 4173 1008 4243 argumento
1034 4162 1242 4244 perspicietur.

76 4239 262 4299 Mercatores
286 4251 338 4298 ant
363 4238 562 4299 navicularios
579 4241 801 4317 Athenienses,
827 4244 879 4324 qui
897 4243 957 4304 alio
982 4246 1125 4328 quopiam
1151 4269 1241 4328 quam

76 4322 213 4399 Athenas
231 4321 418 4385 frumentum
442 4330 601 4401 venerant,
625 4327 736 4389 licebat
753 4325 879 4390 deferre.
912 4331 975 4391 Lex
992 4343 1093 4393 autem
1111 4346 1192 4409 erat,
1205 4331 1243 4395 ‚si
1271 4378 1275 4383 -
