2722 4754
1121 122 1273 167 .⁴x=,

118 167 274 239 aaa„
358 117 1009 245 'nrnosrnnmsonamo
1086 208 1092 215 .

109 341 111 351 ·
134 321 291 401 existimo,
308 320 427 404 gravius
446 320 662 387 mulctandum.⁴
680 321 853 402 ,Nuntiavit
870 319 945 381 mihi
962 337 1055 400 porro
1073 315 1215 403 quidam,
1232 332 1310 394 eum

122 405 373 493 ‚circumeuntem
401 404 546 489 colligere
572 429 605 469 ac
631 406 791 483 sciscitari,
817 406 999 488 quibusnam
1022 425 1082 464 usu
1105 400 1247 489 venerit,¹
1271 405 1310 487 ut
1343 444 1346 451 .

132 491 328 575 contumeliis
346 490 556 568 afficerentur,
592 513 710 573 eosque¹
724 493 810 554 vohis
830 483 982 567 dicturum
1000 502 1032 550 et
1050 495 1309 549 commemoratu·

65 619 68 625 ,
133 587 202 641 rum'
221 597 303 638 esse:
328 575 439 651 veluti,
456 558 676 655 Athenienses,
699 578 886 663 praesidem,
909 570 1000 656 quem
1018 573 1183 655 aliquando
1200 572 1313 632 ferunt·

127 664 216 745 ‘apud
241 666 338 723 vos‘a'
354 661 500 747 Polyzelo
524 663 733 739 verberatum,
759 677 792 725 et
807 662 981 735 Servirum,
1006 661 1060 742 qui
1082 679 1185 740 nuper
1203 657 1311 740 plagas

134 746 251 828 accepit
268 748 301 807 in
318 744 443 808 tibicina
460 750 639 825 asserenda,
658 764 689 810 et
706 749 780 810 alios
800 736 948 829 quosdam
967 748 1031 808 eius
1049 744 1179 828 generis.
1208 739 1312 818 Quasi

69 884 72 890 .
98 911 100 914 y
134 854 219 906 vero,
231 832 263 892 si
279 832 391 894 multos
408 832 483 894 alios
500 835 594 895 multa
610 835 717 905 acerba
734 855 894 916 perpessos
910 832 1090 905 ostenderit,
1106 850 1161 891 vos
1179 826 1325 909 aequiof‘
1354 843 1356 847 ’

66 975 69 984 .
135 919 219 980 ribus
238 918 346 979 animis
358 919 460 980 factas
474 919 550 980 mihi
567 919 692 981 iniurias
710 920 802 992 laturi
819 919 893 980 sitis.
928 918 1005 978 Mihi
1022 937 1113 990 vero,
1133 913 1312 975 Athenien-

136 1025 203 1088 ses,
221 1003 407 1065 contrarium
425 1003 491 1064 iure
509 1004 612 1088 potius
631 1005 804 1066 faciendum
820 1005 958 1065 videtur:
983 1004 1009 1063 si
1028 1020 1118 1084 quam
1132 1001 1231 1060 modo
1250 1020 1310 1080 pu-

135 1090 235 1152 blicae
250 1088 389 1150 utilitatis
408 1089 559 1150 rationem
576 1085 688 1151 hahere
706 1091 849 1152 debeatis.
866 1090 945 1165 ‘Quis
965 1089 1047 1150 enim
1064 1099 1199 1148 vestrum
1217 1085 1311 1168 igno-

50 1222 74 1248 „
101 1224 106 1229 .
136 1189 199 1250 rat,
217 1189 253 1236 ut
271 1174 447 1235 huiusmodi
464 1175 559 1236 multa
576 1176 669 1252 fiant,
687 1175 899 1258 impunitatem
906 1155 949 1235 in
967 1195 1056 1235 causa
1074 1177 1155 1233 esse:
1180 1170 1219 1240 ut
1235 1188 1312 1232 vero

87 1298 91 1305 ·
137 1261 280 1343 deinceps
306 1280 397 1341 nemo
422 1260 596 1340 petulanter
619 1282 708 1344 agere
733 1255 822 1336 ausit,
848 1262 880 1321 id
904 1260 960 1321 hac
986 1260 1050 1320 sola
1072 1257 1192 1318 ratione
1217 1268 1312 1338 posse

90 1417 94 1423 ¹
137 1346 260 1430 perfici,
296 1346 341 1419 si,
373 1346 549 1428 quicunque
577 1344 787 1428 deprehensus
809 1338 918 1420 fuerit,
947 1345 1097 1426 meritum
1124 1334 1312 1424 supplicium

30 1457 32 1460 ·
81 1436 104 1473 '-
137 1431 222 1494 luat?
234 1431 274 1490 si
292 1431 389 1514 igitur,
404 1431 480 1492 alios
498 1432 536 1493 ab
556 1431 733 1494 huiusmodi
749 1431 936 1493 facinoribus
957 1429 1105 1491 deterreri
1124 1428 1315 1510 expedit-ea

139 1538 263 1599 quoque
282 1517 319 1576 de
338 1537 427 1577 eausa
445 1517 503 1577 iste
520 1517 694 1599 puniendus
712 1531 776 1594 est,
795 1538 895 1598 eoque
911 1516 1025 1599 magis,
1057 1535 1119 1596 quo
1137 1511 1226 1596 plura
1246 1510 1324 1572 eius·

135 1604 171 1664 ¹et
194 1601 343 1663 atrociora
366 1602 500 1665 facinora
525 1616 658 1665 exstant:
682 1604 730 1665 sin
753 1604 792 1664 ad
814 1602 968 1664 licentiam
992 1601 1154 1685 aperienda
1176 1599 1314 1660 fenestra

139 1699 196 1761 est,
215 1699 246 1747 et
262 1687 319 1747 iste
330 1700 369 1748 -et
386 1686 438 1746 alii
456 1689 793 1770 omnes‘s'unt'impune
812 1673 993 1749 dimittendi.
1017 1689 1078 1748 lam
1096 1708 1162 1747 non
1179 1682 1312 1745 similem

139 1771 251 1833 hahere
269 1771 421 1832 istum-et*
428 1771 504 1832 alios
523 1773 729 1853 impetrandae
746 1772 853 1837 veniae
870 1795 989 1835 causam
1007 1773 1206 1834 inveniemus.
1229 1769 1312 1830 llam

139 1857 272 1940 primunr
288 1856 329 1941 is²
340 1857 394 1937 qui
409 1857 567 1918 Servirum
579 1859 759 1936 verberavit,
773 1873 835 1922 tres
852 1859 960 1921 hahuit
975 1858 1196 1930 excusationes,
1211 1854 1322 1916 ebrie:

54 1971 57 1975 ’
139 1955 250 2016 tatem,
268 1963 419 2017 amorem,
437 1943 842 2028 ignorantiam:'›propterea
860 1947 944 2026 quod
962 1958 1063 2005 noctu·
1075 1957 1106 2009 et
1124 1938 1313 2003 intenebris

57 2036 119 2093 335
140 2050 188 2090 res
207 2040 292 2112 gesta
311 2040 364 2088 est
387 2027 508 2088 Deinde
523 2029 696 2114 Polyael'us,
714 2031 872 2098 iracundia
887 2043 919 2091 et
935 2030 1038 2091 subito
1057 2028 1189 2110 impulsu
1207 2023 1314 2097 animi,

73 2125 76 2131 ’
142 2114 195 2196 qui
214 2112 403 2183 deliberandi
419 2113 550 2196 spatium
563 2130 676 2199 negat,
704 2138 737 2178 se
754 2109 895 2199 peccasse
914 2116 1005 2176 dixin
1029 2135 1094 2198 nec
1113 2113 1198 2173 enim
1209 2108 1313 2185 hostis

105 2246 112 2252 .
137 2201 254 2275 fuerat,
273 2219 373 2280 neque
393 2199 704 2274 contumeliae-causa
721 2203 849 2277 fecerat„
883 2201 995 2262 Midiae
1013 2221 1086 2261 vero
1105 2196 1182 2279 nihil
1199 2197 1318 2256 horum

68 2300 93 2366 j
142 2300 204 2358 est,
223 2285 307 2365 quod
324 2284 411 2345 dicat.
428 2285 506 2347 Nam
525 2298 555 2347 et
572 2286 714 2352 inimicus
731 2289 807 2348 mihi
824 2287 899 2361 fuit,
918 2300 949 2348 et
965 2286 1101 2346 interdiu
1119 2275 1223 2357 sciens,
1237 2300 1315 2341 con-

55 2428 57 2433 ,
116 2375 126 2409 ³
141 2369 298 2449 tumeliam
315 2369 395 2430 fecit
409 2380 414 2407 ¹
429 2369 494 2430 Nec
512 2391 549 2433 ex
566 2370 626 2433 hoc
644 2373 759 2455 solum,
782 2375 835 2435 sed
854 2395 891 2434 ex
908 2371 1050 2453 omuibus
1069 2369 1161 2430 rebus
1179 2378 1317 2449 apparet,

80 2458 81 2461 ’
142 2456 188 2544 illi
213 2455 306 2545 fuisse
332 2456 547 2536 propositum,
566 2457 642 2517 mihi
666 2450 820 2535 insultare.
863 2460 924 2518 lam
943 2463 1000 2517 nec
1026 2456 1124 2515 simile
1150 2453 1334 2535 quicquam¹

99 2616 107 2629 „
143 2542 180 2603 ah
200 2541 259 2612 illis
279 2553 310 2600 et
327 2561 343 2599 a
360 2562 409 2601 me
427 2543 539 2602 sactum
558 2544 847 2606 ussermannus
865 2543 1023 2603 Sexvirum
1040 2541 1127 2600 illum
1138 2561 1203 2600 nec
1220 2535 1317 2601 vestri

97 2636 100 2641 '
143 2647 201 2694 nec
217 2616 321 2709 legum
338 2626 489 2688 rationem
507 2627 672 2703 hahuisse„
684 2643 736 2690 aut
754 2630 886 2713 graviter
901 2628 1008 2689 tulisse
1027 2639 1162 2687 constet:
1178 2624 1231 2699 sed
1248 2621 1315 2704 pri-

131 2712 246 2786 uatim,
264 2732 380 2771 summa
397 2714 502 2773 neseio
520 2727 632 2794 quanta
651 2715 823 2791 delinitum,
840 2715 877 2775 ah
896 2713 1016 2774 actione
1035 2712 1196 2773 destitisse.
1216 2707 1316 2768 Dein-

55 2879 60 2886 f
89 2832 91 2836 ν
138 2799 184 2859 de
201 2797 244 2870 is,
263 2797 315 2876 qui
333 2817 349 2856 a
367 2795 706 2882 Polyaeloi’erheratus
724 2799 801 2874 fuit,
820 2801 857 2861 de
877 2820 911 2859 ea
928 2796 1061 2880 ipsa're,
1084 2797 1199 2878 privata
1216 2806 1316 2861 &²1¹⁸-

66 2882 91 2967 ‘x
145 2883 265 2944 actione
283 2883 371 2956 facta,
390 2896 420 2944 et
437 2883 555 2966 legibus
570 2898 605 2946 ‘et
622 2885 709 2947 vohis
728 2906 784 2967 pro
803 2885 900 2945 nihilo
918 2883 1040 2959 habitis,
1058 2904 1097 2943 ne
1116 2883 1149 2942 in
1166 2878 1317 2945 iudicium

31 2998 35 3005 ·
90 3007 94 3011 -
146 2968 271 3050 quidem
288 2967 467 3050 Polyzelurn
485 2967 616 3031 adduxit
658 2971 692 3030 Si
716 2971 783 3051 quis
807 2971 904 3053 igitur
915 2969 996 3029 ‘illos
1019 2967 1210 3030 accusare-in
1227 2982 1318 3046 prae-

46 3081 56 3103 ·
146 3053 243 3114 sentia
261 3052 360 3127 volet,
396 3054 470 3115 haec
489 3055 616 3119 dicenda
636 3069 744 3118 eruntz
778 3057 825 3117 sin
844 3054 1039 3117 criminaisti
1055 3076 1112 3137 per
1128 3049 1318 3113 meohiecta

34 3165 38 3174 ⁸
125 3139 296 3212 refutare,
321 3139 440 3218 quidvis
458 3141 561 3221 potius
587 3142 646 3202 erit
667 3138 865 3202 afferendum.
908 3141 985 3200 Nam
1007 3141 1085 3200 haec
1105 3136 1229 3222 negotia
1247 3153 1332 3194 curn·

147 3224 224 3297 illis,
242 3237 277 3283 ut
296 3246 373 3304 quae
391 3226 534 3301 maxime,
553 3240 697 3310 pugnant
729 3229 779 3289 Me
799 3228 879 3288 enim
898 3247 955 3287 nec
973 3227 1125 3308 accepisse
1144 3223 1320 3306 quiequam,

37 3323 45 3345 ¹
146 3329 204 3370 nec
222 3309 358 3390 accipere
376 3310 544 3372 instituisse
563 3326 781 3396 cognoscetur:
808 3314 862 3373 sed
881 3333 946 3372 eam
964 3312 1132 3384 ultionem,
1157 3318 1319 3389 quactum

65 3473 69 3478 Ι
135 3394 440 3477 pro-legibusqstum
460 3418 515 3479 pro
534 3399 615 3472 Deo,
630 3411 696 3459 tum
714 3420 769 3479 pro
788 3397 875 3459 vobis
895 3399 1043 3481 exigenda
1061 3410 1123 3468 est,
1141 3395 1181 3456 ita
1197 3391 1245 3451 uti
1263 3390 1321 3448 de-

40 3480 43 3484 ’
77 3480 88 3496 ’
133 3492 214 3554 acet,
236 3481 421 3553 reservatam
447 3505 529 3544 nunc
546 3484 634 3544 vohis
652 3483 829 3544 reddidisse.
856 3484 1018 3567 Neigitur
1036 3480 1141 3542 sinatis
1160 3472 1322 3558 eum-talia

122 3600 128 3613 x
148 3565 267 3639 dicere,
290 3587 390 3646 neque
410 3568 517 3642 etiam,
543 3570 568 3628 si
586 3566 719 3650 pervim
737 3570 915 3653 ingesserit,
933 3582 1077 3648 tanquam
1095 3564 1211 3646 aliquid
1230 3557 1322 3640 aequi

44 3713 47 3718 .
142 3651 263 3735 dicenti
281 3652 464 3715 auscultetis.
499 3655 576 3717 Nam
594 3651 713 3715 si'haec
731 3655 775 3716 sic
792 3656 873 3737 apud
890 3675 944 3715 vos
958 3655 1090 3725 ¹decreta
1108 3650 1323 3730 fuerintsnon

50 3780 55 3784 -
148 3736 241 3796 ullam
259 3737 469 3798 defensionem
488 3739 621 3800 hahebit-
646 3739 732 3814 Quae
752 3763 840 3802 eausa
859 3740 939 3800 enim
958 3739 1089 3799 humana
1108 3736 1225 3808 saltem,
1244 3746 1325 3813 quae

107 3881 118 3907 .-
148 3822 315 3883 mediocris
330 3826 483 3885 excusatio
502 3825 672 3886 facinorum
685 3826 767 3887 illins
782 3825 975 3909 proferetur?
993 3824 1152 3884 Iracundia
1163 3818 1326 3881 nimirums

148 3929 217 3967 nam
235 3907 296 3967 hoc
313 3908 442 3970 fortasse
461 3911 549 3972 dicet
585 3915 701 3972 Verum
719 3913 853 3993 adquae
871 3912 980 3991 aliquis
999 3910 1114 3983 subito,
1133 3910 1197 3967 'non
1217 3920 1325 3983 exspe-

148 4006 229 4053 ctato
249 3994 378 4056 consilio
405 3997 531 4070 mentis,
543 4054 547 4067 ,
560 3997 697 4057 facienda
715 3998 863 4080 impulsus
880 3997 989 4071 fuerit,
1023 3995 1143 4056 etiamsi
1162 4003 1326 4053 coutume-

62 4128 65 4135 ,
101 4106 107 4119 a
150 4077 369 4153 liosetfecerit,
395 4102 451 4162 per
468 4083 542 4142 iram
560 4096 662 4144 tamen
682 4103 748 4142 esse
772 4084 850 4145 facta
876 4083 977 4142 dicere
1001 4094 1117 4163 potest:
1142 4098 1224 4158 vquae
1249 4092 1325 4160 vero

150 4164 203 4224 diu
227 4176 296 4224 ante
320 4168 556 4246 praemeditatus
581 4169 776 4229 continenter
801 4168 993 4250 permultos
1017 4167 1082 4229 dies
1107 4176 1215 4225 contra
1239 4161 1326 4242 leges

149 4248 248 4315 facere
266 4249 364 4331 palam
383 4252 637 4334 deprehenditur,
654 4275 718 4314 non
737 4255 830 4317 modo
849 4254 935 4317 abest
951 4254 989 4314 ab
1009 4274 1057 4325 eo,
1074 4265 1109 4312 ut
1127 4251 1223 4327 iratus
1241 4247 1326 4327 fece-

149 4334 206 4408 rit,
231 4336 285 4428 sed
304 4337 424 4432 nemini-
438 4339 497 4400 iam
516 4338 643 4402 dubium
661 4341 728 4403 eise
747 4341 858 4419 dehet,
876 4338 953 4422 quin
968 4338 1007 4399 de
1024 4335 1175 4398 industria
1193 4335 1328 4413 dataque
