2722 4754
234 292 242 303 p
319 165 1053 280 inversus,ruisrocuarmr
1124 182 1126 187 ’
1192 202 1256 258 ssa

79 374 268 427 munerum,
287 373 364 433 quae
382 351 440 434 ipsi
457 345 651 432 privatimab
669 366 706 411 eo
725 350 895 432 accipiunt,
906 364 980 412 ‘cum
997 352 1108 432 reliqui
1125 351 1255 431 assideat·
1352 346 1354 351 ’

80 439 124 510 tie
151 438 391 518 circumscripti,
416 435 643 510 admirabundi,
668 437 765 519 ignari
796 437 938 520 veritatis.
968 511 970 516 Ι
990 439 1156 498 Postremo
1175 459 1258 499 nuuc

80 544 141 583 vos
168 523 362 604 induxissent
386 522 444 582 isto
462 522 746 594 senatusconsulto,
771 534 807 581 ut
824 521 986 583 satellitum
1005 523 1084 605 apud
1102 544 1173 583 eum
1191 523 1257 582 vice

79 608 312 691 fungeremini,
337 606 400 667 nisi.
421 628 477 667 nos
502 607 621 671 actione
639 607 694 667 bac
719 606 1006 668 intercessissemus:
1031 622 1063 671 et
1086 609 1257 690 respublica
1312 609 1317 613 ’

83 700 192 755 nostra
212 692 389 753 mercenarii
408 704 438 751 et
457 691 596 765 ministri·
610 693 690 772 apud
714 691 805 751 illum'
818 713 928 752 munus
947 692 1063 767 obiret,
1088 695 1257 756 custodiret

84 777 321 839 Charidemum·
355 779 512 838 Praeclare
536 776 659 837 scilicet
703 775 819 851 Quidni
846 797 936 850 vero,
970 798 1026 858 pro
1045 777 1255 860 dirimatque

83 864 377 937 bominum-tidem,
403 863 446 936 is,
468 863 521 943 qui
540 861 612 921 olim
631 861 695 943 ipse
713 862 916 925 mercenarius
934 876 1103 924 vestrorum
1122 865 1255 926 hostium
1271 887 1272 891 ’

83 950 219 1031 stipator
234 948 303 1021 fuit,
320 962 422 1029 vestro
441 947 706 1021 senatusconsulto
724 946 933 1008 custodiatur?
954 950 1014 1008 lam
1031 948 1108 1008 illud
1127 971 1174 1009 me
1192 952 1256 1011 forr

83 1048 169 1097 tasse
184 1034 335 1115 quispiam
348 1032 559 1116 interrogabit,
578 1054 633 1093 cur
649 1053 718 1114 ego,
736 1032 789 1113 qui
804 1033 878 1094 hacc
893 1033 935 1094 ita
951 1031 1104 1115 comperta
1120 1034 1257 1110 habeam,

85 1133 121 1181 et
135 1120 302 1201 plerasque
319 1117 446 1178 iniurias
465 1118 551 1198 quasi
568 1139 625 1200 per
640 1119 767 1202 vestigia
782 1117 842 1179 sim
860 1131 1033 1195 assectatus,
1053 1141 1101 1180 me
1119 1140 1183 1180 non
1202 1141 1257 1202 op·
1294 1153 1299 1166 ι

86 1205 264 1288 posuerim,
283 1224 365 1277 uon,
383 1226 451 1263 cum
465 1204 590 1264 civitate
609 1204 780 1277 donaretis,
797 1203 987 1279 obstiterim,
1004 1200 1174 1280 non,'cum
1193 1207 1258 1265 lan·
1324 1206 1327 1222 ¹

87 1292 232 1364 daretur,
249 1311 313 1349 uon
333 1289 483 1368 denique,
500 1289 676 1369 priusquam
684 1289 753 1349 hoc
771 1287 927 1349 decretum
943 1290 1049 1364 fieret,
1067 1291 1192 1351 verbum
1209 1291 1259 1351 ul-

88 1374 317 1438 lum-iecerim?
341 1375 407 1457 Ego
425 1395 510 1448 vero,
527 1373 880 1448 Athenienses-fatebor
896 1376 976 1454 apud
993 1396 1048 1436 vos
1067 1374 1188 1436 omnem
1205 1376 1258 1436 ve·
1335 1369 1339 1374 ’

90 1464 218 1524 ritatem.
253 1460 330 1520 Nam
350 1472 381 1519 et
398 1458 567 1519 honoribus
586 1459 745 1542 indignum
765 1478 831 1518 esse
849 1458 996 1533 sciebam,
1023 1473 1071 1541 et,
1098 1483 1166 1521 cum
1184 1458 1259 1523 haec

88 1547 140 1607 illi
157 1557 333 1607 ornamenta
348 1544 567 1617 tribuerentur,
584 1544 721 1618 aderam,
741 1556 772 1604 et
788 1565 851 1607 non
869 1567 936 1605 sum
954 1546 1138 1628 refragatus:
1155 1547 1260 1608 fateor.
1287 1617 1297 1632 .

87 1630 300 1708 Quamobrem
309 1629 329 1690 ἲ·
352 1618 464 1703 Quod,
481 1629 704 1704 Athenienses,
721 1629 852 1711 primum
869 1629 1101 1692 imbecilliorem
1117 1632 1183 1692 fore
1200 1656 1259 1715 pu-

87 1718 192 1779 tabam
207 1715 312 1775 multis
330 1716 411 1796 apud
429 1735 483 1775 vos
502 1715 693 1775 confidenter
709 1714 927 1775 mentientibus
946 1737 994 1775 me
1012 1738 1107 1777 uuum
1125 1711 1194 1777 vera
1213 1719 1260 1778 di·
1346 1708 1349 1713 ¹

89 1815 220 1864 centem
241 1800 361 1861 Deinde
380 1799 459 1859 nihil
476 1821 597 1873 eorum,
616 1819 692 1880 quae
710 1800 762 1868 ille
779 1820 836 1882 per
851 1801 993 1860 fraudem*
1007 1803 1261 1882 consequebatur,
1286 1868 1288 1873 Α

91 1892 200 1949 Iovem
215 1887 349 1965 deosque
374 1905 480 1957 omnes
505 1897 619 1958 testor,
643 1907 778 1965 unquam
804 1886 837 1944 in
862 1898 994 1945 mentem
1022 1887 1096 1945 mihi
1114 1887 1261 1949 veuitilli
1291 1952 1296 1960 ,

34 1966 42 1972 ’
88 1974 248 2034 invideret
262 1990 376 2051 neque
394 1992 448 2041 vos
467 1970 617 2052 insignem
636 1970 765 2051 aliquam
784 1970 898 2029 cladem
916 1983 1097 2050 accepturos¹
1110 1972 1261 2048 videbam,

88 2058 120 2119 si
137 2078 229 2138 quom
247 2054 390 2139 ele'vobis
408 2055 487 2115 male
503 2055 645 2115 meritum
663 2054 788 2135 impune
807 2055 963 2114 dimissum
980 2046 1204 2136 producaretis,
1224 2071 1260 2118 ut
1284 2092 1304 2141 ‘-

89 2144 141 2204 vel
160 2141 304 2222 deinceps
323 2141 410 2202 vobis
429 2140 508 2200 bene
526 2140 625 2200 facere
642 2141 741 2199 vellet
770 2139 846 2198 Nam
865 2140 897 2207 in
916 2140 1030 2222 donato
1048 2140 1114 2199 iure
1131 2140 1279 2208 civitatis,
1298 2199 1302 2203 .

92 2242 126 2290 ct
149 2227 275 2297 coronis
299 2227 429 2286 decretis
451 2225 562 2284 horum
585 2237 749 2304 utrumque
772 2224 877 2284 inerat.
920 2224 981 2284 Sed
1005 2222 1165 2305 postquam
1190 2247 1261 2287 eum
1308 2268 1312 2280 .

92 2313 184 2374 etiarn
200 2311 263 2371 tale
280 2311 436 2401 quippiam
454 2309 618 2370 machinari
634 2310 741 2382 uideo,
775 2304 836 2388 quo
854 2309 908 2369 fiat
931 2307 971 2393 (si
989 2311 1083 2369 modo
1101 2331 1172 2385 eos,
1207 2313 1260 2392 qui
1318 2342 1322 2350 ·

80 2420 146 2460 sua
164 2396 261 2481 gratia
277 2417 332 2456 vos
351 2395 508 2475 decepturi
526 2394 602 2468 sint,
620 2395 673 2473 hic,
686 2391 893 2476 instruxerit),
908 2404 945 2452 ut
962 2414 1069 2454 eorum
1087 2395 1262 2471 amicorum,

93 2504 172 2565 quos
189 2502 319 2564 peregre
337 2481 472 2554 habetis,
494 2479 708 2559 quidesobis
727 2478 805 2538 bene
820 2478 934 2538 mereri
951 2480 1090 2553 student,
1109 2481 1162 2560 qui
1179 2481 1261 2541 illins

92 2582 223 2630 conatus
238 2579 345 2626 contra
360 2587 414 2626 vos
430 2565 557 2625 hostiles
571 2564 756 2646 prohibituri
770 2576 881 2636 essent,
895 2563 1066 2623 cuiusmodi
1081 2578 1153 2625 suut
1165 2565 1263 2626 Athe-

93 2655 250 2724 nodorus,
276 2651 399 2725 Simon,
423 2651 552 2724 Bianor,
578 2650 750 2710 Archebius
767 2648 947 2735 Byzantius,
974 2650 1036 2708 duo
1054 2648 1100 2707 illi
1116 2646 1263 2722 Thra‘cia'e

94 2742 261 2823 reges,'ut,
279 2738 419 2817 inquam,¹
431 2735 541 2795 horum
559 2736 661 2794 nullus
680 2734 708 2794 ei
726 2734 774 2793 vel
794 2733 959 2806 adversari,
976 2733 1024 2793 vel
1043 2733 1262 2814 impedimento

96 2822 165 2886 esse
181 2824 301 2897 audeat,
317 2835 383 2882 tum
403 2822 524 2880 demum
542 2815 839 2893 uenio-accusatum:
865 2839 934 2877 cum
952 2817 1177 2897 illa‘impedire,
1196 2820 1263 2900 qui.
1286 2822 1348 2882 435

92 2908 308 2989 busacceptis-
321 2906 505 2987 reipublicae
523 2927 629 2986 parum
648 2905 806 2964 nociturus
825 2916 919 2976 esset,
947 2903 995 2962 vel
1013 2902 1152 2985 privatim
1170 2903 1207 2963 ab
1227 2915 1264 2965 'eo
1346 2896 1355 2905 ⁸

92 2994 181 3070 laesi,
199 2994 251 3054 vel
265 2991 489 3065 calumniatoris
505 3009 581 3064 esse,
599 2989 645 3049 his
664 3002 765 3049 autem
782 2987 942 3062 adversari,
954 2993 1014 3068 per
1029 3006 1107 3067 quae
1122 3011 1266 3072 magnum

92 3092 219 3141 nostrae
238 3077 353 3139 civitati
370 3077 482 3152 malum
501 3088 651 3148 struatur,
676 3073 801 3133 boniet
822 3072 880 3133 viri
904 3085 936 3132 et
954 3072 1026 3132 civis
1046 3093 1112 3133 esse
1123 3073 1266 3135 officium

95 3164 274 3227 existimem.
317 3164 400 3223 Haec
424 3174 512 3234 sunt,
537 3173 663 3241 propter
686 3161 764 3239 quae
788 3171 853 3219 tum
877 3156 964 3216 nihil>
978 3158 1056 3232 dixi,
1081 3180 1164 3219 nunc
1189 3160 1266 3221 dico.

95 3253 203 3311 Restat
221 3250 266 3309 eis
284 3248 352 3309 'talis
371 3249 470 3308 adhuc
489 3245 603 3319 oratio,
634 3267 692 3324 qua
715 3265 749 3304 se
768 3243 853 3304 vobis
871 3243 974 3304 sucum
991 3243 1124 3307 facturos
1143 3257 1266 3324 putant:
1292 3277 1293 3280 ¹

94 3332 331 3415 Cersoblcptem
356 3347 387 3393 et
404 3330 619 3391 Charidemum
643 3330 816 3390 adversatos
841 3347 906 3390 esse
930 3328 1057 3388 fortasse
1079 3329 1266 3410 reipublicae

95 3427 185 3495 tum,
205 3442 278 3480 cum
295 3420 399 3479 hostes
418 3430 537 3479 essent:
571 3436 653 3475 nunc
671 3435 761 3487 uero,-
786 3436 853 3474 cum
879 3415 940 3473 sint
958 3413 1046 3472 amici
1064 3413 1144 3473 etin
1163 3414 1266 3475 civita-

96 3519 162 3567 tem
178 3518 316 3566 nostram
334 3503 475 3578 oshciosi,
491 3496 609 3562 veteres
628 3500 758 3560 offensas
776 3520 842 3558 esse
861 3497 1016 3561 oblivione
1034 3498 1195 3573 delendast,
1210 3519 1267 3560 nec

97 3591 197 3665 enim,
224 3613 294 3651 cum
312 3588 568 3650 lacedaemonios
588 3598 760 3658 tueremur,
778 3605 835 3643 nos
853 3582 1046 3657 iniuriarum,
1064 3583 1175 3663 quibus
1193 3584 1267 3644 belli

91 3673 295 3758 'temporibus'
308 3676 344 3736 ab
363 3675 405 3734 eis
422 3673 523 3733 allecti
540 3670 796 3745 essemus-tuisse
811 3669 998 3741 recordatos,
1016 3688 1083 3741 nec,
1101 3688 1170 3750 cum
1184 3669 1266 3729 The-

96 3762 206 3836 banos,
227 3775 258 3822 et
273 3775 432 3842 postremo
447 3779 539 3829 nuuc,
556 3779 625 3816 cum
640 3756 837 3816 Euboeenses
854 3754 1094 3814 defenderemus.
1111 3755 1178 3836 Ego
1193 3774 1267 3814 uero
1286 3754 1292 3759 ’

90 3865 231 3921 censeo,
255 3848 281 3907 si
300 3867 338 3906 eo
355 3859 508 3925 tempore,
527 3863 587 3922 quo
607 3838 823 3921 Cersobleptae
842 3852 873 3899 et
888 3835 1070 3898 Charidemo
1089 3836 1195 3898 auxilia
1215 3840 1268 3899 de·
1319 3892 1332 3919 Ι,

96 3947 182 3995 creta
202 3945 319 4006 essent,
337 3952 393 3991 nos
412 3929 644 4000 obsisteremus,
661 3940 727 3987 tum
746 3927 868 3985 demum
885 3924 962 3984 hauc
980 3925 1149 3984 orationem
1167 3924 1269 3986 locum

96 4019 282 4080 habituram.
323 4016 471 4076 Sed-cum
488 4013 549 4074 tale
575 4012 652 4071 nihil
678 4024 785 4094 agatur
810 4023 862 4070 aut
879 4009 1023 4091 scriptum
1042 4010 1096 4081 sit,
1121 4021 1212 4089 atque
1231 4020 1268 4070 eo

96 4107 231 4167 tendant
249 4102 366 4176 omnia,
384 4114 420 4160 ut
434 4096 649 4178 Cersubleptae
664 4098 759 4170 ‚duces
777 4096 967 4178 potentiores
984 4095 1059 4153 hant
1076 4096 1182 4156 vestris
1201 4093 1268 4156 mu-

98 4191 158 4251 niti
175 4187 346 4260 custodiis,
364 4208 453 4266 quam
472 4195 626 4265 oporteat:
648 4183 783 4265 graviter
797 4202 922 4264 peccare
940 4181 1016 4240 istos
1033 4179 1171 4240 arbitror.
1205 4180 1270 4242 Ne'c

102 4278 185 4336 cuim
204 4295 338 4357 aequum
357 4285 412 4344 est,
425 4288 501 4330 cum
518 4270 571 4330 tali
589 4269 727 4330 oratione
745 4281 879 4339 utantur,
897 4265 994 4345 qualis
1012 4284 1065 4349 eos
1084 4266 1199 4340 deceat,
1217 4266 1272 4346 qui

101 4363 193 4425 saluti
206 4378 287 4439 suae
304 4358 477 4419 consultum
495 4355 608 4428 velint,
624 4355 796 4416 iuterim'id
814 4352 931 4424 moliri,
949 4364 986 4412 ut
1002 4351 1127 4432 impune
1144 4352 1176 4411 in
1196 4351 1270 4410 alios

994 4439 1071 4512 21*
