2722 4754
376 180 387 239 ;
478 180 873 281 ruuuaunau„
1048 162 1305 287 fissa·

60 333 125 423 ges,
142 336 208 399 tum
227 334 398 420 spectandi,
415 348 483 396 tuna
498 334 689 416 supplicandi
705 336 808 417 gratia.
822 335 910 420 §olas
928 337 999 400 istas
1016 338 1159 409 mulieres
1176 341 1209 402 in
1301 353 1317 363 ”

60 425 168 508 gressu
190 423 383 504 publicorum
405 419 545 480 ian‘orurn
569 420 651 502 leges
675 421 855 500 prohibent,
880 445 949 482 curn
974 424 1084 504 quibus
1107 427 1226 488 adulter

59 496 154 571 suerit
169 508 394 590 deprehensuss
418 505 464 564 sin
472 506 633 587 ingressae
648 505 761 564 luerint
770 509 936 575 'contemtis
953 508 1082 592 legibus,
1101 512 1225 592 impune

30 587 35 595 ’
61 595 170 676 quovis
190 591 327 652 mulctari
344 591 556 663 licere-modo,
573 591 665 650 modo
682 590 760 650 vitae
774 605 927 670 parcatur:
946 605 976 653 et
993 596 1158 656 mulctandi
1177 618 1227 658 eas
1284 662 1291 667 ,

61 691 243 763 potestatem
262 679 310 753 lex
328 674 533 735 cuivis-obvio
552 675 643 737 dedit.
685 676 749 734 Hac
767 688 867 735 autem
887 678 924 737 de
943 690 1030 740 causa
1046 670 1225 744 mulieribus

57 765 224 835 adulteris,
248 762 305 821 etsi
323 754 448 819 caeteris
468 759 608 819 omnibus
627 759 745 819 iniuriis
764 761 971 842 exagitentur,
994 765 1116 847 negavit
1131 767 1226 827 ultio-

61 872 150 923 nem,
175 847 304 907 interfici
322 858 422 905 tamen
441 845 557 917 noluit,
575 865 613 903 ne
631 845 699 903 sana
717 845 908 924 polluantur,
933 859 985 907 aut
1001 849 1111 931 religio
1129 851 1225 912 viole.
1317 902 1323 909 .

61 948 130 995 tur:
165 933 236 992 satis
255 950 364 1012 magno
383 943 501 989 terrore
519 929 563 988 illi
581 930 666 995 sexui
684 929 799 1003 iniecto
817 932 854 991 ad
872 931 1029 992 colendam
1047 935 1249 997 modestiam.
1294 1000 1311 1011 .

63 1034 94 1079 et
112 1018 225 1100 flagitia
244 1015 380 1087 vitanda,
405 1015 573 1093 traditaque
592 1014 748 1095 disciplina
767 1015 908 1091 domum,
926 1017 1004 1092 sient
1020 1026 1151 1099 aequum
1170 1033 1230 1093 est,

62 1101 273 1164 custodiendi:
299 1100 410 1179 quodsi
434 1100 506 1179 quid
530 1099 590 1159 tale
614 1099 646 1158 in
669 1121 702 1158 se
726 1100 918 1175 admiserint,
944 1101 1034 1161 simul
1053 1114 1084 1163 et
1100 1103 1227 1165 aedibus
1273 1137 1276 1143 ·

63 1189 163 1249 mariti
189 1200 219 1246 et
243 1184 372 1266 publicis
395 1185 478 1244 urbis
503 1152 579 1243 linis
602 1183 857 1246 sinteiiciendae.
882 1187 967 1247 Haec
988 1187 1030 1248 ita
1054 1208 1087 1247 se
1105 1186 1228 1275 babere,
1262 1228 1270 1235 .

63 1272 127 1354 ipsa
146 1272 213 1354 lege
231 1272 333 1330 audita
351 1270 551 1352 cognoscetis.
585 1265 666 1349 Cape
684 1269 790 1351 legem.

417 1421 516 1466 unx
560 1379 875 1495 annianum.

148 1526 312 1605 Postquam
332 1520 620 1583 autem-'adulterum
639 1518 889 1599 deprehenderit,
917 1520 963 1595 ei,
987 1522 1040 1602 qui
1059 1524 1229 1606 deprehen·
1247 1513 1249 1520 ¹
1269 1547 1277 1570 ³

64 1610 127 1685 dit',
144 1630 236 1691 porro
247 1610 287 1667 -in
306 1605 630 1667 matrimonio'habere
649 1604 807 1663 mulierem
825 1625 890 1665 eam
909 1627 947 1666 ne
960 1607 1068 1667 liceat:
1083 1631 1185 1688 ,quarn
1203 1609 1246 1671 si>

63 1695 243 1772 retinuerit,
261 1691 483 1773 ignominiosus
502 1700 585 1749 esto.¹
602 1689 711 1768 Neque
729 1688 850 1748 mulieri
868 1689 957 1751 liceat
974 1686 1092 1775 ingredi
1110 1692 1142 1752 in
1160 1695 1229 1756 iana

64 1779 204 1859 publica,
240 1794 307 1837 cum
326 1798 385 1856 qua
402 1774 496 1835 luerit
512 1774 631 1833 adulter
649 1773 874 1852 deprehensus:
909 1776 956 1836 sin
973 1774 1109 1860 ingressa
1126 1778 1230 1856 suerit,

45 1864 191 1943 ximpune
211 1861 329 1940 quidvis
348 1863 379 1920 in
399 1881 462 1920 eam
481 1859 597 1932 liceat„
611 1870 709 1917 morte
729 1871 859 1938 excepta.
1120 1864 1123 1869 ’

64 2014 76 2021 α
152 1946 310 2006 Exhibeho
329 1958 428 2004 autem
446 1943 549 2016 vobis,
578 1943 800 2015 Athenienses,
827 1943 917 2004 etiam
934 1945 1229 2026 populi-Athenien-

67 2033 108 2092 sis
127 2031 356 2103 testimoninm,
382 2042 510 2109 quantae
528 2048 617 2088 curae
635 2027 710 2086 haec
727 2049 809 2092 sacra
827 2027 953 2103 habeat,
979 2044 1089 2110 quanta
1107 2053 1142 2092 ea
1160 2033 1229 2093 dili·
1246 2056 1250 2064 ’
1315 2086 1318 2093 ,

66 2115 170 2200 gentia
196 2127 227 2174 et
252 2115 353 2174 studio
379 2114 603 2194 complectatur.
637 2113 773 2193 Populus
796 2109 877 2172 enirn
902 2113 1116 2191 Atheniensis,
1143 2118 1315 2189 cuiusatto

67 2196 184 2261 s‘urnma
209 2213 255 2260 cst
277 2200 307 2258 in
327 2198 417 2257 rebus
435 2199 471 2257 ad
490 2196 705 2276 rempublicam
723 2196 946 2276 pertinentibus
965 2199 1108 2259 omnibns
1126 2213 1231 2262 aucto·
1285 2204 1292 2221 ⁸

66 2287 159 2358 ritas,
177 2285 287 2363 cuique
306 2285 421 2355 lacere,
439 2283 522 2361 quod
540 2276 689 2353 voluerit,
712 2281 800 2353 lieet,
817 2281 858 2340 ita
876 2283 1062 2362 praeclarum
1081 2296 1112 2343 et
1130 2285 1233 2366 splen-

23 2430 29 2436 ,
69 2370 173 2430 didoni
193 2369 306 2426 donum
325 2387 390 2426 esse
409 2365 543 2438 censuit,
578 2365 798 2425 Atheniensem
816 2365 902 2439 lieri,
936 2379 972 2427 ut
989 2368 1053 2449 ipse
1072 2368 1232 2454 sibi‘leges

45 2446 48 2451 ’
68 2452 312 2536 praescripserit,
330 2451 440 2531 quibus
459 2450 579 2532 legibus
594 2449 750 2510 faciendus
768 2449 825 2522 sit,
843 2449 869 2509 si
887 2468 977 2530 quem
995 2453 1140 2513 donatum
1159 2455 1233 2515 civi.

70 2551 132 2599 tate
146 2536 257 2596 ¹velint:
293 2556 370 2615 quae
390 2557 470 2594 nunc
488 2534 677 2616 proculcatae
696 2546 800 2594 sunta
818 2534 974 2615 Stephano
992 2550 1023 2598 et
1040 2538 1172 2620 iis,'qui
1189 2538 1233 2601 sic
1316 2611 1321 2619 .

20 2617 40 2639 '¹
69 2621 260 2684 matrimonia
274 2633 502 2680 contraxerunt„
546 2621 632 2694 Quae
648 2641 704 2678 vos
722 2619 841 2678 audisse
854 2622 1040 2700 praestabit,
1063 2635 1101 2682 ut
1117 2643 1233 2708 cogno-

69 2707 177 2779 scatis,
206 2725 258 2765 eos
281 2705 482 2785 pulcherrima
508 2717 538 2764 et
561 2703 770 2784 splendissime
794 2700 890 2779 dona,
917 2707 954 2767 de
973 2706 1131 2787 republica
1154 2710 1233 2771 bene

69 2791 187 2852 meritis
205 2791 299 2850 tribui
317 2790 423 2862 solita,
441 2789 667 2848 contaminasse.
697 2788 831 2848 Primum
852 2790 931 2849 enim
950 2791 1008 2853 lata
1027 2792 1101 2853 haec
1117 2792 1233 2875 populo
1308 2850 1311 2855 .

43 2864 45 2881 ¹
69 2877 119 2936 lex
138 2888 201 2947 est,
219 2896 257 2934 ne
277 2896 366 2954 quern
385 2874 481 2934 iacere
500 2874 589 2948 liceat
606 2872 843 2947 Atheniensem,
867 2875 926 2934 nisi
944 2877 998 2954 qui
1014 2891 1140 2957 propter
1156 2891 1235 2939 stre-

70 2983 161 3020 nuam
181 2958 362 3018 Atheniensi
379 2960 493 3039 populo
519 2970 654 3018 navatam
672 2959 802 3037 'operam
828 2971 858 3018 et
877 2960 1088 3021 fortitudinem
1105 2962 1173 3022 heri
1191 2963 1234 3024 ci-

69 3047 115 3106 vis
134 3057 293 3104 mereatur.
327 3043 462 3116 Deinde,
491 3046 516 3102 si
533 3060 709 3124 persuasum
727 3043 842 3123 populo
860 3042 970 3119 fuerit,
983 3057 1034 3105 ‘ut
1050 3047 1102 3106 det
1118 3047 1150 3106 id
1167 3070 1235 3108 mu-

69 3137 150 3202 nu's,
184 3142 278 3188 ratam
297 3128 522 3208 cooptationem
542 3149 606 3188 esse
624 3127 704 3186 hand
723 3127 812 3200 sinit,
849 3129 908 3187 nisi
927 3129 1075 3190 concione
1093 3122 1236 3210 respuenti

70 3214 130 3273 viri
147 3214 273 3294 amplius
292 3231 342 3271 sex
361 3212 443 3272 mille
461 3211 664 3271 Athenienses
685 3212 810 3271 occultis
830 3213 982 3296 suffragiis
1001 3215 1236 3296 comprobarint.

62 3297 234 3357 'Senatores
260 3294 360 3356 autem
384 3297 470 3356 iubet
495 3316 529 3355 ea
552 3297 600 3356 lex
621 3314 792 3393 proponere
811 3298 945 3378 capsulas
966 3310 996 3358 et
1013 3299 1145 3366 calculos
1165 3302 1235 3362 dare
1260 3292 1263 3301 ’

72 3383 229 3442 accedenti
248 3381 380 3462 populo,
404 3382 578 3462 priusquam
598 3380 733 3461 hospites
752 3380 963 3461 ingrediantur
980 3385 1010 3442 'et
1027 3385 1158 3464 praemia
1176 3386 1238 3445 tol«

72 3468 154 3540 lant,
190 3480 225 3526 nt
242 3467 452 3546 unusquisqne
470 3465 517 3525 sui
535 3465 609 3524 iuris
627 3465 725 3525 adhuc
743 3485 845 3524 secum
863 3466 929 3547 ipse
947 3466 1237 3550 deliberem-quem

71 3552 168 3612 civem
188 3552 226 3610 sit
243 3552 392 3624 facturus,
418 3570 455 3609 an
474 3571 511 3610 eo
529 3570 654 3610 munere
672 3549 712 3608 sit
731 3549 841 3632 dignus
859 3551 901 3625 is,
926 3550 978 3633 qui
996 3566 1172 3634 accepturus
1190 3553 1237 3615 sit

72 3638 147 3697 Post
165 3636 238 3696 baec
256 3636 433 3697 violatarum
452 3635 554 3716 legum
579 3635 729 3693 actionem
752 3634 846 3693 cuivis
864 3636 1100 3697 Atheniensium
1117 3637 1238 3703 ineum

73 3721 173 3782 dedit:
200 3720 333 3800 licetque
358 3721 495 3802 ingresso
520 3719 551 3777 in
577 3719 722 3778 iudicium
748 3719 921 3795 revincere,
947 3741 1010 3781 non
1028 3721 1153 3804 dignum
1172 3744 1239 3784 esse

74 3827 145 3867 eum
165 3825 290 3864 munere
309 3805 381 3877 illo,
407 3805 459 3864 sed
484 3815 588 3863 contra
613 3804 696 3887 leges
715 3801 935 3864 Atheniensem
954 3807 1157 3867 esse-factum.
1200 3808 1241 3870 Et

72 3891 133 3950 iam
152 3881 310 3949 nonnullis
328 3912 386 3949 usu
404 3888 498 3967 venit,
515 3900 551 3948 ut
569 3889 638 3948 dato
656 3898 783 3946 inuuere
801 3909 857 3969 per
873 3890 1021 3970 populum
1039 3889 1240 3974 flagitantium

73 3976 174 4036 verbis
194 3976 374 4056 deceptum,
409 3973 500 4051 falsae
518 3972 687 4055 rogationis
705 3973 828 4032 actione
843 3975 923 4054 apud
941 3974 1056 4035 iudices
1070 3976 1242 4057 proposita,
1305 4031 1310 4043 ,

73 4061 117 4133 is,
138 4059 190 4138 qui
207 4080 317 4119 munus
336 4059 510 4139 accepisset,
529 4054 763 4118 convinceretur
779 4079 905 4118 munere
924 4057 1068 4142 indignus
1081 4066 1168 4136 esse,
1188 4081 1243 4123 eo-
1286 4063 1292 4069 ’

73 4165 133 4224 qne
153 4143 287 4204 iudicum
305 4143 455 4204 sententia
474 4142 662 4222 spoliaretur.
699 4136 876 4218 Aemultoi
899 4142 1088 4211 crateribus
1108 4166 1243 4207 comme·

73 4248 193 4288 morare
219 4236 381 4309 operosum
403 4228 506 4288 luerit
538 4227 599 4289 Sed
621 4248 678 4287 ros
703 4247 807 4288 omnes
829 4227 1010 4289 meministis
1034 4242 1066 4303 et
1089 4230 1243 4292 Pitholarn

72 4314 254 4374 Thessalum
280 4328 312 4375 et
327 4312 550 4396 Apolloniden·
566 4313 750 4397 Olynthium
773 4312 894 4374 civitate
910 4330 935 4373 ‘a
960 4313 1084 4394 populo·¹
1101 4315 1251 4384 donator,
1317 4369 1319 4373 ,

814 4397 1054 4476 '‘M*
