2722 4754
403 130 608 249 conara
644 134 1016 297 naimonem
1193 169 1294 287 aaa
1315 177 1333 272 J·

86 338 229 419 ciuntur,
258 333 349 419 atqu'e
369 333 458 400 etiam
476 337 622 397 arbitrum
641 337 844 418 quaeritant,
856 337 921 418 qui
930 336 973 402 eia,
990 330 1119 396 fundum
1136 337 1259 398 adiuti-⁴

85 435 152 505 cet,
177 435 207 482 ct
224 424 299 483 tales
316 416 551 496 transactiones,
568 445 624 504 per
642 445 715 504 quas
732 423 844 482 fundos
863 422 1033 483 obtineant
1063 402 1103 480 dt
1120 413 1274 502 quidem,'
1338 449 1341 454 ·

85 498 266 580 ludices,
241 531 281 567 sr
279 507 481 569 insidiatores
508 520 539 566 et
563 508 795 569 calumniatores
820 508 946 567 meliore
971 503 1150 568 conditione
1172 520 1254 583 sunt,
1278 569 1282 574 ,
1306 550 1310 560 ,

46 648 50 654 ,
81 586 165 651 'nihil
183 593 392 677 proderunt
371 615 429 664 ca,
433 613 510 670 quae
529 593 718 671 diximnsr·‘
694 614 742 652 sm
760 611 814 652 vos
834 605 868 654 et
880 593 962 652 tales
973 591 1111 665 oderitis,
1129 605 1167 653 et
1177 592 1256 675 iusta

47 675 56 689 ”
84 677 275 750 decernetis,
300 699 369 736 cnm
387 674 524 737 Callicles
543 699 599 737 nec
616 677 978 757 perdideritquicquam,
1000 684 1058 737 n'ec
1076 678 1138 737 ulla
1155 677 1257 738 satas
1337 716 1338 719 =

86 761 212 823 sectus
203 761 312 822 rninria
329 762 378 822 vel
396 785 412 832 a
431 758 564 836 Callaro,
589 763 636 821 vel
655 785 671 821 a
689 777 792 862 patre,
816 783 879 825 non
888 760 1002 861 ιΜεο,
1021 782 1168 842 quorsum
1186 763 1256 824 atti
1262 766 1264 770 ⁴
1321 782 1339 822 ι’

87 862 160 909 neat
177 848 263 928 plura
282 847 391 907 dicere
426 849 469 907 Ut
492 859 592 906 autem
616 847 734 921 sciatis,
762 867 831 906 eum
838 847 932 942 xprius
952 848 1041 906 ctiam
1059 847 1134 906 meis
1151 848 1256 908 fundis

87 933 282 993 insidiantem
301 932 519 991 consobrinum
537 953 624 1001 snum
643 927 844 1004 subornasse,
869 944 900 991 et
917 953 999 992 nnnc
1016 931 1112 991 altero
1131 931 1217 992 boc
1207 955 1257 992 ιιι-

87 1018 171 1078 dicio
200 1013 351 1075 Callarum
379 1016 483 1076 arbitri
510 1017 662 1077 sententia
690 1019 923 1089 condemnasse,
952 1028 988 1076 ut
1016 1015 1090 1075 mihi
1118 1015 1256 1091 insultet,
1331 1011 1337 1019 ’

89 1103 173 1181 quod
194 1123 267 1161 eum
297 1102 453 1163 hominem
480 1097 680 1184 magnifacio,
708 1117 739 1162 et
764 1100 881 1163 Callaro
908 1101 997 1162 etiarn
1024 1084 1133 1161 diuisae
1158 1101 1283 1165 dietat,

88 1186 195 1247 harum
214 1186 350 1261 omnium
367 1209 470 1248 rerum
486 1187 660 1248 testimonia
677 1184 764 1250 vobis
782 1184 998 1248 recitabuntur.
1056 1208 1065 1212 ‘¹
1100 1263 1103 1273 Ι

393 1321 431 1330 *⁴
493 1289 853 1414 ansrlnonrn
924 1355 971 1379 .-

152 1401 248 1501 Ne
239 1441 347 1525 agitur,
371 1442 518 1522 perdens
537 1463 609 1515 oro,
634 1440 773 1512 ludices,
793 1460 842 1500 me
860 1440 925 1500 istis
944 1431 1120 1500 bominibus
1139 1439 1256 1499 condo·
1272 1492 1274 1497 .

88 1527 167 1594 netis
186 1530 346 1588 insontem.
374 1527 482 1606 Neque
502 1527 582 1586 enirn
601 1525 712 1588 mulcta
730 1544 778 1584 me
797 1538 956 1606 tantopere
973 1522 1256 1606 sollicitat(quam-
1267 1540 1293 1595 ,¹
1331 1592 1344 1613 f

75 1623 177 1692 'quam
198 1634 231 1671 ea
248 1612 346 1694 gravis
365 1625 412 1671 est
429 1611 587 1687 omnibus,
605 1612 658 1692 qni
674 1630 709 1669 re
716 1623 799 1676 sunt
815 1608 987 1710 tenuiore),
1006 1623 1152 1690 quantum
1170 1608 1256 1684 illud,

87 1698 177 1776 quod·
191 1716 239 1755 me
257 1697 298 1755 ita
317 1696 469 1776 exagitant
487 1709 517 1756 et
535 1696 782 1768 calumniantur,
805 1707 841 1754 nt
859 1695 1086 1759 exterminaturi
1105 1713 1171 1754 esse
1189 1715 1256 1752 mu·
1287 1696 1306 1719 ·“
1333 1758 1340 1768 ,

88 1781 204 1860 nicipio
223 1780 389 1841 videantur
418 1782 468 1840 Ut
477 1792 577 1840 autem
596 1793 763 1880 appareret,
780 1801 837 1840 nos
856 1780 968 1839 nullam
987 1781 1113 1840 lacere
1104 1779 1257 1853 iniuriam,
1283 1780 1291 1788 '

88 1866 189 1963 parati·
208 1865 333 1924 fuimus
347 1878 378 1926 et
401 1865 531 1926 arbitros
557 1868 676 1926 sumere
701 1865 747 1924 rei
771 1885 898 1947 gnaros,
923 1879 1037 1948 aequos
1060 1863 1198 1951 homines
1212 1884 1267 1923 acx

88 1950 205 2009 neutris
232 1950 387 2024 addictos,
404 1962 445 2009 et
468 1951 637 2034 legitimum
664 1952 733 2009 dare
758 1950 995 2009 iusiurandum}
1012 1970 1070 2009 nec
1093 1946 1190 2008 enim
1201 1948 1261 2023 alia.
1328 1990 1331 1995 ,

88 2034 222 2092 firmiora
241 2055 297 2094 nos
317 2034 505 2094 exhibituros
522 2036 608 2095 vobis
628 2038 804 2116 argumenta
821 2035 1003 2125 putavimus,
1020 2034 1073 2114 qui
1090 2034 1148 2114 ipsi
1166 2033 1257 2093 iurati
1286 2051 1292 2056 ·

89 2117 203 2178 essetis.
239 2114 320 2199 Cape
340 2132 370 2181 et
387 2120 654 2207 provocationem,
679 2132 727 2194 et,
753 2140 835 2199 quac
848 2108 956 2178 adbuc
962 2120 1081 2229 reliqua
1098 2130 1202 2193 sunt,
1210 2130 1256 2180 tc·
1317 2140 1324 2145 ·

88 2202 240 2266 stimonia.

387 2335 661 2382 PROVOCATIO..
704 2334 964 2402 TES'DIMONJA,

52 2600 55 2608 '
91 2592 291 2707 conum
315 2584 724 2755 monrsononnm
755 2632 877 2729 nan
903 2633 1069 2730 naum
1097 2583 1257 2736 lund
1280 2652 1342 2750 ιιι

573 2826 776 2840 *Ἤ

444 2894 928 3033 ARGUMENTUM.

71 3042 256 3143 ’Darius’
232 3096 263 3143 et
271 3037 453 3164 Pampbilus
470 3085 689 3169 Dionysodoro
708 3095 849 3145 mutuant
865 3097 915 3144 ter
931 3022 1013 3161 mille
1022 3083 1206 3183 draclrmas,
1222 3095 1259 3145 ut

80 3170 125 3228 'in
112 3160 317 3311 Aegyptum
341 3170 463 3250 naviget
487 3181 577 3269 atque
588 3170 672 3230 inde
696 3192 800 3229 rursus
818 3154 965 3247 Athenas,
991 3169 1114 3252 pignori
1137 3180 1259 3249 accepta

92 3274 168 3328 naye

1302 3172 1308 3201 l

227 3246 396 3313 erscribnnt
415 3253 503 3314 etiam
522 3255 554 3314 in
573 3255 712 3336 pactione
730 3276 851 3329 usuras,
871 3276 943 3334 quas
963 3253 1104 3327 deberet,
1121 3252 1258 3333 Atbenas
1339 3280 1343 3293 .

91 3323 440 3421 rcrcrsoDionysodoro
455 3337 652 3419 recipiendas
664 3340 898 3439 Dionysodorus
913 3339 1035 3399 rediens
1052 3360 1088 3399 ex
1102 3332 1269 3421 Aegypto,
1308 3374 1312 3380 «

92 3423 237 3494 Rhodum
255 3422 378 3503 appulsa
396 3443 481 3495 nave,
499 3423 561 3484 illic
577 3445 691 3485 merces
709 3424 856 3505 exposuit
864 3422 1035 3506 propterea,
1052 3436 1088 3483 ut
1105 3422 1170 3507 ipse
1189 3422 1259 3503 qui·
1336 3484 1346 3493 .

92 3509 161 3568 dem
180 3509 236 3583 ait,
261 3509 351 3586 quod
363 3507 446 3567 navis
464 3521 554 3592 rupta
571 3523 601 3569 et
619 3509 715 3592 putris
735 3522 830 3583 essct,
843 3523 888 3569 ut
905 3521 1006 3571 antem
1024 3503 1160 3582 Darius,
1174 3506 1258 3588 quod
1290 3552 1292 3556 -
1342 3501 1346 3520 ¹

84 3594 241 3665 audisset,
266 3593 391 3652 laxatam
408 3582 539 3653 Athenis
558 3616 724 3654 annonam.
748 3614 855 3654 navem
874 3593 955 3654 enim
975 3615 1041 3654 esse
1058 3593 1209 3675 integram
1228 3603 1281 3660 ets
1327 3670 1330 3673 ,

91 3678 191 3737 adbuc
210 3678 300 3738 etiam
318 3677 487 3760 navigare
477 3678 524 3738 ait.
544 3674 746 3741 Creditores
738 3679 832 3760 agitur
849 3691 991 3759 accusant
1005 3673 1259 3775 Dionysodorum

90 3762 221 3823 violatae
239 3762 402 3844 pactionis,
421 3763 552 3842 quod
521 3786 650 3846 prgnus,
673 3765 732 3823 hoc
751 3774 812 3837 est,
837 3785 960 3835 navem,
978 3782 1041 3823 non
1059 3763 1155 3844 palam
1168 3760 1259 3821 exbi-

41 3853 44 3863 ’
91 3848 208 3908 buerit.
233 3861 264 3906 et
281 3845 317 3906 ab
338 3868 374 3906 eo
392 3860 536 3928 repetunt
552 3849 714 3947 promissas
733 3870 837 3909 usuras
856 3848 997 3932 integras.
1033 3850 1060 3907 ls
1078 3868 1152 3926 vero
1170 3867 1258 3937 rccn-
1317 3914 1326 3921 ..

92 3947 138 3996 sat
157 3950 262 4002 omnes
280 3932 417 3995 reddere.
474 4008 477 4014 Ι
578 4002 585 4008 ,

91 4202 210 4293 Socios
230 4250 288 4311 ego
306 4252 391 4303 snm,
410 4231 546 4305 ludices,
563 4243 595 4291 et
601 4200 761 4315 particeps
778 4224 888 4292 mutuo
907 4232 1005 4290 datae
1009 4208 1163 4311 pecuniae.
1182 4169 1258 4289 Uin
1296 4282 1302 4294 ,

93 4317 179 4379 venit
195 4327 297 4377 autem
315 4316 421 4391 nobis,
448 4317 502 4396 qui
520 4336 574 4399 per
592 4336 673 4418 mare
686 4315 843 4399 negotiari
870 4314 1058 4376 decrevimus
1076 4319 1108 4377 εἰ
1124 4308 1258 4413 nostram

302 4440 313 4466 x
363 4474 367 4484 ι
