2722 4754
124 168 284 289 ἱιιι.
424 152 1131 255 ιιΕιιὸ-Εἰιιιιιιεοίιιιο
1128 205 1131 209 ·
1225 252 1229 263 ,

121 368 246 410 senar
236 347 467 417 Athenienses
486 346 555 404 Ειιιιι
575 356 605 404 et
624 300 856 426 Ctesiphontem
872 319 1097 415 decreverunt
1112 347 1229 424 Quos
1219 368 1253 407 m
1268 349 1339 408 lda-

78 382 141 524 2l4
162 435 321 504 cedoniam
348 421 502 512 proiectos
520 425 677 510 Philippus
697 429 868 491 humaniter
884 433 1016 514 accepit,
1042 453 1142 514 neque
1161 434 1264 515 solum
1283 452 1341 513 per

45 526 50 543 “
140 521 275 584 milites
294 529 405 619 erepta
422 515 571 596 reddidit:
597 515 651 577 sed
671 528 701 575 et
725 516 781 576 alia
799 517 836 576 de
855 530 912 576 suo
931 531 976 578 est
1004 518 1146 602 largitus,
1174 520 1339 579 etinctum

87 617 88 623 ’
112 663 119 670 .
164 600 326 676 excusavit,
344 605 498 685 ignorasse
509 602 653 674 milites,
658 622 695 661 eo
714 614 852 683 tempore
870 602 964 663 luisse
981 603 1181 665 festivitatem.
1208 605 1250 664 Et
1268 614 1345 663 rur-‘

56 740 61 747 .
142 689 372 754 ·snsbis1tcm
392 688 527 761 dixitse
546 708 610 747 esse
629 686 758 746 amicum
776 686 1025 749 Atheniensibus.
1059 690 1159 766 Qui,
1150 713 1183 750 ιιι
1201 688 1339 749 Atticam

155 775 295 857 reversi,
307 775 437 873 eadem,
465 793 543 852 quae
559 771 663 844 alteri,
692 771 878 833 nuntiarunt.
921 774 976 835 His
1000 776 1109 836 auditis
1127 775 1340 849 'Athenienses

130 858 248 924 'certo
267 860 435 941 comperire
452 858 626 927 voluerunt,
643 878 681 915 an
695 877 798 916 revera
809 879 914 938 pacem
929 880 1055 923 servare
1061 861 1153 921 vellet
1166 858 1347 941 Philippus.

84 979 87 983 r
164 948 269 1027 ltaque
288 947 393 1006 decem
410 946 526 1027 legatos
546 941 721 1001 decernunt.
757 941 835 1002 Sunt
852 957 952 1004 autem
970 946 1018 1004 hi:
1038 943 1119 1006 Ctesi
1121 947 1195 1028 pho,
1211 945 1345 1007 Aristo-

146 1072 149 1080 ·
165 1036 281 1104 demus,
296 1029 453 1107 Iatrocles,
470 1024 591 1100 Cimon,
608 1026 782 1100 Nausicles,
799 1028 977 1130 Dercyllus,
994 970 1158 1132 Phrpnoii,
1177 1030 1343 1091 Philocra-

163 1135 228 1193 tes,
255 1116 439 1188 Aeschines,
464 1111 696 1173 Demosthenes
730 1113 820 1172 Eos'
810 1114 905 1196 agitur
921 1116 1046 1177 mittunt
1064 1119 1099 1188 in
1114 1116 1345 1194 Macedonian,

93 1255 102 1262 .
161 1202 337 1287 cognituri,
362 1208 473 1261 verc‘ne
491 1197 528 1257 ad
546 1218 650 1278 pacem
667 1219 771 1258 versus
790 1213 870 1265 esset
886 1196 1003 1260 animus
1021 1202 1192 1302 Philippimi’
1215 1201 1344 1276 (luods'i

88 1354 91 1363 ,
136 1301 145 1341 .·
163 1305 270 1351 verum
289 1299 385 1359 esset,
407 1285 605 1356 iusserunt,
591 1293 627 1340 ut
644 1303 746 1342 secum
765 1285 951 1346 adducerent
968 1287 1119 1368 legatos,
1112 1287 1166 1368 qui
1183 1287 1339 1349 iusiuran-

54 1424 57 1428 .
110 1380 126 1401 <¹
144 1448 147 1450 Ι
165 1377 239 1445 dum
257 1373 449 1452 acciperent
479 1350 623 1449 Regressi
639 1369 744 1433 decem
762 1370 870 1452 legati,
901 1393 1031 1451 quorum
1048 1373 1208 1433 mrusfuit
1226 1373 1352 1446 etDe

77 1497 81 1503 -
115 1470 117 1474 ’
165 1459 359 1547 mosthenes,
384 1454 576 1516 adduxerunt
593 1475 609 1513 a
626 1453 769 1534 Philippo
788 1467 849 1517 tres
868 1456 1002 1538 legatos,
1026 1456 1237 1539 Antipatrum,
1257 1456 1334 1519 tun·

61 1604 64 1608 ,
165 1545 351 1613 menionem'
368 1553 406 1600 et
422 1538 649 1640 Eurylochum,
678 1552 832 1600 exacturos
859 1541 1074 1603 iusiurandum.
1129 1539 1208 1616 Cum
1233 1538 1332 1604 autem

20 1698 24 1710 ⁸
82 1693 84 1701 ,
153 1638 408 1694 convocarentur
422 1624 498 1684 socia
490 1622 746 1685 'Atheniensium
762 1626 799 1684 ad
816 1627 947 1687 dandum
964 1618 1185 1729 iusiurandum,
1205 1640 1236 1688 et
1251 1644 1331 1690 mort

27 1728 63 1744 ‘
164 1708 386 1778 intercederet.
411 1707 587 1792 intelligens
610 1709 833 1771 Demosthenes
856 1712 1023 1793 Philippi
1015 1715 1196 1796 ingenium,
1216 1733 1331 1794 semper

164 1800 282 1883 aliquid
300 1795 477 1880 subigeutis
487 1809 519 1856 et
532 1796 712 1878 grassantis,
730 1808 837 1855 auctor
855 1810 900 1857 est
915 1796 1156 1872 Atheniensibus
1174 1798 1269 1860 dandi
1286 1818 1330 1857 ce·

166 1888 273 1949 leriter
290 1882 473 1956 iusiurandi,
493 1881 582 1941 etiam
600 1903 664 1942 ιιοιι
681 1893 839 1963 praesente
859 1879 1024 1966 Cersoblep
1027 1897 1066 1944 te.
1090 1884 1206 1958 Nobis,
1224 1884 1352 1963 ἰιιιιιιίι,’

112 1980 121 2042 ’,
166 1975 200 2034 in
217 1971 375 2037 Thraciam
392 1967 573 2029 abeuntibus
591 1968 801 2027 iusiurandum
819 1967 903 2027 dabit
921 1907 1142 2060 Ccrsobleptes.
1169 1927 1338 2037 Sciendum

166 2072 280 2121 autem
287 2069 343 2128 est,
360 2051 626 2115 Demosthenem
617 2076 650 2112 ιιι
667 2049 798 2112 secunda
815 2052 967 2135 legatione
985 2045 1096 2115 abiisse'
1110 2056 1164 2116 tali
1184 2057 1222 2115 de
1240 2075 1332 2115 causa

46 2211 52 2228 x
80 2214 82 2218 ι
168 2148 204 2204 ln
223 2144 330 2242 prima
343 2130 501 2223 legatione.
526 2139 706 2218 quibusdam
724 2138 983 2215 Atheniensibus,
1010 2161 1086 2241 gnos
1105 2140 1139 2200 in
1156 2139 1334 2203 Macedonia

87 2239 92 2245 ’
167 2229 302 2310 captivos
320 2227 501 2326 invenerat,
510 2225 694 2303 pollicetur,
703 2246 737 2283 se
756 2223 825 2283 illos
844 2247 897 2285 sua
914 2227 1042 2306 pecunia
1059 2227 1285 2286 red-emturum:
1303 2222 1338 2284 id

24 2324 27 2333 '
81 2320 93 2350 ¹⁸
152 2314 267 2396 ·quod,
291 2311 351 2373 nisi
361 2320 497 2392 persona
514 2309 623 2391 legati,
639 2310 740 2369 facere
758 2330 822 2368 non
840 2323 976 2390 poterat
1000 2315 1131 2372 Iusserat
1147 2325 1249 2372 autem
1267 2309 1336 2383 navi

136 2448 140 2456 .
167 2400 250 2462 abire
268 2399 402 2480 legatos,
438 2415 499 2474 quo
518 2394 673 2454 celerius
664 2409 723 2454 ater
741 2395 944 2478 conficerent,
978 2410 1009 2458 et
1025 2396 1161 2480 ubicunq
1162 2419 1201 2457 ue
1219 2379 1344 2476 Phili

41 2501 46 2506 ·
111 2498 129 2525 ἰ
148 2556 151 2561 4
167 2508 241 2568 pum
259 2505 325 2545 esse
343 2481 500 2552 audirent,
527 2501 565 2540 eo
583 2466 734 2561 proficisci
753 2493 784 2540 ct
791 2473 863 2540 illic
879 2481 1089 2545 iusiurandum
1106 2484 1239 2565 exigere.
1315 2477 1350 2539 li'

166 2591 242 2631 vero
261 2589 325 2628 non
343 2578 528 2649 paruerunt,
545 2567 599 2631 sed
617 2565 777 2646 pedestri
768 2565 881 2652 ttinere
896 2567 1045 2641 abierunt,
1076 2580 1116 2628 ‘et
1133 2591 1203 2629 cum
1220 2567 1254 2626 iu
1271 2567 1336 2627 Ma·

164 2654 327 2717 cedoniam
344 2651 563 2733 pervenissent,
579 2663 642 2710 tres
655 2663 738 2711 totos
756 2647 876 2723 menses
895 2653 1088 2728 desederunt,
1107 2655 1216 2727 donec,
1233 2648 1337 2713 multis

165 2736 404 2801 Atheniensium
423 2736 548 2816 oppidis
560 2737 710 2812 subactis,
734 2736 893 2818 Philippus
911 2752 1131 2814 reverteretur,
1166 2760 1200 2799 ac
1217 2745 1340 2818 praeter

31 2816 67 2851 '¹
128 2834 133 2847 '
168 2840 285 2888 caetera
302 2824 370 2905 ipso
389 2821 478 2883 etiam
498 2818 695 2903 Cersohlepte
714 2835 834 2902 capto.
853 2823 938 2882 Ae
919 2844 958 2883 ue
975 2846 1114 2885 reversus
1134 2824 1257 2904 quidem
1274 2835 1337 2883 sta-

110 2917 113 2921 ’
166 2913 224 2973 tim
242 2910 326 2971 dedit
343 2906 567 2969 iusiurandum:
584 2908 638 2968 sed
639 2908 783 2982 distulit,
802 2902 874 2968 dum
893 2896 1116 2999 expeditionem
1134 2916 1240 2991 contra
1252 2907 1338 2976 Pho·-

97 3022 102 3040 ι
166 3018 274 3058 censes
292 2993 501 3065 instruxisset,
527 2992 584 3053 etsi
602 2993 758 3076 inlegatus
776 2995 811 3053 ad
829 3015 900 3053 eum
920 2996 957 3061 de
976 2994 1058 3055 bello
1077 2976 1261 3077 deponendo
1280 2991 1339 3061 mie

125 3098 134 3117 ‘
165 3095 277 3144 serant
321 3077 398 3139 Cum
416 3080 517 3138 autem
535 3092 640 3140 contra
655 3079 832 3140 Phocenses
846 3080 1106 3161 proficisceretur:
1124 3101 1188 3141 nou
1204 3080 1239 3144 iu
1256 3078 1341 3151 fano,

98 3202 102 3207 ·
168 3169 216 3229 uti
233 3167 300 3226 fieri
317 3189 370 3247 par
388 3177 467 3238 erat,
485 3165 566 3224 sed
558 3187 588 3224 ru
608 3187 743 3246 caupona
761 3165 969 3226 iusiurandum
988 3162 1098 3227 dedit
1089 3190 1121 3226 ιιι
1140 3167 1214 3229 haec
1231 3152 1341 3225 verba.

167 3251 278 3314 Pacem
294 3251 373 3315 facio
392 3273 462 3311 cum
478 3249 718 3313 Atheniensibus
737 3264 768 3312 et
785 3249 1066 3312 Atheniensium
1038 3252 1144 3326 sociis,
1170 3248 1341 3313 Aleusibue

31 3341 147 3415 4215
170 3352 203 3400 et
226 3336 436 3398 Phocensihus
463 3336 612 3417 exceptis:
646 3336 732 3436 (prod
758 3336 887 3396 Alenses
913 3337 1033 3398 hostes
1042 3351 1144 3398 essent
1167 3332 1341 3414 Pharsaliis,

169 3424 233 3485 suis
258 3423 370 3483 amicis
400 3417 503 3491 Cum
529 3421 738 3482 Phocensihus
763 3435 865 3487 autem
890 3444 923 3482 se
949 3444 1053 3503 pacem
1071 3425 1171 3484 facere
1196 3404 1341 3503 negabat,

77 3553 85 3566 .
165 3510 255 3611 guod
271 3509 378 3572 fanum
392 3470 601 3587 Delphicum
592 3508 685 3588 unpie
702 3504 887 3568 violassent
915 3507 1081 3569 Secunda
1072 3510 1167 3597 igitur
1184 3504 1341 3588 legatione

26 3613 37 3623 “
115 3658 119 3672 ,
168 3596 203 3654 in
229 3593 362 3654 Atreum
386 3610 542 3673 reversa,
539 3593 775 3653 Demosthenes
804 3593 1042 3667 controversiam
1064 3606 1189 3667 movet,
1218 3593 1342 3652 decreta

77 3719 98 3755 g
154 3679 305 3760 ‘Philippi
322 3678 381 3738 sibi
398 3700 460 3738 non
478 3666 596 3759 placere
616 3679 702 3738 dictit
691 3690 774 3739 Mans
795 3662 962 3739 Aeschines
980 3681 1155 3760 respondet,
1174 3699 1209 3736 ea
1230 3675 1342 3737 dixisse

90 3779 97 3831 ζ
169 3765 345 3846 Philippum
363 3777 482 3863 aperte:
499 3763 559 3823 sibi
575 3764 648 3824 vero
666 3764 818 3824 inaurem
837 3764 1050 3837 insusurrasse,
1060 3764 1197 3825 Alenses
1214 3775 1246 3825 et
1257 3760 1343 3841 Phei-

77 3917 80 3920 ,
140 3886 147 3901 κ
168 3871 275 3911 censes
294 3871 327 3909 se
345 3849 529 3935 excepisse,
529 3870 568 3909 ne
581 3869 619 3908 re
639 3850 842 3915 animadversa
859 3850 998 3910 Thebani
1016 3850 1074 3911 sibi
1092 3861 1245 3923 caverent,
1263 3865 1343 3928 quos

18 3928 20 3943 '
84 3962 90 3975 ¹
140 3936 313 4013 =invadere
332 3956 365 3994 ac
383 3934 510 4015 perdere
522 3914 637 4010 vellet,
665 3936 721 3995 hos
741 3948 982 4001 conservaturus
1014 3936 1230 3996 Athenienses
1241 3946 1342 3995 auteur

145 4023 209 4089 Xde
231 4021 383 4080 sententia
400 4019 561 4080 Aeschinis
585 4021 706 4081 tertiam
729 4022 913 4103 legationem
934 4013 1151 4094 decreverunt,
1175 4016 1343 4102 cognituri,

171 4130 211 4168 an
221 4105 395 4186 Philippus
405 4104 497 4166 staret
514 4093 785 4207 pollicitationibus
801 4104 979 4167 Aeschinis:
997 4108 1052 4167 sed
1065 4105 1296 4168 Demosthenes
1305 4117 1344 4164 et

118 4200 122 4207 '
168 4188 362 4292 legationem
375 4191 502 4251 uiuravit
520 4203 552 4252 et
568 4213 606 4252 se
617 4193 747 4275 negavit
753 4192 917 4272 quicquam
933 4214 1000 4252 cum
1019 4193 1174 4293 legatione
1187 4211 1240 4250 rer
1230 4189 1344 4253 'habi

167 4291 292 4351 turum,
316 4277 388 4363 sive
399 4298 434 4343 ea
450 4276 529 4339 bene
556 4276 625 4337 sive
642 4278 720 4343 male
737 4277 913 4338 obiretur.·
932 4280 1042 4339 Tum
1030 4280 1144 4339 veritus
1162 4273 1346 4351 Aeschines,

173 4386 220 4424 ne.
229 4382 356 4452 manens
373 4360 457 4435 domi
472 4362 696 4479 Demosthenes
714 4365 921 4446 persuaderet·
925 4365 1059 4447 populo,
1076 4377 1120 4427 ut
1126 4362 1347 4435 Phocensihus
