2722 4754
232 198 235 207 ·
390 154 699 240 ·.u1›·vsnsus'
724 156 920 245 urbiam·
986 136 1079 243 's
1172 136 1252 240 *247

72 324 291 415 praerogativa
316 334 442 409 omissa,
465 332 651 414 reipublicae
674 332 838 392 vindictam
862 332 1022 413 relinquo,
1047 344 1078 392 et
1101 331 1133 393 id
1155 345 1252 394 eerta-
1288 364 1292 369 -

72 438 150 478 men
169 418 291 502 delegi,
316 421 399 481 unde
416 416 493 478 nihil
510 418 548 478 ad
566 438 614 478 me
632 416 710 478 lucri
727 417 823 477 redit:
858 441 989 499 aequum
1007 417 1117 491 luerit,
1143 417 1258 500 utique

73 502 161 565 mihi·
182 504 310 586 gratiam
333 496 435 585 potius
460 503 565 565 haberi
588 525 606 564 a
629 503 734 576 vohis,
759 524 849 583 quam
873 505 1016 565 damnum
1038 501 1145 586 infligi.
1179 504 1250 565 Seio
1329 496 1332 501 ’

75 588 196 662 etiam,
208 609 280 649 eum
297 588 357 649 hoc
374 587 503 651 subinde
521 589 757 651 inculcatorem:
782 587 829 649 Ne
848 610 896 649 rue
911 590 1024 657 tradite
1040 585 1254 662 Demostheni,
1319 601 1341 657 ζ

77 671 250 755 neque‘me
267 687 394 755 propter
410 675 648 737 Demosthenem
668 695 684 734 e
703 673 804 734 medio
822 673 938 734 tollite:
962 675 1073 736 ideone
1090 697 1139 736 me
1158 675 1254 736 intera

68 759 207 833 ficietis,
234 760 305 840 quiav
322 781 391 820 cum
411 759 470 819 isto
490 761 603 823 bellum
621 759 716 843 gero?
741 758 825 823 Talia
842 778 948 841 saepe,
973 760 1055 834 scio,
1078 760 1253 834 clamitabit,
1330 780 1339 832 g

72 858 114 905 ut
129 864 182 905 me
201 845 284 906 hisce
303 845 403 929 uerbis
421 845 605 906 invidiosum
623 845 720 907 saciat
754 844 846 906 Absit
864 857 980 918 autem,
1002 857 1033 905 et
1051 846 1180 906 multum
1199 847 1268 907 ab-¹

73 930 134 1004 sit,
159 943 200 991 ‚ut
223 930 297 990 haec
321 930 364 990 ita‘
385 950 420 1001 se
441 931 578 995 habeant.
621 931 782 1017 Neminem
801 929 883 989 enirn
900 943 1020 991 sontem
1038 951 1092 989 vos
1112 932 1265 1011 cuiquam,

72 1012 249 1078 accusatori
265 1015 392 1076 traditis.
434 1015 498 1076 Nec
517 1016 616 1090 enim,
633 1016 688 1076 ubi
706 1017 774 1097 quis
791 1015 918 1077 allectus
938 1015 1048 1094 iniuria
1066 1015 1177 1091 luerit,
1192 1017 1252 1078 tale

73 1101 262 1185 supplicium
281 1100 473 1182 delinquenti
490 1100 648 1184 infligitis,
666 1101 754 1183 quale
773 1101 1003 1182 is31quilaesus
1023 1114 1085 1175 est,
1109 1099 1254 1183 infligen—
1274 1108 1276 1115 ’

75 1186 155 1249 dum
179 1204 256 1249 esse‘
269 1189 451 1267 persuadere
478 1186 565 1247 vobis
589 1187 706 1248 studet:
731 1188 786 1248 sed
809 1199 914 1249 contra
938 1186 1050 1248 tulistis
1075 1187 1158 1270 leges
1182 1199 1252 1246 ante

75 1270 225 1346 iniurias,
249 1293 336 1345 cum,
361 1260 394 1333 et'
411 1273 465 1354 qui
483 1271 715 1353 delinquerent,
735 1273 772 1332 in
790 1272 908 1332 incerto
929 1275 1048 1346 essent,
1075 1273 1107 1333 et'
1123 1272 1155 1331 in
1175 1291 1251 1352 qnos

79 1359 329 1440 delinqueretur,
348 1378 444 1438 aeque
463 1357 494 1417 in
513 1357 639 1431 incerto.
682 1359 769 1435 Quae
787 1378 861 1418 vero
879 1357 987 1418 harum
1004 1358 1107 1440 legum
1125 1357 1169 1416 vis
1190 1357 1253 1417 est?

82 1444 271 1505 Pollicentur
289 1444 431 1504 omnibus
450 1442 576 1515 civibus,
594 1443 688 1510 sicui
705 1443 758 1502 fiat
774 1441 895 1515 iniuria,
915 1442 943 1503 ei
961 1463 993 1502 se
1010 1442 1178 1503 ulciscendi
1196 1463 1254 1502 suo

78 1529 233 1610 praesidio
250 1529 370 1609 copiam
388 1530 525 1589 facturas.
560 1527 594 1587 Si
612 1548 703 1609 quem
722 1527 917 1610 igitudleges
934 1528 1101 1599 violantem
1118 1524 1254 1609 punitis:

78 1635 154 1677 eum
169 1636 234 1675 non
251 1615 478 1675 accusatoribus
496 1612 632 1686 traditis,
657 1615 711 1675 scd
729 1614 813 1696 leges
831 1616 944 1682 vestrsas
963 1614 1156 1675 confirmatis.
1192 1616 1254 1672 lam

78 1694 121 1761 ad
139 1696 233 1773 illud,
257 1699 344 1773 cum,
361 1700 602 1782 Demosthenes,
620 1698 756 1778 inquiet,
773 1699 873 1779 laesus
891 1711 952 1777 est,
971 1699 1050 1761 iusta
1068 1711 1099 1759 et
1116 1719 1253 1758 commun

77 1784 133 1846 nis
150 1785 235 1851 etad
252 1785 390 1852 omnium
406 1785 601 1846 securitatem
620 1785 775 1868 pertinens
793 1785 954 1865 responsio
975 1797 1031 1857 est,
1048 1784 1102 1844 illo
1122 1785 1171 1843 die
1190 1803 1255 1843 non

81 1891 138 1931 me
154 1870 392 1932 Demosthenem
416 1884 533 1932 tantum
558 1892 624 1932 esse
649 1871 849 1953 exagitatum,
873 1871 926 1930 sed
947 1870 1036 1929 etiam
1055 1869 1183 1929 aedilem
1201 1887 1253 1928 ve-

10 2011 17 2019 ,
77 1967 191 2017 strum
224 1955 314 2030 Quod
333 1969 481 2036 quantum
500 1956 612 2030 valeat,
630 1956 701 2015 hine
721 1955 921 2036 cognoscetis.
956 1953 1065 2028 Scitis,
1088 1952 1270 2015 eSexviris.

10 2107 12 2111 ,
77 2040 283 2105 neminimus
300 2063 414 2101 nomen
431 2034 546 2115 Servis,
564 2042 618 2100 sed
636 2062 725 2100 suum
744 2040 898 2119 quoddam
915 2034 1091 2119 unicuique.
1110 2026 1144 2096 Si
1163 2058 1254 2117 quem

77 2124 177 2208 igitur
194 2146 319 2200 eorum,
338 2129 410 2187 dum
428 2127 561 2208 privatus
581 2139 641 2200 est,
662 2126 710 2190 ,vel
728 2124 882 2185 mulctarit
900 2123 1065 2204 quispiam,
1082 2122 1131 2183 vel
1149 2120 1254 2182 eonvi-
1312 2194 1317 2201 .

80 2209 133 2279 ciis
156 2210 334 2285 incesserit,
359 2212 538 2291 iniuriarum
564 2225 594 2272 et
619 2210 748 2275 convicii
773 2209 992 2291 postulabitur:
1019 2209 1066 2269 sin
1085 2206 1255 2280 Sexvirum,
1288 2283 1290 2286 Α

76 2295 340 2379 ignominiasine
365 2299 460 2358 dubio
486 2297 649 2357 notabitur.
693 2295 906 2376 Quapropter?
931 2294 1040 2368 Quod,
1067 2291 1205 2372 quisquis
1223 2291 1255 2355 id

76 2381 173 2455 facit,
191 2381 217 2441 is
237 2382 297 2442 iam
316 2382 407 2442 etiam
425 2384 508 2465 leges
521 2380 840 2455 'contumelia.asficit,
865 2392 896 2440 et
913 2391 1042 2440 vestram
1061 2398 1256 2438 communem

77 2486 245 2540 coronam,
256 2478 300 2527 fet
317 2488 431 2545 nomen
448 2467 588 2528 civitatis.
615 2467 708 2537 ,Nam
725 2465 831 2527 Servir
849 2464 963 2525 nullius
981 2463 1115 2523 hominis
1134 2475 1181 2523 est
1198 2480 1256 2522 no-

76 2573 169 2625 men,
187 2554 241 2613 sed
261 2552 398 2622 civitatis.
432 2553 548 2613 Eadem
567 2566 612 2613 est
631 2566 662 2613 et
679 2549 832 2613 Praetoris
850 2551 939 2624 ratio,
959 2571 1050 2630 quem
1068 2549 1095 2608 si
1114 2548 1183 2627 quis
1202 2567 1256 2613 co»
1303 2548 1308 2562 '

75 2651 222 2698 ronatnm
240 2638 446 2699 verberaverit
464 2651 516 2698 aut
534 2637 678 2699 conviciis
697 2637 876 2709 incesserit,
900 2636 1020 2697 infamis
1039 2647 1100 2695 est:
1127 2633 1173 2693 sin
1192 2631 1256 2714 pri·

47 2781 55 2788 .
80 2722 204 2797 vatuni,
227 2724 346 2804 privato
372 2724 554 2787 iudicioest
570 2723 730 2783 obnoxius.
764 2724 829 2783 Nee
853 2721 964 2780 horum
987 2733 1106 2780 tantum
1125 2739 1160 2779 ea
1177 2717 1256 2777 ratio
1279 2724 1341 2780 634

79 2809 225 2869 esta'sed
243 2811 380 2869 omhium
402 2832 517 2883 eorum,
537 2808 647 2889 quibus
665 2808 787 2888 publice
805 2806 905 2886 aliqua
924 2805 1078 2877 securitas,
1096 2816 1149 2863 aut
1167 2823 1256 2863 eoro-

76 2914 139 2953 nae
157 2894 224 2966 ius,
242 2908 295 2955 aut
307 2895 388 2955 alius
408 2894 556 2975 quispiam
575 2893 674 2955 honos
693 2893 879 2954 conceditur.
915 2894 959 2972 lta
978 2890 1086 2963 etiain,
1105 2888 1130 2949 si
1147 2887 1256 2948 Midias

76 2977 147 3038 aliis
166 2979 349 3059 quibusdam
369 2981 476 3040 diebus
495 3001 554 3052 me,
572 2991 607 3038 ut
623 2999 785 3060 personam
799 2973 955 3058 prIvatain,
974 2970 1012 3036 id
1030 2975 1111 3035 hune
1130 2973 1258 3034 modum

77 3063 250 3139 laesisset,v
260 3067 399 3145 privatim
419 3065 639 3145 etiampoenas
659 3086 728 3124 eum
748 3065 818 3123 dare
838 3074 1009 3142 oporteret:
1036 3059 1154 3140 sivero
1173 3056 1256 3118 aedi·
1290 3094 1298 3099 -

78 3149 143 3209 lem
159 3156 299 3235 vestrum·
315 3151 363 3211 die
382 3151 461 3212 festo
481 3149 528 3209 his
546 3149 689 3212 omnibus
707 3148 827 3216 iniuriis
851 3160 883 3208 et
900 3145 1092 3207 contumeliis
1111 3144 1255 3233 affectum

79 3234 121 3309 ah
147 3256 187 3297 eo
209 3257 277 3296 esse
303 3250 440 3307 constat,
466 3257 597 3315 aequum
617 3255 686 3294 eum
711 3247 758 3295 est
780 3233 932 3315 publicam
958 3230 1200 3314 indignationem
1225 3239 1256 3288 et

75 3314 233 3381 ultionem
252 3322 489 3403 experiri..Nam
508 3343 580 3393 cum,
590 3320 800 3382 Demosthene
818 3318 909 3380 simul
928 3317 1018 3377 etiam
1036 3315 1141 3376 aedilis
1160 3313 1255 3400 viola-

78 3405 172 3465 batur
194 3405 272 3489 (hoc
294 3429 367 3468 vero
392 3430 505 3469 nomen
529 3406 686 3487 publicum
709 3404 785 3486 est),
810 3404 903 3485 idque
928 3402 974 3462 his
1000 3401 1108 3462 diebus
1132 3398 1256 3473 factum,

82 3490 195 3570 quibus
214 3506 261 3555 est
279 3494 398 3575 legibus
417 3492 620 3555 interdictum
638 3493 718 3552 Sunt
735 3503 836 3551 autem
853 3491 949 3571 leges,
967 3488 1088 3567 quando
1105 3485 1256 3556 feruntur,

77 3575 338 3652 considerandae,
373 3601 520 3659 quaenam
546 3592 577 3638 et
604 3577 777 3639 cuiusmodi
800 3576 878 3636 sint:
916 3596 986 3634 cum
1009 3592 1082 3632 vero
1107 3576 1254 3650 ,receptae
1319 3582 1325 3593 ¹

76 3660 214 3737 suerint,
241 3665 460 3732 custodiendae
483 3678 514 3725 ct
534 3664 735 3745 usurpandae.
778 3663 855 3722 Nam
873 3660 932 3721 hoc
950 3657 1145 3718 iurisiurandi
1162 3652 1255 3715 vestri

78 3747 211 3833 religio,
239 3763 272 3809 et
288 3751 423 3833 aequitas
442 3749 557 3829 alioqui
575 3750 717 3832 postulat.
762 3747 844 3809 Olim
868 3744 1016 3807 habuistis
1035 3743 1133 3825 legem
1153 3738 1255 3836 damni

79 3832 322 3908 dati„habuistis
341 3836 572 3906 verberationis,
591 3834 738 3895 habuistis
757 3832 968 3894 contumeliae.
996 3832 1057 3889 lam
1076 3828 1100 3887 si
1120 3848 1183 3898 eos,
1202 3846 1255 3904 qur

77 3918 320 3982 Bacchanalibus
339 3922 449 3982 horum
467 3920 582 4001 aliquid
599 3919 809 3991 admisissent,
844 3917 927 3978 hisee
945 3916 1064 3999 legibus
1083 3913 1191 3971 suisset
1208 3932 1254 3970 sa-

77 4002 120 4065 tis
138 4006 262 4085 puniri,
288 4000 517 4088 supervacanea
527 4006 636 4066 fuisset
653 4006 728 4066 haeo
745 4005 811 4065 lex:
839 4004 894 4064 sed
911 4013 1040 4065 nonest
1058 3997 1137 4057 satis.
1180 3995 1255 4056 liius

76 4089 126 4150 rei
142 4091 267 4174 signum
287 4092 346 4154 hoc
365 4106 425 4153 est:
444 4112 558 4153 sacram
575 4092 674 4174 legem
692 4088 892 4161 constituistis
909 4086 966 4170 ipsi
986 4087 1043 4145 deo
1055 4085 1098 4144 ‚de
1115 4081 1186 4143 sesti
1202 4103 1254 4141 so-

10 4251 12 4255 ·
78 4174 239 4243 lenuitate.
283 4177 400 4258 Siquis
421 4177 514 4260 igitur
531 4178 590 4238 illis
611 4176 700 4238 etiam
719 4174 872 4237 veteribus
891 4173 1027 4255 legibus,
1063 4183 1094 4230 et
1111 4169 1167 4229 hac
1184 4179 1255 4248 post

79 4259 146 4323 illas
164 4261 254 4337 lata,
270 4276 301 4323 et
317 4264 603 4343 reliquisomnibus
624 4276 670 4324 est
687 4284 773 4323 reus:
803 4262 828 4321 is
847 4271 1048 4342 proptereane
1067 4255 1191 4337 impune
1208 4251 1254 4333 se·
1275 4244 1288 4267 ⁸

79 4361 208 4423 retsua
233 4350 363 4424 scelera,
388 4373 426 4411 an
451 4349 554 4431 potius
581 4349 690 4412 merito
716 4346 836 4431 gravius
863 4342 1078 4413 mulctabitur?
1104 4338 1255 4420 Equidem
1303 4341 1315 4348 ”
