2722 4754
334 180 974 276 unaatsansesmoan
1072 160 1083 177 ““
1142 191 1160 224 ³
1195 190 1260 248 ιιι
1320 238 1330 251 s

66 341 146 410 rum
166 345 340 410 Aeschines
349 364 422 407 ιιοιι
441 296 617 403 miseretni.
635 360 692 402 nec
710 341 743 401 in
762 362 811 402 eas
829 340 953 401 intuens
973 339 1132 405 Graeciam
1151 297 1259 421 deplo-

68 446 144 509 eat,
162 434 281 497 stillae
298 432 379 515 apud
397 431 497 492 'so'eios
516 419 657 512 alegatis
676 427 900 488 contumeliose
918 442 1084 489 vexantur:
1102 449 1170 488 suas
1190 425 1258 506 qui
1298 478 1301 485 ,

30 523 33 527 ’
69 521 150 581 dem
174 521 315 581 fortunas
342 516 574 589 lamentabitur,
603 537 670 596 cum
696 514 737 574 ita
760 535 792 573 se
819 513 851 573 in
877 506 1030 597 legatione
1057 514 1201 599 gesserit,
1229 524 1260 573 et
1308 513 1322 527 “

70 607 230 707 puerulos
246 604 383 666 fortassis
402 613 535 663 arcesset
553 615 584 661 et
600 602 756 682 producet
791 603 855 659 Vos
875 613 976 659 ιιιιιιιι
995 601 1184 684 cogitabitis,
1208 602 1259 659 Iu-

74 686 215 766 dices,
204 713 238 753 tn
255 666 399 772 respectul
415 689 480 750 ad
471 687 558 747 istius
577 686 706 760 liberos,
728 686 894 746 multorum
913 687 1067 747 sociorum
1086 701 1260 761 vestrorum

76 790 109 840 et
133 777 303 838 amicorum
327 775 441 836 liberos
462 793 561 833 errare
581 786 612 833 et
628 771 830 832 mendicos
805 771 980 846 circumire,
1007 775 1173 835 crudeliter
1197 778 1259 834 ιιι

75 877 177 926 statos
197 871 324 944 propter
341 862 444 934 istum,
464 881 594 940 quorum
610 879 663 918 sos
681 859 819 918 miseren
811 857 930 917 multo
949 872 995 920 est
1010 861 1149 941 aequius,
1168 881 1259 940 quam
1302 889 1306 896 ·

77 963 223 1010 natorum
240 949 283 1008 ita
307 947 489 1008 facinoro
465 969 491 1006 st
506 958 540 1005 et
557 945 722 1027 proditoris
741 943 853 1026 patris,
881 957 911 1004 et
929 957 1099 1006 vestrorum
1118 941 1260 1019 liberum,

79 1036 135 1116 qui
152 1048 226 1095 sunt
243 1032 309 1094 ab
299 1033 376 1107 tstis,
395 1032 448 1116 q'ui
467 1053 571 1114 pacem
585 1033 622 1092 ad
634 1042 774 1112 posteros
792 1051 917 1110 quoque
936 1033 1148 1106 extenderunt,
1168 1030 1260 1091 etiam
1311 1108 1316 1117 Α

78 1140 135 1203 spe
159 1121 303 1181 fortunae
331 1119 466 1180 melioris
494 1117 631 1198 spoliati.
663 1117 757 1199 ipsius
786 1129 887 1176 autem
915 1117 1064 1218 lacrymas
1084 1118 1262 1191 intuenteS,

77 1227 135 1268 tos
150 1227 244 1266 nunc
271 1205 384 1267 habere
409 1205 582 1278 hominem,
608 1204 675 1283 qui
687 1225 740 1264 tos
767 1202 857 1262 iussit
881 1203 1003 1265 mittere
1028 1206 1060 1264 in
1087 1203 1261 1278 Arcadiam,
1331 1206 1334 1210 ’

78 1292 136 1374 qui
158 1291 294 1372 Philippi
318 1291 472 1393 studiosos
493 1302 681 1350 accusarent.
731 1289 821 1349 Nunc
844 1287 939 1370 igitur
962 1290 1038 1350 nihil
1064 1304 1111 1351 est
1133 1307 1260 1351 necesse

77 1380 198 1464 legatos
222 1377 346 1439 mittere
364 1378 395 1439 in
413 1378 679 1456 Peloponnesum,
707 1389 760 1435 aut
784 1372 1021 1456 longinquum
1012 1390 1071 1456 ater
1093 1377 1262 1478 suscipere,

80 1479 136 1526 aut
164 1463 305 1525 viaticum
330 1464 536 1545 impendere,
577 1463 631 1521 sed
661 1462 739 1523 illud
775 1460 936 1535 duntaxat,
976 1476 1012 1525 ut
1045 1464 1262 1544 unusquisque

76 1563 216 1612 vestrum
238 1571 338 1631 usque
363 1552 411 1610 ιιι
423 1548 554 1609 tribunal
576 1568 755 1631 progressus
781 1547 918 1606 sanctum
939 1561 982 1608 et
991 1571 1123 1630 aequum
1150 1548 1261 1612 suffra-

76 1637 165 1721 glum
183 1636 261 1696 ferat
278 1657 335 1717 pro
354 1636 449 1718 patria
469 1647 574 1694 eontra
592 1633 764 1707 hominem,
784 1633 852 1711 qui,
871 1653 889 1691 o
909 1633 951 1693 dii
966 1635 1171 1712 immortales,
1189 1659 1258 1698 cnm

66 1722 166 1796 illae,
191 1724 229 1782 de
248 1721 386 1802 quibus'
378 1721 467 1781 tuitio
487 1720 567 1794 dixi,
594 1723 759 1779 conciones
781 1717 922 1778 habuerit
939 1723 977 1782 de
995 1722 1194 1796 Marathone,
1219 1725 1259 1783 de

75 1808 249 1882 Salamine,
274 1808 312 1867 de
338 1807 479 1888 proeliis,
504 1807 542 1866 de
566 1805 745 1887 triumphis,
772 1804 892 1881 statim,
916 1822 952 1869 ut
975 1809 1185 1901 Macedoniam
1212 1821 1259 1871 at-

72 1894 173 1977 tigit,
208 1893 308 1955 omnia
326 1893 373 1953 his
393 1892 543 1953 contraria
563 1892 653 1952 dixit:
689 1914 752 1951 non
769 1850 1000 1962 recorddndum,
1013 1892 1079 1955 esse
1096 1897 1258 1968 maiorum,

74 2001 146 2041 nou
165 1979 336 2062 triumphos
354 1980 535 2051 narrandos,
562 1977 678 2038 nemini
696 1997 786 2058 opem
804 1977 978 2053 ferendam,
1004 2002 1068 2042 non
1087 1981 1258 2042 eommuni-

74 2078 128 2126 ter
144 2087 216 2126 cum
234 2065 360 2127 Graecis
378 2064 630 2138 consultandum,
653 2076 772 2123 tantum
790 2084 868 2122 non
868 2065 1051 2126 diruendos
1061 2087 1125 2137 esse
1144 2088 1258 2129 muros.

78 2151 194 2233 quibus
212 2151 366 2213 orationes
383 2152 469 2210 nullo
487 2171 623 2230 unquam
640 2161 779 2230 tempore
797 2151 878 2229 apud
894 2172 948 2211 vos
965 2152 1086 2213 habitae
1102 2166 1174 2214 sunt
1189 2153 1257 2214 soe-

10 2255 12 2260 ’
79 2238 192 2298 diores.
227 2238 306 2314 Quis
333 2250 379 2297 est
403 2237 483 2297 enim
503 2236 691 2297 Graecorum
716 2250 746 2296 et
763 2235 999 2298 Barbar‘orum
990 2252 1032 2298 ιιι
1056 2260 1178 2341 vecors,
1205 2253 1258 2301 aut

36 2400 40 2405 ι
77 2324 240 2405 imperitus
259 2344 372 2397 rerum,
390 2335 442 2384 aut
458 2341 556 2401 usque
574 2322 650 2381 adeo
669 2336 792 2382 nostrae
809 2322 906 2381 urbi
897 2322 1049 2400 mimicus,
1067 2326 1130 2407 qui,
1149 2325 1257 2408 siquis

75 2425 187 2496 roget.
207 2409 285 2495 Age,
303 2409 351 2470 die
368 2408 537 2483 mihi,e1us
557 2406 713 2482 Graeciae,
732 2429 809 2488 quae
828 2431 910 2470 nunc
929 2423 975 2472 est
991 2424 1083 2491 atque
1101 2413 1257 2488 incolitur,

79 2511 168 2558 estne
185 2496 248 2557 ulla
265 2516 350 2578 pars,
377 2515 453 2575 quae
478 2512 591 2553 nomen
616 2515 703 2554 suum
726 2494 875 2555 retineret
899 2509 990 2577 atque
1012 2496 1201 2560 incoleretur
1217 2498 1255 2560 ab

77 2583 153 2657 its,
161 2583 216 2663 qui
232 2603 315 2642 nunc
333 2597 398 2641 eam
418 2580 576 2680 obtinent,
600 2580 744 2655 Graecis,
770 2580 830 2641 nisi
848 2581 880 2641 iu
898 2582 1077 2644 Marathone
1097 2586 1182 2646 etad
1201 2585 1256 2646 Sa-

69 2669 224 2751 laminem
242 2668 371 2728 maiores
390 2665 488 2727 nostri
506 2687 562 2746 pro
582 2666 624 2725 eis
642 2679 725 2727 tanta
742 2667 855 2733 virtute
875 2668 1086 2731 dimicassent?
1106 2671 1204 2730 Nemo
1224 2670 1254 2730 id

80 2754 314 2834 quidem,satis
333 2753 414 2827 scio,
434 2753 558 2813 dixerit:
576 2753 724 2812 sedillud
742 2753 837 2812 fuisse
856 2752 1011 2826 futurum,
1028 2768 1064 2815 ut
1081 2777 1097 2814 a
1114 2756 1256 2816 Barbarie

78 2839 276 2901 haecomnia
295 2851 482 2921 caperentur.
518 2838 639 2912 Quibus
659 2838 754 2920 igitur
770 2837 911 2898 laudibus
928 2850 964 2902 'et
980 2841 1167 2901 ornamentis
1184 2841 1255 2902 illos

76 2925 128 2986 vel
147 2925 283 2986 hostium
307 2946 398 2985 nemo
423 2923 575 3006 spoliarit,
600 2945 710 3008 eorum
732 2945 786 2984 vos
806 2923 974 2986 Aeschines
997 2927 1172 2987 meminisse
1189 2947 1255 2988 ιιοιι

78 3011 170 3086 sinit,
195 3011 320 3072 illorum
338 3021 496 3093 posteros,
519 3023 556 3070 ut
572 3009 637 3091 ipse
655 3030 796 3069 nummos
815 3009 948 3092 accipiat
991 3010 1037 3072 Ac
1055 3012 1112 3072 alia
1131 3013 1256 3091 quidem

78 3099 161 3158 bona
178 3097 260 3157 nihil
277 3097 407 3159 attinent
424 3097 462 3156 ad
481 3095 655 3156 defunctos:
679 3109 709 3156 at
726 3118 828 3156 rerum
846 3095 999 3178 praeclare
1017 3111 1171 3180 gestarum
1188 3098 1255 3158 lau-

79 3184 135 3244 des
154 3203 278 3257 eorum,
305 3183 358 3264 qui
376 3183 419 3243 sic
438 3183 611 3262 oppetiere,
635 3181 758 3263 propria
776 3194 849 3242 sunt
865 3183 1018 3263 possessio
1037 3181 1153 3267 (neque
1173 3183 1255 3245 enim

77 3269 124 3329 eis
143 3268 347 3351 invidia'post
364 3268 483 3329 obitum
500 3264 700 3350 adversatur),
717 3266 829 3348 quibus
849 3288 902 3328 eos
920 3268 978 3330 iste
998 3269 1069 3328 dum
1086 3269 1257 3346 defraudat,

76 3354 145 3436 ipse
168 3354 283 3416 merito
308 3376 390 3416 nune
408 3354 555 3436 dignitate
581 3353 764 3434 privabitur,
791 3367 822 3413 et
843 3373 898 3413 vos
922 3353 983 3415 hoc
1007 3356 1100 3415 modo
1123 3355 1254 3417 maiores

79 3452 196 3502 vestros
220 3455 306 3502 reete
329 3439 527 3502 ulciscemini.
570 3439 696 3501 Talibus
713 3439 830 3511 verbis,
858 3438 1069 3523 oimprobum
1087 3455 1193 3523 eaput,
1217 3453 1254 3502 tn
1277 3442 1338 3500 281

76 3546 129 3586 res
146 3538 269 3609 gestas
264 3527 415 3587 maiorum
434 3525 633 3606 depraedatus
657 3540 688 3587 et
705 3525 903 3586 calumniatus
923 3526 1024 3587 omnia
1042 3527 1166 3611 negotia
1184 3547 1254 3609 per·
1330 3560 1338 3609 ¹.

63 3609 197 3673 didisti.
234 3613 379 3673 Postea
370 3612 436 3673 istis
455 3610 542 3672 dictis
567 3624 598 3672 et
615 3612 701 3672 factis
719 3611 892 3693 praediatus
910 3612 1000 3673 nobis
1026 3626 1058 3675 et
1074 3613 1254 3697 magnificus
1336 3652 1341 3657 -

34 3718 38 3727 ·
76 3697 230 3759 exstitisti.
266 3698 343 3759 Nam
361 3699 453 3773 illud,
479 3710 640 3781 antequam
658 3696 874 3780 rempublicam
894 3698 1036 3760 omnibus
1055 3699 1190 3760 cladibus
1209 3698 1255 3760 af-

74 3781 220 3858 fecisset,
245 3785 415 3858 fatebatur,
442 3805 474 3845 se
498 3784 594 3845 fuisse
617 3784 746 3844 scribam
773 3797 805 3844 et
829 3783 955 3868 gratiam
979 3766 1197 3847 haberavobis
1215 3786 1253 3845 de

19 3920 22 3925 ,
76 3869 213 3931 creditis
229 3870 496 3955 magistratibus,
509 3882 540 3931 et
565 3871 755 3931 moderatum
780 3892 812 3930 se
837 3871 1008 3962 praebebat.
1050 3873 1253 3952 Posteaquam

76 3969 179 4017 autem
198 3956 321 4019 infinita
339 3957 452 4018 scelera
471 3956 655 4039 designavit,
680 3955 874 4038 supercilium
895 3958 1001 4041 erigit,
1024 3980 1056 4018 ac
1075 3959 1102 4019 si
1119 3957 1187 4038 quis
1206 3957 1253 4020 di

76 4055 137 4104 ιιι.
155 4042 343 4118 Aeschines,
362 4066 415 4124 qur
406 4043 529 4103 'scriba
544 4041 674 4116 fuit,·-
675 4042 788 4102 statim
805 4043 902 4104 hostis
917 4056 973 4118 est,
992 4044 1092 4104 statim
1107 4044 1186 4103 male
1199 4065 1254 4107 au

35 4154 41 4168 ·
78 4128 158 4190 disse
177 4151 211 4190 se
232 4129 326 4213 dicit,
353 4141 384 4190 et
399 4150 457 4211 per
472 4132 574 4191 forum
593 4128 728 4192 ambulat
744 4121 828 4189 veste
847 4131 884 4190 ad
902 4129 980 4190 talos
996 4151 1096 4209 usque
1115 4129 1255 4206 demissa,

75 4214 141 4296 pati
158 4237 231 4277 cum
249 4215 381 4317 Pythocl
386 4236 401 4275 e
419 4217 514 4299 gradu
532 4207 693 4289 incedens,
719 4216 828 4291 buccas
847 4214 975 4288 inflans,
996 4215 1130 4298 Philippi
1148 4214 1255 4299 hospi

77 4313 139 4361 tum
158 4315 192 4363 et
209 4301 379 4362 amicorum
397 4300 518 4364 vobis
509 4323 568 4361 ram
591 4322 672 4361 unus
698 4313 759 4376 est,
785 4301 838 4382 qui
863 4323 879 4360 a
885 4301 1018 4387 populo
1035 4303 1179 4363 recedere
1198 4323 1253 4363 vo-

75 4384 159 4465 lunt,
187 4400 221 4449 et
231 4399 453 4469 tempestatem
470 4399 562 4469 atque
580 4386 728 4450 insaniam
738 4370 902 4514 receptum
920 4399 1031 4449 statum
1049 4388 1284 4471 interpretau-
