2722 4754
40 144 229 236 454,
304 248 306 253 Α
360 202 364 209 „
421 138 1030 236 nnnosf'rnums‘onnrro
1149 248 1155 258 ,
1240 157 1276 199 “’

54 322 81 336 ”
103 348 108 352 ·
140 348 271 413 quorum
288 325 491 397 Athenienses
509 328 556 387 ius
573 326 707 406 habent,
729 320 865 392 omnium
883 339 913 386 et
935 312 1142 392 sacrord'met
1157 322 1294 403 profano-

43 459 49 465 ·
75 479 100 493 ,.
132 435 223 474 rum:
247 426 456 493 praeterquam
475 413 601 492 siquod
624 413 827 473 sacerdotium
837 425 897 488 ,aut
913 412 1023 470 festum
1043 422 1090 469 est
1107 405 1307 490 gentilitium,'

142 509 267 578 excepto
291 498 364 577 item
389 497 610 557 novem-viratu:
636 519 741 557 eorum
766 510 866 556 tamen
891 495 1003 555 liberis·
1020 489 1050 567 et
1074 495 1159 555 haec.
1176 506 1293 573 pateant
1319 487 1343 577 ἰ

38 635 40 639 ,
75 634 79 643 ,
111 579 330 663 ”eistatenses
347 594 448 659 autem
465 584 498 642 in
516 584 611 642 curias
631 597 661 642 ct
677 582 773 642 tribus
801 573 1034 641 distribuantui,
1063 579 1125 653 Qui
1144 591 1296 662 pqstquam

95 699 112 716 »a
141 665 296 726 distributi
320 667 450 741 fuerint,
474 667 601 748 posthae
624 689 662 727 ne
685 666 985 749 ullil.Platae'ensium
1009 665 1100 722 liceat
1122 662 1194 721 fieri
1208 662 1297 721 Athe-

92 787 97 792 ,
142 749 300 824 niensem,
318 752 377 811 nisi
394 753 426 820 id
444 753 490 813 ius
508 753 614 832 populi
625 751 781 832 *beneficio
793 763 1008 832 consequatur.

121 898 124 903 ,
176 869 194 872 ·>
224 837 359 911 Videtis,
386 836 609 911 Athenienses,
635 858 722 916 quam
741 836 891 916 praeclare
911 849 941 894 et
959 834 1036 917 iuste
1056 845 1162 891 orator
1180 831 1230 890 ille
1247 853 1295 911 pro

85 930 89 942 “
141 922 463 1002 populo‚,Athenien'si
485 922 639 1002 scripserit
664 935 694 981 et
719 921 885 993 censuerit,
912 919 1104 1003 Plataeenses
1123 915 1296 976 beneficium
1329 949 1337 956 -

43 1072 45 1080 Α
69 1010 73 1017 “
143 1019 322 1090 consecutos
347 1007 478 1086 primurn
503 1007 535 1065 iu
559 1007 672 1067 iudicio
696 1006 896 1087 explorandos
918 1003 1047 1075 viritim,
1064 1023 1117 1062 ¹an
1147 1001 1296 1080 quisquam

46 1156 48 1163 ,
94 1163 96 1167 ,
132 1088 183 1151 'sit
199 1091 382 1151 Plataeensis
400 1104 431 1151 et
448 1091 554 1172 populi
572 1093 702 1165 amiens,
726 1105 761 1150 ut
778 1111 819 1174 ne
836 1110 873 1149 eo
891 1100 1052 1170 praetextu
1074 1086 1166 1168 multi
1185 1086 1216 1144 in
1234 1086 1297 1146 civi-

129 1186 235 1235 statem
253 1176 443 1256 recipiantur.
476 1177 596 1237 Deinde
615 1176 682 1250 cos,
694 1176 754 1255 *qui
765 1175 891 1255 ,probati
909 1175 1037 1246 suerint,
1054 1172 1193 1250 lapideae
1208 1170 1297 1250 ‘pileae

52 1262 123 1333 „384⁴
137 1259 266 1320 inscribi
286 1274 317 1320 et
333 1261 364 1319 in
391 1282 458 1322 arce
483 1261 574 1321 statui
596 1261 678 1322 iuxta
694 1261 859 1319 Minervam
886 1260 989 1330 iubet,
1013 1271 1049 1316 ut
1073 1256 1256 1315 beneficium
1272 1256 1297 1316 id

143 1345 233 1406 etiarn
250 1345 379 1426 posteris
394 1359 585 1428 permaneat,
604 1346 785 1426 probarique
803 1345 915 1425 possit,
942 1343 1011 1422 quis
1027 1341 1077 1401 cui
1095 1353 1244 1422 cognatus
1260 1340 1299 1400 sit

95 1498 99 1504 ,
126 1429 182 1490 ,Εἰ
198 1438 304 1511 postea
327 1451 390 1490 non
405 1424 509 1491 licere
530 1431 605 1494 'sinit
621 1430 842 1490 Atheniensem
862 1428 935 1488 >‘lieri
960 1426 1127 1505 eum,1qui
1146 1447 1228 1484 nunc
1245 1445 1299 1484 non

62 1522 71 1530 ’
107 1576 109 1580 ,
131 1514 238 1587 ‚lactus
258 1515 337 1574 etin
355 1515 469 1575 iudicio
488 1512 551 1574 non
569 1516 712 1596 probatus
730 1516 839 1588 suerit,
863 1527 953 1575 utne
971 1512 1078 1592 multi,
1096 1531 1131 1570 se
1150 1510 1299 1576 Plataeen-
1340 1510 1343 1515 ’

89 1628 115 1670 “,
142 1619 190 1659 ses
206 1618 270 1667 esse
287 1599 468 1674 dictitantes,
482 1601 587 1659 fraude
600 1601 631 1659 in
644 1601 794 1660 civitatem
810 1600 951 1680 irrepant
963 1596 1087 1656 ‘Deinde
1102 1588 1204 1682 legem
1219 1595 1298 1654 etiarn

142 1683 239 1744 saucit
256 1704 327 1766 erga
345 1703 397 1744 eos
415 1685 447 1744 in
470 1685 596 1744 decreto
620 1686 738 1758 stdtim,
761 1699 826 1749 turn
853 1696 997 1764 quantum
1017 1682 1054 1740 ad
1079 1679 1299 1760 rempublicam,

40 1780 43 1784 ’
142 1781 207 1829 turn
225 1769 372 1846 quantum
389 1771 426 1829 ad
445 1771 518 1829 deos
536 1769 656 1842 attinet,
672 1791 716 1829 ne
730 1770 868 1849 cuiquam
888 1776 994 1827 eorum
1007 1765 1044 1824 iu
1062 1764 1228 1825 sortitione
1244 1765 1302 1827 No-

58 1893 61 1899 .
86 1924 101 1929 ,
142 1852 344 1914 vemvirorum
369 1867 421 1916 aut
445 1855 537 1914 ullius
561 1855 698 1914 sacrificii
724 1856 809 1915 locus
828 1854 932 1913 detur:
958 1851 1068 1911 horum
1092 1869 1169 1935 vero
1196 1848 1304 1921 liberis,

93 1938 171 2007 '‘„si
189 1956 205 1996 e
223 1937 350 1997 muliere
370 1934 433 1998 c'ive
453 1940 584 2020 suscepti
602 1941 664 2000 sint
682 1952 712 2000 et
725 1939 860 2022 legitime
880 1940 1040 2017 desponsa,
1059 1935 1162 1995 licere.
1179 1934 1304 2012 lniquis-

47 2064 57 2074 s
106 2056 112 2062 ·
143 2022 253 2083 simum
277 2021 372 2104 igitur
394 2023 504 2098 fuerit,
534 2044 603 2106 erga
628 2026 744 2085 vicinos
770 2038 801 2084 et
823 2037 903 2103 ertra
929 2020 1167 2082 controversiam
1196 2018 1305 2099 optime

38 2158 42 2171 „
144 2106 281 2165 omniurn
301 2107 487 2168 Graecorum
506 2109 617 2169 dehac
640 2110 794 2192 republica
814 2109 942 2176 meritos
961 2109 1000 2166 ita
1025 2106 1193 2188 diligenter
1212 2116 1243 2163 et
1259 2125 1304 2164 ae-

49 2272 52 2278 ,
142 2202 245 2250 curate
263 2191 546 2273 singula-diffinire,
570 2193 680 2273 quibus
705 2194 932 2254 conditlonib'us
957 2192 1016 2275 hoc
1035 2190 1187 2250 beneficio
1206 2189 1306 2249 iruan-

81 2344 84 2353 Ι
143 2287 208 2335 tur:
236 2295 299 2334 eam
318 2297 406 2349 vero,
433 2297 509 2356 quae
526 2278 623 2357 palam
642 2294 673 2339 et
698 2279 850 2358 exquisite
869 2277 1039 2338 universam
1060 2275 1218 2356 Graeciam
1236 2295 1307 2355 pro-

143 2358 399 2441 stituto‘corpore
415 2375 572 2444 pervagata
591 2377 652 2437 est,
679 2365 718 2424 ita
736 2364 887 2446 flagitiose
905 2383 938 2421 ac
963 2360 1134 2442 petulanter
1156 2358 1304 2418 insultan-

73 2482 76 2489 ,
144 2455 206 2504 tem
223 2444 337 2518 civitati
355 2459 386 2511 et
399 2467 481 2506 saera
498 2448 633 2526 deosque
653 2449 825 2522 violantem,
844 2446 1022 2528 impunitam
1040 2445 1198 2513 dimisisse,
1217 2465 1306 2521 quam

144 2543 401 2615 neque‘pareutes
420 2531 514 2591 civem
532 2533 741 2611 reliquerunt,
766 2553 866 2612 neque
885 2531 1015 2613 populus
1035 2530 1157 2588 civitate
1176 2528 1307 2591 donavit.

113 2677 118 2683 ,
147 2613 205 2672 Ubi
224 2614 304 2673 enim
330 2636 458 2695 corpore
485 2630 641 2696 quaestum
664 2640 728 2677 non
745 2619 835 2677 lecit?
862 2639 924 2697 quo
950 2617 1077 2696 propter
1094 2612 1307 2692 quotidianam

60 2738 64 2744 ι
144 2699 314 2775 mercedem
332 2720 395 2759 non
413 2697 591 2762 ventitavit?
608 2702 718 2763 Nonne
736 2704 981 2783 Peloponnesum
999 2713 1106 2770 totam,
1124 2695 1307 2756 Thessaliam

51 2826 53 2831 ‚
117 2777 121 2790 ⁸
145 2781 219 2842 item
239 2796 269 2843 et
286 2781 488 2865 Magnesiam,
512 2786 633 2844 Simum
646 2789 831 2848 Larissaeum
851 2800 885 2846 et
898 2777 1184 2868 Eurydamantem,
1199 2781 1307 2841 Midiae
1322 2813 1330 2826 ι

135 2866 258 2940 lilium,
276 2888 379 2944 nonne
393 2866 519 2943 Chium,
538 2872 693 2932 maximam
708 2873 810 2933 loniae
824 2885 956 2952 partem,
974 2869 1119 2931 Sotadem
1133 2864 1307 2926 Cretensem

44 2977 53 3025 ᾗ
129 2963 268 3024 scema„
288 2955 473 3039 peragravit,
496 2955 623 3014 elacata?
637 2959 775 3017 mercede
800 2957 989 3030 aNicareta,
1017 2955 1089 3014 dum
1109 2953 1191 3010 illius
1212 2951 1307 3010 esset?

79 3121 82 3125 Ι
120 3056 122 3059 ·
143 3035 218 3094 Earn
236 3056 319 3110 vero,
337 3060 414 3118 quae
431 3038 545 3099 alienae
563 3034 707 3130 potestati
725 3041 884 3102 subiicitur
903 3053 934 3099 et
950 3039 1080 3119 pretium
1100 3050 1306 3115 numerantem

145 3121 316 3195 comitatur,
332 3123 523 3205 ‘quidsfacere
541 3127 673 3204 putatis?
709 3126 779 3186 Non
798 3126 939 3185 omnibus
958 3145 1074 3197 eorum,
1094 3121 1205 3202 quibu's
1223 3120 1309 3180 lami-

144 3203 225 3264 liaris
245 3219 300 3278 est,
319 3206 447 3286 obsequi
464 3208 690 3290 voluptatibus?
707 3212 809 3271 Talem
828 3211 922 3293 igitur
936 3222 967 3269 et
983 3230 1060 3282 eam,
1079 3228 1167 3287 quae,
1186 3219 1221 3266 ut
1238 3227 1308 3265 con-

145 3300 205 3349 stat
222 3288 302 3349 inter
320 3311 441 3367 omnes,
467 3292 571 3355 orbem
589 3308 736 3356 terrarum
755 3310 881 3377 propter
903 3296 1044 3365 infamem
1064 3298 1225 3372 quaestum
1243 3311 1307 3371 per-

145 3386 248 3456 vagata
263 3387 319 3450 est,
337 3377 431 3436 civem
449 3380 720 3442 essedccernetis?
734 3383 832 3456 ⁴Quod
846 3381 949 3462 igitur,
967 3378 1158 3460 interrogati,
1177 3375 1308 3457 praeclass

104 3468 106 3483 ¹
145 3479 213 3533 rum
230 3454 283 3542 v'os
303 3462 436 3523 edidisse
450 3464 565 3524 facinus
583 3466 825 3546 respondebitis?
855 3466 1010 3544 quod‘vos
1028 3463 1200 3543 suscepisse
1220 3460 1309 3519 dede-

79 3611 88 3623 ·
145 3564 214 3618 eus,
238 3563 326 3625 quam
343 3547 470 3608 violasse
489 3550 668 3632 religionem
688 3550 855 3632 negabitis?
889 3550 1069 3629 'Priusquam
1090 3543 1310 3607 enim‘aceusa-

120 3630 373 3702 *retur'adducta
391 3634 422 3691 in
440 3633 597 3708 iudicium,
615 3656 780 3715 omnesque
799 3634 964 3705 audissent,
982 3647 1013 3692 et
1025 3655 1101 3713 quae
1113 3633 1169 3712 sit,
1188 3644 1219 3690 et
1235 3649 1310 3708 quae

145 3713 239 3793 impie
257 3715 380 3776 fecerit:
404 3717 462 3797 ipsi
480 3706 623 3799 imputari
643 3706 759 3780 scelera
777 3743 830 3779 sua
849 3719 1037 3800 potuissent,
1063 3716 1251 3798 negligentia
1270 3714 1311 3773 ci-

68 3843 74 3848 ·
133 3797 249 3874 ,vitatis
266 3813 460 3895 vestrumque
478 3802 528 3862 alii
546 3806 754 3886 ignorassent,
774 3805 840 3876 alii,
859 3826 891 3862 re
911 3804 1026 3874 audita,
1043 3802 1143 3861 verbis
1163 3798 1310 3882 indignati

100 3931 103 3935 .
146 3895 265 3976 essent,
290 3905 323 3943 re
342 3885 404 3965 ipsa
424 3888 462 3947 de
481 3908 534 3962 ea,
560 3891 681 3958 nemine
700 3902 858 3950 accusante
877 3902 928 3948 aut
945 3889 1164 3969 pronuntiante
1182 3884 1312 3966 protri-

145 3967 259 4042 bunali,
276 3982 408 4030 statuere
427 3971 502 4031 nihil
520 3976 698 4054 potuissent.
730 3976 894 4054 Postquam
913 3986 1011 4032 autem
1031 3972 1177 4032 et'nostis
1197 3991 1314 4040 omnes,

43 4102 56 4111 ,
130 4064 179 4112 „et
195 4074 289 4134 penes
306 4074 361 4114 vos
379 4054 514 4130 habetis,
532 4070 563 4118 et
581 4061 645 4119 eius
663 4061 834 4140 puniendae
853 4070 987 4141 potestas
1007 4059 1107 4117 datur:
1134 4057 1195 4136 iam
1213 4068 1317 4114 uestra.

147 4136 206 4196 erit
223 4138 273 4198 illa
291 4139 323 4199 in
342 4139 415 4200 deos
433 4141 581 4222 impietas,
599 4144 657 4203 nisi
676 4166 741 4205 eam
759 4145 946 4224 puniveritis.
982 4144 1064 4218 Quid
1079 4162 1156 4201 uero
1177 4153 1313 4200 vestrum

147 4220 275 4300 quisque
292 4242 429 4299 reversus
447 4229 485 4286 ad
503 4250 631 4302 uxores,
644 4242 701 4290 aut
717 4231 810 4304 filias,
836 4241 889 4289 aut
905 4227 1156 4299 matrestdieetis,
1183 4225 1242 4285 ista
1261 4225 1314 4283 ab-

145 4303 266 4368 soluta?
293 4309 325 4370 Si
342 4331 397 4375 vos
414 4309 642 4400 rogariut=,¹uhi
657 4315 795 4391 fueritis,
810 4333 927 4399 uosque
944 4306 1180 4397 responderitis,
1199 4311 1248 4371 ins
1260 4309 1317 4389 *dia

370 4481 377 4509 l
460 4488 465 4509 t
