2722 4754
158 189 220 244 sss
258 196 267 203 ·
312 155 339 228 ἶ
381 232 383 238 .
418 160 453 235 f
529 156 950 277 'nnnpsrnnmsl

134 348 256 401 ,autem
274 333 435 408 suaserim,
454 352 509 405 ne,
534 331 649 392 abiecta
667 332 760 393 vestri
778 353 873 417 cura,
886 333 972 392 satis
968 333 1012 393 id
1026 352 1092 392 esse
1099 331 1243 430 putetis,
1266 354 1310 390 su-

155 437 238 479 mere
257 417 375 477 demtis
394 436 524 496 poenas,
529 416 603 476 nbi
620 416 707 476 vobis
730 417 828 476 visum
850 416 963 488 fuerit,
986 417 1045 476 nisi
1064 415 1155 474 etia‘m
1176 414 1218 477 eis
1237 415 1309 476 obsi

154 504 239 565 statis
257 502 380 563 summis
401 500 529 575 viribus,
555 514 586 561 et
603 502 857 581 quemadmodum
881 502 918 562 de
934 502 1091 582 republica
1116 493 1308 561 deliberantes

154 590 252 661 decet,
269 587 391 687 privatis
409 579 656 657 contentionibus
675 585 822 658 sublatis,
836 585 909 685 quid
926 587 1046 669 publice
1067 584 1196 670 maxime
1214 585 1309 664 psoiu-

152 685 256 759 turum
274 672 340 744 sit,
357 671 571 731 consideretis:
588 672 784 753 cogitandum
802 671 882 730 euim
901 684 964 745 est,
974 691 1074 750 neque
1092 659 1317 747 onustumque

103 765 107 771 ’
143 778 259 856 ⁴omnes
276 715 365 815 simini
378 755 566 856 magistratus
581 756 765 815 sublatarum
776 755 903 837 legum,
905 779 1029 838 quarum
1044 754 1134 816 vobis
1149 774 1220 812 cura
1235 774 1307 813 com

33 858 39 879 t
95 889 100 892 .
152 842 242 902 missa
262 854 317 915 est,
335 841 405 901 satis
423 862 527 923 graves
544 861 658 921 poenas
677 841 746 900 dare
765 860 861 920 posse.

557 1020 912 1040 w
944 1001 952 1025 l

151 1151 320 1239 Fortassis·
334 1177 544 1251 invidiosum,
560 1164 787 1252 Athenienses,
812 1178 990 1258 quibusdam
1016 1197 1083 1237 esse
1109 1177 1263 1249 videatur,
1284 1179 1303 1236 si

152 1265 219 1346 quis
238 1265 331 1323 homo
350 1262 433 1322 rudis
453 1275 483 1321 et
500 1273 578 1322 unus
598 1284 613 1323 e
633 1276 732 1323 vestro
750 1283 878 1322 numero
897 1276 967 1343 post
985 1263 1062 1323 alios
1075 1264 1238 1332 suasores,
1261 1263 1302 1340 qui

136 1364 183 1426 ,et
207 1349 405 1416 diuturnitate
428 1361 529 1430 gestae
554 1348 627 1407 olim
643 1347 836 1428 reipublicae
855 1361 886 1408 et
911 1347 1107 1419 auctoritate,
1136 1347 1303 1424 quavalent

150 1435 230 1516 apud
247 1437 313 1506 ios,
331 1432 492 1504 excellunt,
508 1437 685 1515 progressus
705 1433 797 1506 dicat,
810 1432 977 1497 viderisibi
996 1454 1048 1494 eos
1062 1453 1128 1491 non
1144 1430 1236 1504 modo
1250 1451 1302 1490 non

149 1532 232 1579 recte
251 1519 373 1589 ‘diceret
404 1518 456 1575 scd
475 1537 531 1576 nec
546 1538 643 1598 prope
662 1518 766 1578 a'besse
784 1539 800 1575 a
817 1530 900 1576 recte
918 1519 1086 1577 sentiendo.
1104 1521 1105 1524 ’
1124 1519 1238 1573 Verum
1256 1536 1302 1597 ego

149 1623 247 1682 nsque
266 1601 342 1661 adeo
361 1600 512 1661 me'vobis
531 1602 663 1674 utiliora,
682 1606 771 1681 quam
785 1603 873 1674 istos,
892 1603 1042 1681 dicturum
1059 1600 1183 1681 opinor,
1200 1612 1301 1659 utnon

151 1687 306 1758 dubitem,
332 1707 383 1758 ea,
411 1698 488 1765 quae
507 1686 647 1756 diierunt
665 1686 783 1760 omnia,
810 1687 923 1750 nullius
949 1706 1014 1747 esse
1038 1686 1147 1767 pretii,
1173 1705 1299 1744 asserere.

120 1826 122 1833 .
149 1771 297 1833 Existimo
321 1783 440 1843 autem,
473 1791 526 1829 vos
546 1771 635 1839 etiam
653 1784 735 1832 recte
753 1773 904 1844 facturos„
934 1772 1042 1831 sinon
1060 1770 1230 1840 dicentem,
1258 1771 1301 1829 sed

149 1857 213 1937 ipsa
232 1855 358 1916 consilia
376 1854 525 1935 spectetis.
559 1856 655 1916 Decet
673 1856 772 1929 enim,
790 1856 1012 1928 Athenienses,
1029 1867 1171 1916 vestram
1182 1853 1302 1913 benevo-

37 1943 49 1989 ῗ
101 1963 124 2022 j
149 1941 274 2001 lentiam
299 1961 361 1998 non
389 1939 581 2018 quibusdam
594 1941 680 2001 velut
703 1941 939 2023 hereditariam,
958 1941 1049 2006 sed
1035 1940 1093 2013 ris,
1122 1938 1187 2017 qui
1202 1938 1302 2018 optima

58 2021 62 2024 ⁹
149 2046 274 2111 quoque
292 2038 430 2104 tempore
448 2024 570 2113 dicunt,
588 2038 742 2139 paratam
739 2031 845 2086 eme*

107 2398 116 2415 0
148 2331 277 2420 Vellem
301 2378 380 2431 vos,
402 2359 622 2432 Athenienses,
651 2360 896 2423 attente‘audire
922 2384 981 2435 ea,
1002 2366 1080 2444 quae
1108 2363 1215 2462 dicam:
1242 2370 1301 2420 'nec

72 2516 75 2519 ,
148 2445 228 2512 enim
247 2463 335 2525 parva
353 2464 400 2508 res
420 2444 527 2525 agitur.
555 2438 621 2527 Ego
640 2445 751 2516 miror,
760 2447 824 2523 qui
839 2449 962 2522 taudem
980 2449 1047 2521 fiat,
1058 2460 1118 2516 ut,
1133 2468 1302 2527 priusquam

145 2531 178 2590 iu
203 2527 383 2587 concionem
402 2528 618 2628 adscendatur,
645 2529 815 2609 cuicunque
833 2545 967 2617 vestrum
986 2533 1104 2631 aliquis·
1119 2531 1224 2591 obvius
1246 2531 1303 2616 fiat,

146 2615 171 2674 is
196 2615 236 2700 ita
260 2609 379 2712 promte
403 2612 500 2693 possit
523 2600 646 2695 diceres
667 2635 731 2694 quo
752 2621 839 2696 pacto
862 2638 911 2676 res
917 2612 1014 2676 fieri
1020 2617 1141 2697 possint
1158 2608 1302 2713 meliores,

145 2689 236 2779 atque
261 2697 390 2769 iterum,
415 2697 514 2756 statim
540 2697 593 2757 ubi
618 2697 825 2773 discessistis,
839 2701 968 2782 quisque
994 2701 1140 2799 disserat,
1165 2701 1236 2780 quid
1258 2700 1300 2782 agi

146 2781 324 2844 conveniat:
350 2773 419 2840 cum
441 2803 514 2841 vero
540 2782 570 2842 in
596 2783 725 2863 publicis
752 2785 962 2845 conventibus
975 2780 1068 2846 illis
1059 2785 1133 2866 npsis
1158 2784 1299 2844 derebus

54 2887 58 2901 ι
146 2867 378 2928 deliberandum
394 2879 453 2940 est,
472 2886 525 2926 vos
544 2868 603 2926 iilis
623 2889 709 2941 aures
729 2868 935 2948 praebeatis,
932 2893 984 2950 qun
976 2871 1122 2950 quidsis
1142 2872 1242 2951 potius
1259 2870 1313 2930 di'

144 2964 235 3052 cunt,
262 2971 350 3030 quam
370 2971 421 3024 ea,
448 2973 529 3031 quae
544 2953 580 3011 ad
598 2973 662 3011 rem
680 2936 802 3013 iaciunt
836 2957 938 3026 Itane,
962 2956 1188 3028 Athenienses,
1214 2977 1296 3016 unus-

144 3037 273 3119 quisque
291 3033 425 3115 vestrum
449 3048 479 3095 et
503 3036 576 3116 quid
595 3038 701 3097 deceat
712 3038 886 3120 intelligit,
906 3052 937 3099 et
960 3040 1093 3100 aliorum
1111 3041 1294 3100 rationesirc-

143 3142 266 3183 censere
280 3130 398 3221 potest:
415 3141 506 3180 nemo
524 3142 596 3181 vero
615 3121 721 3203 iisdem
739 3123 883 3183 faciendis
900 3120 1140 3206 gratificabitur?
1160 3139 1190 3186 et
1205 3149 1239 3206 pr
1253 3148 1295 3184 ιι-

64 3238 68 3242 ·
143 3207 215 3279 tim,
239 3208 275 3264 ιιι
292 3205 372 3291 ipse,
390 3226 474 3286 quae
493 3206 605 3286 optima
623 3212 709 3280 sunt,
731 3208 859 3303 quisque
879 3209 987 3290 cupide
1006 3210 1141 3270 facturus
1160 3211 1296 3292 videatur,

141 3291 218 3357 alios
236 3288 448 3379 reprehendit:
461 3290 593 3373 publice
613 3305 712 3351 autem
731 3298 765 3352 ea
785 3292 946 3353 decernere
965 3295 1101 3366 dubitat,
1125 3285 1236 3375 quibus
1252 3293 1295 3355 ad-

79 3386 83 3414 ·'
144 3374 311 3446 ducamini,
338 3387 374 3432 ut
392 3396 497 3434 omnes
517 3365 617 3435 debita
636 3389 666 3436 et
684 3377 850 3437 necessaria
867 3378 1050 3458 reipublicae
1070 3401 1198 3440 munera
1216 3380 1296 3441 obea-

142 3460 201 3519 tis?
219 3454 339 3533 Quodsi
357 3453 474 3519 nullum
493 3483 627 3543 unquam
644 3456 776 3541 tempus
775 3463 846 3543 fore
865 3463 991 3561 putatis,
1010 3465 1120 3544 quod
1110 3479 1202 3524 astam
1220 3465 1297 3525 dissi·-

142 3534 367 3604 mulationem
358 3556 578 3628 mterrumpat,
600 3567 663 3604 non
683 3545 789 3619 obsto,
815 3568 875 3627 quo
893 3547 993 3609 minus
1011 3550 1139 3609 eandem
1157 3550 1297 3610 rationem

58 3642 129 3704 414
145 3629 286 3689 teneatis:
316 3628 362 3687 sin
381 3629 444 3708 ipsa
462 3630 584 3711 negotia
604 3631 695 3710 magis
715 3631 956 3730 appropinquare
975 3635 1134 3706 cernitis,
1141 3636 1297 3715 providen-

78 3720 81 3725 “
143 3715 214 3774 dum
241 3725 303 3784 est,
329 3733 368 3775 ne
393 3713 531 3787 cominus
557 3727 624 3774 cum
643 3715 701 3774 iliis
721 3717 762 3774 sit
779 3715 1028 3791 conflictandum,
1054 3741 1132 3798 quae
1160 3721 1213 3779 diu
1237 3733 1297 3780 ante

112 3797 313 3880 praecaveri
336 3811 480 3878 possunt,
506 3810 537 3857 et
560 3798 598 3874 ii,
623 3800 676 3880 qui
699 3821 780 3860 nunc
804 3822 820 3860 a
843 3801 930 3861 vobis
956 3816 1214 3879 contemnuntur,
1237 3819 1299 3887 post
1324 3805 1326 3809 ’

68 3949 71 3968 ι
116 3885 226 3944 malis
244 3881 358 3944 vestris
369 3883 527 3964 gaudeant
580 3945 586 3955 ,,
715 3903 716 3906 ’

37 4000 42 4023 ι

60 4183 199 4276 De
217 4224 297 4286 statu
314 4212 512 4293 reipublicae,
539 4214 759 4314 Athenienses,
785 4240 963 4298 quamquam
983 4221 1007 4279 is
1026 4243 1090 4280 ιιοιι
1111 4235 1168 4294 est,
1187 4223 1298 4302 qualem

83 4311 88 4316 ·
143 4314 220 4356 esse
234 4297 404 4376 oportebat,
428 4319 492 4359 non
516 4299 641 4362 οιιιιιίιιο
659 4302 741 4395 mibi
764 4303 885 4367 videtur
909 4324 973 4364 esse
997 4305 1149 4366 difficile·
1144 4327 1300 4386 quaerere,
