2722 4754
60 275 64 286 Ι
129 162 240 286 ιιι
311 159 360 263 ,ιὛ
439 154 1041 325 ιιιίιοιιιιιιιιιιόιιιιιο

148 371 226 423 rum,
246 335 323 428 qnae
339 348 395 408 sub
411 347 503 407 unius
518 346 576 408 viri
593 308 777 449 potestatem
794 362 824 409 et
838 348 1055 432 cogitationem
1070 349 1223 447 caderent,
1243 344 1326 407 nihil

147 432 331 516 neglectum.
373 431 509 507 Quod
484 454 510 491 ιι
528 433 660 494 numinis
678 435 805 494 alic'ui'us
823 447 875 494 aut
893 432 1081 495 fortunae'
1052 456 1116 508 vas,
1135 432 1188 493 aut
1206 424 1323 501 ducum

56 562 59 567 -
148 518 303 592 socordia,
319 527 374 578 'aut
390 530 505 618 restra,
522 516 701 593 Aeschine,
709 542 762 599 ιιιιι
752 519 870 581 urbes
887 516 1033 599 proditis,
1051 517 1251 600 improbitas,
1269 512 1357 579 aut·

74 612 84 655 ἱ
147 605 222 663 haec
245 561 335 664 siniul
359 603 461 662 omnia
484 625 619 666 summae
639 626 742 664 rerum
767 605 914 691 tantisper
937 605 1219 678 incommodarum,
1247 604 1341 667 ἰιιιιιιῖ

90 688 94 693 ’
115 684 123 689 ’
149 710 214 748 eam
230 687 464 751 subvertissent.
483 689 560 769 quid
573 690 796 774 Demosthenes
807 682 964 769 deliquit?
982 688 1129 763 S1vero,
1142 686 1246 773 qualis
1259 706 1337 771 ego‘
1350 752 1359 763 ,,

80 808 84 815 ·
147 773 194 833 fui
211 774 291 855 apud
308 795 362 834 vos
385 795 457 871 pro
467 796 532 835 mea
555 787 656 874 parte,
682 783 761 850 unus
786 775 825 834 in
844 775 971 874 singulis
985 776 1176 844 Graecarum
1193 766 1329 833 urbium

147 859 193 920 vir
209 859 369 932 suisset,'
360 880 421 930 ιιιιο
440 854 530 932 v'ero,
549 860 574 919 si
592 882 687 919 unum
707 846 895 920 duntaxat'
867 883 965 919 virum
983 855 1154 933 Thessalia,
1174 872 1205 921 et
1221 880 1322 961 unum

20 952 51 969 ‘¹
88 960 89 964 ’
147 944 293 1005 Arcadia
300 951 419 1004 mecum
444 945 686 1005 consentientem
705 939 897 1006 habuissent.
923 966 1013 1005 nemo
1033 945 1240 1016 Graecorum,
1266 942 1322 1024 ‘qui
1356 1010 1359 1018 ¹

35 1086 52 1109 .-
147 1030 222 1097 vel
213 1044 292 1098 antra
310 1030 398 1129 Pplas
417 1041 489 1088 sunt
505 1029 554 1088 vel
573 1043 672 1104 extra,
698 1030 744 1090 bis
764 1030 849 1090 malis
868 1030 1111 1103 conflictaretur,
1137 1030 1192 1088 sed
1211 1049 1323 1088 omnes

48 1115 62 1189 f
104 1138 109 1154 ¹
147 1110 237 1176 liberi
256 1128 288 1174 et
304 1137 352 1174 sur
370 1114 444 1173 iuris
462 1133 529 1174 sane
545 1114 610 1174 ullo
629 1129 729 1189 metu,
762 1114 848 1189 tuto,
879 1116 1025 1188 feliciter,
1060 1137 1127 1174 suas
1145 1114 1321 1175 incolerent
1353 1168 1359 1175 .

102 1200 106 1205 ’
146 1200 273 1282 patrias,
299 1212 454 1266 tantorum
481 1213 520 1265 et
534 1199 643 1259 talium
664 1196 882 1261 beneficiorum
907 1200 994 1260 vohis
1020 1213 1051 1259 et
1076 1197 1201 1267 caeteris
1220 1191 1323 1258 Athe:
1351 1234 1359 1245 ·

54 1291 80 1359 ᾗ
145 1285 305 1345 aiensibus
331 1284 456 1367 gratiam
481 1285 646 1359 habentes,
673 1298 800 1377 propter
819 1308 874 1346 me.
917 1288 959 1344 Ut
978 1298 1078 1345 autern
1096 1283 1242 1357 videatis,
1268 1303 1322 1353 me

63 1396 65 1401 ·
140 1366 246 1431 ‘verbis
264 1371 421 1452 utilonge
438 1371 649 1444 tenuioribus,
677 1394 766 1452 quam
784 1393 840 1453 pro
859 1362 1069 1453 magnitudine
1087 1392 1210 1442 rerum,
1239 1366 1319 1428 invi
1343 1378 1347 1384 “

13 1455 19 1467 ’
136 1455 215 1516 ‘diae
232 1469 332 1516 metu:
356 1456 450 1516 recita
468 1456 544 1515 mibi
562 1456 635 1520 haec
654 1471 685 1518 et
702 1458 770 1539 lege
789 1480 950 1549 numerum
968 1456 1165 1529 auxiliorum,
1185 1466 1296 1553 quae
1282 1474 1319 1512 ex
1343 1460 1349 1465 '

147 1541 222 1602 meis
241 1541 369 1606 decretis
387 1540 477 1600 missa
495 1554 573 1602 sunt
645 1621 647 1625 ι

399 1695 402 1705 ’
468 1694 678 1737 NUMERUS
704 1693 994 1738 AUXILIORUM.

136 1796 160 1807 ”’
231 1794 314 1855 Haec
333 1805 366 1855 et'
381 1765 508 1856 similia
508 1809 580 1856 sunt
597 1798 712 1879 agenda
731 1764 867 1856 bono
834 1796 912 1869 civi,
921 1774 1088 1858 Aeschine.
1107 1776 1184 1876 ιιίιιῑι
1204 1795 1231 1855 si
1249 1817 1319 1855 suc-

82 1882 85 1889 '
129 1879 324 1952 cessissent,
350 1903 368 1941 0
387 1881 477 1942 tellus
498 1895 528 1942 et
546 1881 605 1956 dii,
631 1895 711 1941 extra
731 1883 966 1943 controversiam
991 1904 1142 1965 summum
1161 1880 1320 1986 diguitatis

52 1964 70 2003 ’-
130 1965 274 2048 'gradum
294 1965 542 2047 obtinuissem,
561 1990 691 2048 eumque
711 1990 778 2027 cum
796 1967 918 2027 iustitia.
946 1963 1023 2027 Cum
1040 1961 1112 2028 vero
1132 1963 1321 2029 se‘cusce'ci-

47 2058 49 2066 '
146 2049 245 2110 derit:
270 2053 402 2111 nominis
428 2066 508 2112 certe
532 2051 692 2113 celebritas
710 2067 794 2134 parta
813 2067 874 2127 est,
899 2066 929 2114 et
947 2054 1067 2133 culpare
1086 2073 1176 2112 nemo
1194 2056 1320 2132 rempu-

146 2134 256 2196 blicam
274 2150 377 2216 potest
394 2151 446 2197 aut
465 2139 529 2198 eius
554 2138 735 2214 institutum.
778 2139 913 2198 Fortuna
932 2139 1054 2218 quidem
1078 2138 1245 2201 accusanda
1264 2148 1321 2208 est,

149 2241 225 2303 quae
244 2221 335 2282 talem
354 2245 419 2283 esse
437 2245 540 2283 rerum
558 2237 699 2285 eventum
717 2223 821 2293 voluit.
850 2225 943 2297 Non,
969 2224 1011 2282 ita
1029 2245 1077 2283 me
1095 2223 1176 2283 amet
1193 2222 1339 2303 Iupiter,

46 2308 123 2377 „209
138 2307 316 2366 ‘deserenda
332 2309 517 2408 reipublicae
536 2322 582 2369 est
599 2310 723 2409 ptilitas,
744 2323 774 2369 et
792 2315 883 2391 opera
901 2306 1329 2380 locanda·adversariis',-bo-·

131 2392 300 2471 stiumque
319 2394 412 2476 magis
430 2417 520 2494 qnam
533 2395 645 2476 patriae
664 2396 844 2455 commodis.
850 2394 1065 2475 promovendis
1083 2392 1321 2476 invigilandum.
1325 2392 1338 2403 ⁸

86 2483 91 2552 ζ
128 2498 247 2561 neque
267 2477 327 2550 ei,
338 2479 391 2559 qui
409 2481 551 2541 actiones
564 2502 589 2540 e
599 2481 745 2563 dignitate
768 2481 956 2581 reipublicae
975 2480 1144 2541 suadendas
1163 2491 1194 2538 et
1213 2478 1320 2537 decer·

146 2563 261 2624 nendas
279 2565 463 2660 susceperit
488 2566 583 2646 inque
603 2566 645 2625 eis
663 2567 879 2667 perseverarit,
905 2566 1144 2631 obtrectandum.
1178 2558 1319 2636 Non,
1294 2585 1320 2622 ιι

104 2648 286 2731 privatim
299 2662 329 2708 te
345 2642 472 2713 laeserit.
484 2652 616 2752 aliquis,
613 2651 653 2710 id
666 2652 829 2712 memoriae
845 2652 1048 2712 mandandum
1062 2664 1093 2709 et
1105 2648 1320 2710 retinendum.

28 2761 54 2799 ‘.
146 2752 247 2813 neque
267 2735 363 2794 otium
382 2738 559 2835 agendum
547 2737 697 2802 ιιιίιιειιιιιι
711 2750 742 2796 et
752 2737 942 2810 insidiosum,
961 2737 992 2796 id
1011 2735 1094 2816 quod
1112 2748 1147 2795 tu
1164 2734 1238 2794 facis
1256 2734 1318 2793 fre«

145 2832 283 2899 quenter
299 2821 355 2880 Est
371 2821 460 2894 enim,
477 2835 523 2886 est
536 2823 643 2895 otium,
659 2823 748 2896 cives,
766 2822 880 2902 iustum
893 2822 1006 2882 etutile
1021 2810 1220 2920 reipublicae,
1231 2819 1316 2900 quod

70 2955 75 2965 .
146 2904 234 2979 multi
252 2918 386 2971 vestrum
404 2907 583 2988 simpliciter
600 2921 700 2990 agunt
735 2908 796 2972 Sed
815 2930 878 2968 non
892 2908 927 2966 ιιι
946 2907 1050 2967 otium'
1062 2907 1118 2966 iste
1137 2905 1213 2988 agit:
1236 2904 1317 2963 mul-

146 3002 214 3056 tum
230 2994 312 3050 certe
332 2990 422 3051 abest.
457 2992 519 3053 Sed
538 2992 683 3069 deserta,
700 3016 768 3054 cum
788 2994 816 3054 ei
833 2993 932 3072 visum
951 3006 1013 3066 est,
1038 2992 1195 3092 republica
1212 2986 1315 3078 (saepe

135 3087 247 3146 autem
266 3077 295 3134 ei
311 3075 409 3136 uisum
428 3075 487 3159 est)
506 3079 662 3150 observat,
686 3064 807 3158 quando
826 3101 880 3139 vos
903 3092 1076 3160 pertaesum
1095 3079 1135 3137 sit
1153 3077 1238 3149 eius,
1264 3074 1316 3153 qui

67 3171 80 3235 j
109 3172 294 3271 perpetuo
313 3174 449 3222 versatur
466 3164 508 3223 iu
524 3163 740 3237 concionibus,
766 3177 818 3224 aut
835 3187 852 3224 a
869 3165 991 3225 fortuna
1008 3164 1081 3244 quid
1101 3161 1219 3222 aduersi
1238 3159 1316 3221 obii-

108 3245 258 3320 datur,
284 3260 336 3308 aut
354 3248 454 3328 aliqua
471 3250 528 3310 alia
548 3250 708 3310 difficultas
727 3250 870 3310 inciderit
887 3251 936 3333 (ut
953 3250 1047 3309 multa
1065 3260 1137 3309 sunt
1155 3241 1315 3326 ιιιιιιιιιιι)ι

144 3343 214 3391 tum
228 3352 312 3405 vero,
329 3345 395 3392 tum
414 3334 536 3407 demum
555 3349 658 3396 orator
671 3336 773 3395 subito
787 3334 882 3396 veluti
894 3348 1003 3396 ventus
1011 3335 1183 3436 exoritur,
1185 3343 1216 3392 et
1231 3351 1315 3430 exer·
1339 3399 1344 3413 ι

146 3417 234 3477 citata
253 3439 328 3478 voce
348 3432 378 3479 et
396 3419 531 3481 collectis
555 3422 662 3482 verbis
681 3444 715 3481 ac
733 3422 893 3482 sententiis
917 3421 1077 3503 perspicue
1096 3432 1208 3491 etune
1226 3414 1316 3498 spiri

144 3517 179 3563 tu
195 3502 305 3563 recitat
324 3524 367 3579 ea,
385 3526 462 3587 quae
482 3529 550 3567 cum
568 3497 645 3567 nihil
665 3508 792 3567 omnino
810 3508 947 3608 prosint,
966 3529 1022 3566 nec
1040 3506 1142 3565 ullius
1151 3503 1227 3566 boni
1245 3521 1316 3583 pos-

28 3630 34 3637 -
70 3634 75 3647 .
143 3589 312 3649 sessionem
329 3591 473 3667 afferant,
500 3606 564 3652 tum
584 3594 782 3664 calamitatem
800 3593 894 3656 cuivis
913 3592 1024 3653 civium
1047 3590 1166 3671 pariant
1185 3601 1216 3648 et
1232 3606 1317 3647 com-

144 3696 237 3734 mune
255 3675 409 3776 probrum
430 3677 514 3739 At
504 3679 599 3738 estius‘
611 3671 821 3739 meditaiionis
838 3691 868 3738 et
885 3678 1082 3762 diligentiae,
1099 3672 1316 3745 Aeschine,
1293 3695 1318 3731 si
1342 3748 1349 3769 x

143 3759 209 3823 ab
198 3772 321 3843 integro
339 3762 441 3823 animo
468 3764 718 3846 proficisceretur
732 3777 762 3824 et
787 3765 1016 3824 commodorum
1035 3762 1149 3843 patriae
1168 3759 1319 3830 studioso,

115 3844 259 3919 auctus
280 3849 441 3928 oportebat
465 3870 649 3931 generosos
653 3864 685 3914 ct
704 3850 917 3951 praeclaros
898 3864 929 3910 et
955 3849 1097 3909 omnibus
1124 3866 1196 3909 esse
1177 3842 1319 3917 ⁴utiles
1330 3913 1334 3920 Ι

143 3927 304 3992 societates
313 3933 455 4006 urbium,
473 3935 607 3995 subsidia
620 3933 828 4018 pecuniarum,
845 3949 995 3995 mercatus
1009 3933 1256 4002 instructionem,
1275 3929 1319 3989 le·
1348 3981 1349 3986 ,

142 4039 214 4098 gum
231 4018 354 4079 utilium
363 4017 642 4123 'constitutionem
670 4022 890 4082 declaratorum
908 4020 1043 4081 hostium
1056 4015 1321 4100 oppugnationes.

142 4102 262 4173 Horum
289 4105 425 4164 omnium
447 4105 508 4166 suit
531 4108 689 4188 superiori
705 4120 803 4169 aetate
829 4107 981 4166 delectus:
1007 4105 1091 4166 dedit
1117 4102 1321 4200 praeteritum
1352 4123 1357 4131 “

128 4200 263 4290 tempus
280 4189 411 4250 bouo'
382 4212 447 4251 vrro
473 4191 582 4253 multas
607 4194 802 4255 declarandae
828 4192 1058 4254 ιιιιιειοιειιιίιε
1083 4210 1155 4249 suae
1174 4179 1322 4247 occasio

81 4327 84 4331 .
142 4295 211 4334 nes:
229 4275 405 4376 inguarum
423 4277 549 4339 nullate
562 4279 655 4338 fuisse
675 4270 802 4352 constit,
821 4299 884 4338 non
898 4300 1039 4360 primum,
1058 4270 1321 4346 nousecundunr,
1357 4325 1359 4332 .

122 4381 206 4423 non
224 4361 358 4440 tertium,
376 4384 439 4426 non
457 4377 609 4445 quartum,
627 4382 690 4426 non
710 4363 862 4452 quintum,
880 4379 944 4440 arou
958 4368 1086 4457 sentum,
1104 4382 1169 4421 non
1183 4359 1331 4469 denique:
