2722 4754
109 180 196 287 'sss
355 264 360 281 ,
416 162 1012 312 υΕτάοέτἨΕΝΙεοΜῑίᾳ

104 372 111 439 ’,
127 361 278 440 heic-,si
287 358 528 451 navigassemus,
547 356 764 449 duplicihono
780 372 902 429 auctum
921 366 958 426 iri
974 363 1117 446 putabam
1133 359 1305 442 rempubli-

87 527 103 536 ..
135 461 208 519 ism.
224 454 290 517 hut
308 454 398 527 euim,
416 454 442 514 si
459 455 631 517 adessemus
650 460 730 514 etex
750 451 1100 514 decretoiusiurandum
1118 449 1161 507 ab,
1175 467 1212 507 eo
1233 464 1307 505 exe-

135 540 302 624 gissemus,
319 552 453 612 tumea,
480 560 556 619 quae
573 539 758 620 reipublicae
776 551 898 599 nostrae
915 535 1145 618 praeripuisset,
1162 531 1306 592 redditu-

49 652 54 662 ’
135 648 221 698 rum,
245 630 313 685 tum'
329 624 446 707 reliqua
464 645 528 684 nen
546 624 738 684 inuasurum:¹
761 637 829 696 aut,
857 624 916 683 nisi
934 623 985 681 ille
1004 621 1079 680 haec
1096 621 1227 690 faceret,
1246 636 1307 675 nos

135 711 238 773 statim
255 709 315 769 huc
332 709 577 782 renuntiaturos,
595 723 630 769 ut
645 725 720 782 vos,
737 710 771 768 in
788 708 914 769 remotis
933 708 994 767 illis
1013 720 1043 766 et
1059 704 1231 771 minorihus
1252 721 1307 761 co-

115 788 220 881 gnita
237 794 370 856 hominis
395 794 517 855 avaritia
545 806 577 854 et
600 795 744 875 perfidia,
771 796 809 854 de
835 795 882 853 his
908 792 1044 853 finitimis
1070 804 1101 850 et
1126 787 1309 858 maioribus,

135 880 370 954 Phocensibus,
380 881 521 960 inquam,
539 891 570 938 et
586 880 669 963 Pylis
688 879 855 939 retinendis
875 877 1055 960 cogitaretis
1090 874 1214 950 Quodsi
1229 871 1309 932 haec

60 964 64 970 ’
122 984 200 1027 'non
226 979 419 1046 occupasset,
446 985 546 1043 neque
570 984 623 1024 vos
650 966 769 1045 decepti
798 964 919 1025 essetis:
944 963 1062 1021 intuto
1086 960 1173 1020 vohis
1201 969 1308 1035 essent

137 1050 248 1123 omnia,
268 1063 308 1124 et,
326 1071 402 1130 quae
421 1070 515 1129 sequa
534 1062 614 1129 sunt,
632 1050 683 1109 ille
701 1049 788 1109 vohis
806 1050 888 1108 ultro
908 1048 1079 1128 praestaret
1101 1046 1210 1124 Neque
1230 1043 1307 1102 haec

136 1136 174 1209 ab
192 1157 224 1194 re
243 1136 283 1194 ita
302 1135 367 1195 fore
386 1134 535 1215 putabam.
570 1132 602 1207 Si
622 1133 701 1194 enim
728 1146 830 1193 essent
846 1134 1035 1204 Phocenses,
1060 1130 1107 1190 nti
1124 1143 1189 1190 tum
1209 1140 1308 1200 erant,

77 1266 79 1271 >
120 1221 305 1282 'incolumes
325 1234 357 1283 et
373 1220 461 1304 Pylas
479 1214 642 1279 tenerenti
660 1219 711 1280 ille
736 1212 853 1279 nullum
879 1217 966 1278 robis
991 1218 1129 1276 incutere
1154 1227 1307 1274 terrorem

52 1305 115 1366 247
136 1305 392 1388 potuisset,'quo
417 1304 549 1386 perculsi
565 1304 612 1364 ius
640 1304 763 1386 aliquod
787 1318 930 1364 vestrum·
944 1299 1161 1384 neglexissetis.
1196 1299 1309 1379 Neque

50 1393 56 1402 “
138 1391 220 1451 enim
237 1391 322 1451 aditu
338 1400 418 1451 terra
436 1392 601 1472 patefacto,
625 1410 725 1471 neque
744 1391 841 1450 navali
864 1388 983 1471 proelio
1007 1386 1154 1467 victorin
1171 1383 1308 1444 Atticam
1329 1463 1332 1467 .

122 1486 284 1538 “venturus
301 1475 371 1536 tuit:
385 1478 448 1537 Vos
466 1490 567 1539 antem
585 1476 757 1549 illi-statim,
776 1476 803 1535 si
819 1475 866 1534 ius
885 1475 1037 1546 violasset,
1055 1482 1204 1531 mercatus
1224 1470 1308 1529 clau-

103 1566 123 1597 <
139 1563 213 1645 dere
228 1560 415 1640 potuissetis,
427 1574 465 1637 ,et
481 1563 519 1622 ad
536 1563 681 1642 pecuniae
700 1561 857 1642 penuriam
867 1574 906 1620 ·et
924 1572 1108 1619 caeterarum
1125 1577 1230 1616 rerum
1248 1555 1309 1614 ite-

138 1669 206 1706 rum
223 1647 308 1706 velut
332 1645 523 1706 obsidionem
549 1645 709 1707 redacturi.
744 1647 847 1720 Quare
873 1646 924 1704 ille
950 1643 1115 1704 serviturus
1140 1642 1205 1700 fuit-
1225 1638 1309 1720 pacis

85 1742 89 1746 ⁴
139 1729 422 1803 commoditatibus,
435 1751 499 1790 non
517 1752 584 1790 vos«
601 1733 653 1792 ,Et
669 1732 744 1791 haec
761 1751 824 1790 non
843 1752 925 1789 nune.
943 1751 959 1788 a
976 1735 1025 1789 me
1044 1729 1119 1811 fingi
1138 1747 1174 1786 ex
1192 1736 1309 1785 eventu

139 1828 170 1877 ct
181 1808 330 1897 simulari,
344 1816 398 1874 sed
415 1827 481 1875 tum
499 1816 600 1875 statim
611 1820 648 1876 ‘et
660 1816 794 1875 sensisse
810 1829 840 1875 et
857 1815 1039 1895 praevidisse
1058 1836 1112 1874 rne-
1125 1813 1157 1873 in
1175 1823 1309 1871 vestram

137 1896 301 1961 utilitatem
320 1914 351 1961 et
367 1899 433 1960 istis
451 1901 615 1985 indicasse:
633 1902 705 1961 inde
723 1901 923 1984 cognoscetis.
943 1896 1019 1959 Cum
1034 1901 1099 1960 iam'·
1107 1898 1213 1958 nullae
1233 1917 1310 1956 con-

138 1985 243 2046 ciones
267 1974 417 2046 restareht
434 1984 569 2068 (habitae
587 1987 669 2047 enim
692 2000 778 2047 erant
797 1983 918 2069 omnes)
941 1998 973 2044 et
989 1985 1040 2045 isti
1058 1985 1196 2044 nondum
1216 1981 1311 2042 abiis-

139 2084 218 2144 sent,
235 2072 290 2130 s'ed
302 2070 486 2151 hic-tempus
501 2076 649 2133 tererent:
668 2085 791 2133 senator
804 2073 958 2132 decretum
973 2071 1063 2143 facio,
1080 2069 1187 2150 populi
1201 2079 1310 2127 aucto·
1333 2140 1342 2149 ,

138 2156 227 2216 ritate
245 2156 364 2216 senatui
381 2156 540 2249 permissa,
552 2171 588 2239 ut
604 2159 703 2238 primo
722 2178 847 2238 quoque
864 2169 1002 2236 tempore
1021 2155 1113 2238 legati
1130 2153 1260 2227 abirent,
1279 2163 1331 2215 ets

100 2277 104 2284 .
138 2241 348 2329 ut'Proxenup
368 2243 428 2301 dux
447 2261 499 2302 eos
518 2242 619 2318 ingilla
637 2244 704 2304 loca
723 2245 906 2324 deportaret,
924 2241 957 2300 in
975 2239 1085 2322 quihus
1104 2238 1219 2300 versari
1236 2236 1312 2305 Phi-

139 2326 257 2406 lippum
274 2327 477 2419 cognovisset,
487 2324 534 2388 'iis
551 2328 667 2404 verbis,
687 2350 768 2409 qnae·
781 2351 864 2390 nunc
881 2326 994 2401 refero,
1010 2338 1114 2406 aperte
1132 2326 1164 2384 in
1178 2326 1311 2385 *decreto

135 2411 255 2491 positis.
300 2412 367 2494 Age
384 2434 457 2493 cape
475 2412 506 2472 id
522 2414 681 2474 decretum
701 2428 731 2474 et
748 2415 848 2474 recita.
1111 2427 1122 2445 ⁴

466 2629 507 2649 '¹
570 2616 875 2680 necner'un.

63 2810 71 2834 Ι
96 2824 103 2835 Ν
132 2830 135 2841 ,
154 2760 190 2807 ἢ
225 2750 306 2810 Hinc
324 2751 419 2832 igitur
437 2772 491 2813 eos
509 2742 599 2813 eduii
617 2756 693 2814 adeo
711 2755 841 2830 invitos,
865 2767 901 2816 ut
920 2775 956 2814 ex
973 2755 1029 2827 iis,
1048 2775 1125 2834 quae
1142 2748 1250 2835 postea
1267 2751 1315 2811 se-

142 2845 265 2907 cerunt,
291 2835 409 2914 liquido
429 2840 628 2920 cognoscetis.
653 2842 706 2899 .Ut'
723 2854 823 2902 autem
842 2840 958 2900 Oreum
981 2841 1175 2920 pervenimus
1194 2850 1312 2899 etcum
1339 2892 1342 2901 .

141 2920 284 2980 Proxeno
301 2922 458 3003 congressi
476 2943 596 2984 sumus:
621 2924 692 2997 isti,
713 2926 851 3009 neglecta
869 2925 1062 3005 navigatione
1082 2939 1113 2985 et
1132 2922 1313 2984 executione

52 3026 56 3031 ·
142 3005 369 3079 mendatorum,
395 3008 505 3088 passim
525 3009 718 3070 oberrabant·
749 3013 922 3090 Antequam
939 3010 1035 3093 igitur
1051 3010 1083 3069 in
1101 3009 1315 3084 Macedoniam

140 3089 330 3164 veniremus,
358 3093 422 3152 dies
440 3107 501 3154 tres
528 3108 558 3155 et
575 3095 685 3176 vi'giuti
703 3096 940 3156 consumsimus:
966 3096 1102 3175 reliquos
1117 3116 1192 3155 veru
1206 3104 1316 3153 omnes

139 3175 242 3235 Pellae
261 3177 431 3244 desedimus
450 3193 520 3240 ante
539 3180 670 3261 Philippi
687 3181 830 3254 reditum,
849 3181 896 3252 iis,
914 3202 991 3261 quos
1011 3181 1042 3240 in
1060 3179 1315 3252 ttinerefuimus,

141 3260 267 3351 additis,
293 3261 512 3346 quinquaginta
529 3270 621 3327 totos'
632 3319 644 3341 s
663 3269 780 3326 Interea
798 3266 977 3343 Doriscum,
1002 3265 1178 3339 Thraciam,
1196 3252 1314 3336 Muros,
1332 3319 1335 3323 ,

141 3345 268 3407 Sacrum
285 3361 439 3420 montem,
458 3351 559 3411 omnia
577 3350 711 3430 denique
728 3350 812 3432 pacis
827 3355 965 3432 tempore
985 3363 1016 3410 et
1033 3352 1193 3411 foederum
1212 3349 1313 3430 capie-

141 3429 201 3493 bat·
216 3444 248 3523 et
270 3433 454 3512 procurabat
473 3435 650 3518 Philippus,
684 3437 791 3496 crebro
818 3437 974 3497 dictitante
998 3458 1046 3497 me
1072 3435 1103 3496 ei
1129 3435 1315 3505 clamitante,

142 3515 273 3598 primum
291 3518 347 3590 ita,
365 3518 449 3578 utin
468 3526 630 3582 commune
648 3523 768 3582 consuli
785 3521 880 3581 solet:
898 3523 1027 3596 deinde,
1045 3534 1080 3582 ut
1098 3522 1152 3602 qui
1170 3522 1316 3580 docerem

141 3602 279 3684 ignarum
296 3616 463 3682 postremo,
479 3608 562 3668 utin
578 3629 641 3681 eos,
659 3609 760 3687 quise
777 3607 1239 3688 vendidissent,-impurissimos
1258 3605 1316 3664 ho-

64 3734 69 3745 ,
141 3687 242 3748 mines
258 3687 324 3748 sine
341 3690 403 3749 ulla
422 3691 663 3753 dissimulatione
681 3693 849 3752 inveheret·
876 3692 938 3768 Qui
957 3706 1057 3770 autem
1076 3693 1124 3752 his
1141 3704 1249 3772 aperte
1266 3686 1317 3749 re·-

105 3774 109 3781 '
141 3773 311 3855 fragarelur
328 3787 359 3835 et
377 3776 519 3837 omnihus
536 3791 597 3838 tam
616 3778 705 3837 dictis
719 3779 805 3851 meis,
824 3800 913 3857 quam
932 3774 1060 3838 decretis
1079 3778 1188 3839 vestris
1208 3772 1327 3836 adver-¹

74 3870 116 3943 ,Ἀ
142 3871 273 3919 seretur:
298 3859 355 3921 iste
371 3860 437 3919 fuit.
480 3861 531 3921 An
549 3883 623 3922 vero
646 3864 750 3923 eadem
777 3864 902 3923 caeteris
921 3865 1012 3925 etiam
1036 3865 1143 3946 legatis
1171 3861 1317 3922 omnibus

142 3944 321 4024 placuerint,
339 3944 568 4007 statimseietis.
585 3948 653 4030 Ego
671 3949 751 4008 enim
769 3949 906 4009 nondum
926 3951 1087 4030 quicquam
1103 3950 1140 4007 de
1154 3948 1221 4008 ullo
1236 3946 1319 4019 dico,

144 4049 243 4109 neque
261 4050 385 4115 queror,
401 4051 502 4111 neque
519 4032 619 4093 ullum'
635 4054 743 4094 eorum
760 4047 898 4111 coactum
916 4033 1008 4094 hodie
1027 4035 1123 4110 videri
1139 4033 1258 4113 honum
1272 4031 1327 4092 via·

142 4126 209 4176 rum
229 4122 361 4194 oportet,
377 4118 432 4177 sed
448 4116 530 4187 ultro
545 4131 577 4178 et
590 4118 630 4178 ob
645 4118 796 4179 vitandam
814 4118 963 4179 scelerum
982 4120 1166 4180 societatem.
1184 4119 1266 4178 Nam
1283 4119 1320 4177 ea

144 4199 340 4283 essetutrocia
357 4199 470 4285 flagitia
490 4216 521 4264 et
538 4204 748 4265 nonudmissa
764 4204 868 4286 gratis,
888 4225 992 4264 omnes
1011 4226 1065 4266 vos
1084 4203 1218 4264 vidistis:
1236 4222 1318 4284 quo-

53 4286 122 4344 ‘248
143 4304 211 4370 rum
218 4284 279 4367 ¹qui
291 4285 502 4363 sociiiuerint,
515 4310 563 4369 res
576 4287 806 4372 ipsaostendet
824 4291 876 4363 As,
895 4290 1030 4363 hercule,
1047 4310 1084 4350 eo
1098 4303 1238 4371 tempore
1249 4288 1319 4347 ius-

101 4392 105 4405 ’
144 4371 625 4456 iuiandumasociiseaeg'erunt,
635 4375 765 4446 antelis,
780 4395 856 4456 quae
868 4376 1052 4450 docuissent,
1063 4374 1214 4459 egerunt?
1233 4373 1317 4434 Mul-

1104 4490 1120 4525 ο
