2722 4754
293 196 305 261 ·.
374 140 957 287 anteususrnr'rrnnur·
1024 152 1028 164 ’
1177 192 1239 246 215

23 222 35 421 l
102 347 215 427 priestet,
233 348 325 416 penes
342 356 398 395 vos
417 357 481 396 esse
500 334 551 398 ius·
564 337 722 421 largiendi,
742 352 772 399 et
789 338 952 419 aliquando
971 339 1048 413 lieri,
1067 354 1100 399 ut
1118 338 1238 420 decepti

23 382 34 511 l,
103 428 171 490 etiarn
182 420 306 502 indiguo
318 419 408 480 alicui
420 420 665 505 bonorem‘bune
679 423 822 497 babeatis,
841 447 880 499 au
893 445 973 498 vero,
992 447 1115 505 prorsus
1130 425 1238 484 amissa
1268 423 1274 441 ‘

23 512 34 569 .'·
103 507 251 578 ardentate
267 517 381 579 uestra,
399 527 438 565 ne
457 527 526 566 eum
545 507 667 586 quidem
686 509 803 568 honore
820 508 908 568 vobis
926 511 1046 577 allicere
1064 511 1165 582 licere,
1183 510 1237 590 qui

23 602 27 642 t
105 600 187 681 diguus
203 590 352 649 videatur:
370 589 454 670 prins
472 591 548 651 illud
566 592 657 675 longe
676 592 826 674 praestare
844 595 1046 674 comperietis.
1069 594 1238 671 ¹Quamob-

106 679 167 745 rem?
195 675 273 750 Quia
291 675 363 735 dum
382 675 539 752 honoratis
557 677 678 757 plures,
697 701 785 758 quam
805 676 963 751 decuerat,
981 680 1068 740 multi
1087 683 1123 740 ad
1143 681 1236 741 bone-

103 760 242 830 faciendum
254 759 346 847 -vobis
364 759 545 821 invitantur:
564 762 676 821 sivero
695 765 836 824 adversus
855 762 1018 837 neminem,
1039 765 1155 826 etiamsi
1173 788 1236 826 me·
1270 756 1278 763 ’

101 844 377 920 reaten-liberalitate
395 847 535 920 utemini,
553 868 659 908 omnes
678 849 870 912 deterrebitis
884 870 900 908 a
912 849 1014 908 studio
1033 849 1111 910 bene
1125 853 1240 916 de'ro-.
1272 882 1279 894 ,

101 939 138 999 bia
150 929 280 994 merendi.
301 929 475 990 -Praeterea
494 930 546 1011 qui
565 933 800 1015 indignoalieui
819 924 968 1007 bonorem
987 933 1109 1007 habent,
1127 937 1236 996 sortas-

101 1024 175 1083 risnt
195 1014 341 1094 simplices
369 1016 651 1097 reprehenduntur:
671 1021 729 1099 ,qui
755 1033 857 1081 autem
885 1019 1105 1078 benemeritis
1133 1042 1237 1100 par-rem

100 1105 201 1192 gratiam
214 1120 275 1158 non
292 1099 440 1173 referunt,
458 1103 568 1184 ingrati
582 1103 674 1175 animi
686 1106 799 1165 crimen
818 1106 984 1165 incurrunt
1002 1094 1127 1178 Quanto
1143 1105 1238 1186 igitur

99 1188 236 1272 simplicem
255 1207 344 1264 quarn
362 1186 514 1268 ingratum
532 1188 628 1248 videri
646 1203 794 1269 praestat,
812 1204 898 1250 tanto
919 1182 1006 1250 etiam
1026 1188 1235 1270 praestabilius

100 1275 222 1350 est-banc
238 1269 336 1351 legem
355 1271 511 1354 abrogari,
531 1296 619 1352 quam
638 1275 772 1354 perferri.
808 1275 884 1334 Mihi
901 1272 994 1355 porro
1014 1274 1160 1361 cogitanti
1178 1295 1236 1334 nec
1266 1301 1269 1305 ·

102 1362 161 1424 illud
173 1357 283 1437 quidem
303 1370 540 1417 consentaneum
559 1359 694 1434 videtur,
718 1359 946 1432 Athenienses,
967 1373 1019 1430 ut,
1045 1361 1116 1419 dum
1135 1373 1235 1420 certos
1264 1393 1267 1397 ·

103 1444 223 1529 quosdam*
233 1438 410 1501 criminatur
428 1442 467 1502 ob
486 1457 606 1525 accepta
625 1466 770 1518 munera,
794 1445 881 1504 etiam
902 1466 955 1504 eos
973 1442 1144 1504 bonoribus
1163 1466 1234 1526 spo-

99 1535 150 1604 liet,
162 1527 206 1608 qui
220 1525 403 1605 reipublicae
423 1528 613 1608 prosuerunt.
639 1529 717 1588 Nam
736 1522 767 1589 si¹
780 1530 972 1593 manentibus
992 1529 1074 1591 hisce
1093 1529 1245 1610 praemiis¹

98 1612 203 1696 improbi
226 1623 255 1670 et
278 1611 399 1693 indigni
424 1613 545 1693 quidam
572 1613 679 1695 (idque
707 1616 771 1695 ipse
798 1614 901 1698 iactat)
927 1601 1234 1694 exstiteruntr'quid,
1262 1666 1264 1671 ,

97 1719 199 1784 quaeso,
213 1709 276 1755 tum
295 1699 529 1777 exspectandum
549 1700 621 1772 erit,
641 1702 762 1779 quando
782 1701 829 1775 bi,
855 1701 908 1779 qui
926 1701 1077 1781 praeclare
1095 1720 1162 1759 sese
1180 1721 1248 1782 ger--

58 1835 62 1841 .
96 1798 166 1857 runt,
178 1781 288 1841 nullum
307 1783 434 1841 omnino
452 1783 572 1843 virtutis
590 1806 662 1844 suae
680 1786 847 1865 praemium
865 1786 985 1846 ferent?
1018 1786 1178 1847 Praeterea
1196 1785 1234 1843 il-

97 1873 141 1934 lod
154 1868 225 1931 etiam
243 1865 330 1949 vobis
349 1868 604 1929 considerandum
621 1883 683 1943 est,
702 1892 738 1930 ex
756 1871 876 1952 legum,
903 1871 1013 1950 quibus
1033 1871 1122 1935 etiarn
1141 1869 1235 1929 hodie
1270 1906 1277 1917 κ

96 1956 193 2031 aanor,
209 1971 344 2032 quaeque
360 1953 541 2033 permultos
560 1976 655 2015 aranos
673 1955 846 2036 viguerunt,
864 1954 1017 2027 instituto,
1037 1978 1109 2034 quos
1123 1976 1161 2014 ne
1176 1956 1233 2014 iste

97 2040 192 2122 quidem
214 2037 377 2117 praeclaras
395 2059 462 2099 esse
481 2060 592 2121 negare
610 2039 706 2111 ausit,
733 2040 869 2122 singulos
887 2038 983 2099 altero
1009 2061 1132 2119 quoque
1151 2046 1242 2098 anno'
1263 2094 1267 2099 ,

96 2146 193 2186 munera
209 2121 310 2205 obire:
329 2145 421 2202 quare
438 2123 593 2183 dimidiam
607 2123 753 2205 temporis
768 2125 1048 2205 praetem-immunes
1062 2138 1140 2185 sunt.
1159 2125 1232 2197 Quo

97 2211 168 2294 igitur
187 2209 344 2268 commodo
372 2209 494 2268 dimidia
513 2222 651 2290 exparte
675 2211 820 2269 fruuntur
846 2211 936 2270 etiam
956 2210 1004 2282 bi,
1032 2209 1085 2289 qui
1104 2208 1181 2268 nibil
1199 2208 1232 2267 in

93 2316 136 2356 nos
150 2293 350 2366 contulerunt,
369 2293 400 2352 id
420 2294 497 2353 bene
515 2294 641 2367 meritis,
659 2317 728 2355 eum
743 2295 801 2375 ipsi
812 2309 898 2355 antea
917 2295 1102 2368 dederimus,
1120 2295 1230 2353 iterum
1277 2300 1280 2305 '

93 2378 245 2460 eripiemus.p
280 2379 512 2439 Minimerero:
530 2402 598 2440 nam
617 2402 686 2440 eum
704 2401 759 2462 per
776 2402 808 2440 se
826 2395 915 2461 turpe
933 2381 1041 2451 luerit,
1058 2392 1124 2439 tum
1141 2377 1232 2438 nobis

91 2465 247 2527 indecorum.
282 2464 359 2524 Nam
377 2465 540 2525 honesturn
560 2487 624 2526 esse
644 2469 698 2546 qui
717 2479 829 2547 potest,
846 2465 1060 2538 Athenienses,
1079 2465 1112 2525 in
1129 2484 1231 2523 rerum

90 2550 213 2610 renalium
233 2550 318 2623 loro,
342 2549 410 2623 ubi,
437 2551 464 2608 si
482 2574 540 2631 qua
558 2552 638 2613 fraus
656 2564 709 2611 aut
726 2552 892 2631 impostura
918 2549 1143 2621 intercesserit,
1166 2570 1231 2607 resa,

87 2635 183 2718 publica
200 2635 276 2695 nibil
295 2635 469 2695 detrimenti
488 2637 585 2717 capit,
610 2636 708 2719 legem
727 2637 907 2714 devitando
926 2634 1084 2695 mendacio
1104 2655 1168 2694 esse
1187 2633 1230 2691 la-·

89 2733 148 2782 um:
170 2720 288 2801 publice
306 2733 407 2781 autem
426 2720 577 2782 civitatem
605 2744 680 2793 eam,
699 2742 774 2800 quae
793 2721 916 2801 privatis
934 2721 998 2801 ipsa
1015 2721 1047 2779 id
1066 2717 1231 2810 imperarit,

84 2808 169 2867 eadem
184 2805 251 2888 lege
271 2827 334 2865 non
352 2805 417 2880 uti,
434 2807 487 2865 sed
507 2807 586 2867 bene
604 2809 642 2867 de.
661 2828 693 2866 se
712 2806 837 2865 meritos
856 2804 1119 2875 circumscribere,
1136 2803 1229 2880 idque

79 2914 135 2952 eun
151 2913 258 2973 magno
277 2893 387 2952 damno
405 2892 483 2952 suo?
518 2893 582 2951 Nec
602 2891 682 2952 enim
701 2891 876 2951 hocsolum
902 2889 1155 2951 considerandum
1174 2899 1231 2957 est,

76 3001 106 3038 an
122 2977 261 3037 iacturam
280 2978 427 3057 pecuniae
453 2977 565 3036 nullam
584 2977 714 3045 faciatis:
739 2978 793 3037 sed
811 2977 948 3036 habenda
964 2977 1058 3037 'etiam
1076 2971 1153 3033 ratio
1171 2966 1229 3031 bo‹

73 3086 121 3124 nae
137 3063 376 3137 existimationis,
396 3084 472 3142 quae
491 3062 578 3122 robis
597 3075 643 3122 est
660 3063 758 3123 multo
778 3084 867 3142 quam
887 3083 961 3143 opes
980 3059 1142 3140 antiquior.
1168 3057 1229 3116 Nc-

73 3171 123 3230 tpre
139 3149 170 3208 id
182 3149 269 3209 robis
289 3148 399 3221 solum,
417 3149 472 3208 sed
489 3149 653 3209 madoribus
673 3169 797 3228 quoque
815 3148 936 3209 vestris:
957 3147 1040 3227 quod
1058 3145 1130 3206 inde
1149 3142 1230 3201 haud

68 3234 151 3295 dubie
169 3233 362 3315 perspicitur,
381 3234 464 3313 qnod
483 3255 551 3295 cum
571 3234 644 3293 olim
662 3234 803 3294 maximas
817 3255 890 3314 opes
910 3241 1146 3302 coacervassent,
1165 3250 1230 3287 eas-

45 3321 128 3389 ,dem
145 3320 301 3379 universas
321 3318 447 3378 honoris
465 3318 571 3380 studio
594 3320 817 3392 insumserunt,
843 3318 980 3398 tantique
1005 3317 1145 3378 leeemut
1162 3313 1229 3397 glo-

67 3404 143 3479 riam,
160 3418 196 3465 ut
213 3405 333 3465 nullum
350 3426 483 3484 unquam
502 3404 730 3485 periculumob
749 3425 813 3464 eam
832 3403 1044 3475 detrectarint,
1066 3399 1229 3462 sedetiam
1254 3396 1286 3451 2!

23 3508 28 3515 ·
64 3490 197 3571 privatim
217 3492 255 3573 de
274 3512 331 3549 suo
352 3489 491 3549 conlerre
510 3512 574 3549 non
593 3488 772 3551 destiterint
797 3489 932 3571 lamista
950 3489 999 3548 lex
1017 3488 1126 3548 bonam
1144 3483 1230 3544 urbis

61 3575 315 3637 existimationem
334 3574 432 3650 tollit,
451 3588 482 3634 et
500 3575 532 3634 in
550 3575 631 3643 illius
650 3577 752 3637 locum
771 3576 878 3636 malam
896 3574 1028 3655 reponit,
1047 3591 1147 3652 neque
1167 3570 1229 3629 ‘rna'-

59 3661 174 3721 ioribus
194 3662 313 3734 vestris,
330 3654 533 3740 neque-vobis
549 3661 677 3743 dignam.
695 3661 806 3723 Tribus
821 3661 902 3720 enim
921 3658 1051 3741 probris,
1071 3678 1147 3738 quae
1162 3676 1229 3737 gra·
1253 3658 1256 3664 ’

60 3746 178 3829 pissima
197 3760 287 3820 sunt,
312 3768 365 3805 ros
391 3746 594 3806 contaminat:
617 3761 653 3808 nt
671 3747 783 3819 invidi,
809 3759 845 3806 ut
862 3745 1009 3826 promissa
1028 3756 1058 3805 et
1081 3752 1230 3802 conventa
1259 3762 1265 3773 ¹

58 3855 120 3893 non
137 3846 305 3904 servantes,
322 3844 357 3891 ut
375 3831 486 3914 ingrati
504 3844 571 3892 esse
589 3832 758 3894 videamini.
776 3831 911 3892 Omnino
930 3843 1041 3902 autem,
1059 3825 1229 3887 Athenien-

57 3940 120 3993 ses,
144 3941 161 3978 a
181 3918 319 3978 moribus
337 3917 445 3977 restris
469 3917 601 3977 alienum
621 3940 703 3992 esse,
730 3930 764 3978 ut
781 3918 871 4001 talem
890 3916 989 3998 legem
1007 3927 1101 3974 ratam
1118 3911 1230 3973 babeo-

26 4054 31 4061 .
57 4003 112 4078 tis,
131 4005 162 4065 id
183 4024 311 4084 quoque
326 4003 429 4084 paucis
450 4003 656 4063 demonstrare
674 4003 824 4076 conabor,
850 4002 875 4062 si
888 4025 988 4063 unum
1006 3999 1090 4081 prius
1108 4009 1230 4058 nostrae

57 4090 140 4149 urbis
160 4089 331 4170 exemplum
351 4087 489 4159 attulero.
507 4088 660 4148 Dicuntur
677 4088 800 4170 triginta
818 4089 938 4171 tyranni
954 4109 970 4147 a
985 4081 1228 4146 Lacedaemoniis

52 4189 165 4251 ,mutuo
185 4175 337 4256 accepisse
355 4175 514 4256 pecuniam
527 4187 638 4233 ¹contra
656 4194 720 4248 eos,
739 4174 791 4253 qui
810 4173 842 4232 in
860 4173 1022 4244 Piraeeum
1037 4179 1229 4231 secesserant

48 4261 275 4326 ‘Reconciliatis
294 4273 392 4320 autem
406 4260 488 4319 inter
502 4282 533 4320 se
548 4259 662 4319 civibus
682 4281 781 4340 eoque
800 4258 1063 4339 tumultuuopito,
1081 4253 1229 4314 lacedae-

30 4338 34 4345 ’
59 4347 154 4407 monii
172 4340 432 4434 pecuniam-illam
452 4346 639 4430 perlegatur
657 4344 853 4427 repetierunt.
885 4342 961 4405 Or'ta
978 4362 1071 4425 porro
1090 4361 1127 4401 ex
1143 4358 1179 4397 ea
1197 4355 1230 4394 re
