2722 4754
305 183 413 271 ιιι
448 211 602 301 rausa
637 168 932 275 ascaricus
1059 202 1098 244 -“
1164 182 1278 277 ιιι·-

126 262 142 293 Ι

60 373 119 419 tra:
142 363 212 423 satis
229 376 370 442 apparet,
395 360 527 445 prop'tcr
545 333 754 446 improborum
778 367 890 426 scelera
910 366 999 426 etiam
1026 318 1172 428 bonos
1144 388 1225 428 varos

64 448 184 507 eandem
208 447 406 530 ignominiam
430 449 568 509 subiisse
602 452 673 525 Quo
692 462 780 529 pacto
808 451 912 534 igitur
918 452 1006 511 sacile
1032 450 1261 536 cognoscetis·

67 553 176 607 omnes,
193 532 328 611 quisnam
347 533 503 632 improbus
518 534 573 594 ille
591 534 650 594 sit?
686 537 720 592 ιι
739 535 914 594 memoriam
933 537 991 616 ipsi
1008 550 1148 598 revocate
1167 558 1221 598 vo-

69 617 122 691 his,
137 617 283 716 quisnam
286 617 338 676 ille
356 617 405 692 sit,
424 619 477 697 qui
490 619 559 678 ah
550 619 638 679 mitio
657 632 721 679 acta
739 619 906 680 accusarit?
923 621 1127 702 Perspicuum
1140 622 1220 682 enim

73 716 124 777 est,
138 703 211 763 souti
227 701 301 760 satis
316 701 420 776 luisse,
438 704 574 763 futurum
592 717 702 776 tacere,
720 716 760 776 et,
780 705 865 764 eluso
885 725 922 763 eo
940 717 1089 784 tempore,
1107 708 1224 767 nullam
1245 732 1263 743 ¹·

76 803 193 850 actorum
209 785 347 846 reddere
354 787 512 850 rationem.
546 789 608 862 Qui
626 801 727 848 autem
745 789 858 848 nullius
878 789 983 868 culpae
1002 791 1066 849 sihi·¹
1079 790 1220 851 conscius

79 889 144 937 erat:
159 873 192 943 is,
206 871 230 928 si
247 871 407 944 tacuisset,
415 871 594 937 facinorum
613 887 644 933 et
662 873 809 933 scelerum
828 873 928 933 socius
947 874 1040 933 luisse
1058 874 1220 936 videretur.

80 964 136 1043 Ego
144 957 233 1039 igitur
249 955 273 1014 is
293 955 362 1013 ah
354 957 442 1017 mitio
460 958 523 1030 lui,
549 959 604 1057 qui
620 959 695 1017 istos
721 959 898 1018 accusarim.
925 959 1053 1018 istorum
1078 981 1219 1020 verume

82 1064 160 1107 uerno.
173 1041 216 1099 hc
232 1052 353 1098 senatus
371 1040 422 1100 illa
441 1042 586 1121 quidem
578 1066 636 1102 ram
655 1045 846 1103 decreverat:
860 1043 1008 1103 concione
1026 1056 1126 1102 autem
1145 1065 1219 1103 con-

84 1142 173 1199 vocata,
189 1137 216 1184 ct
232 1124 401 1204 Philippo'
392 1148 451 1185 ram
469 1128 547 1186 intra
561 1129 607 1212 P,
600 1128 668 1186 las
660 1149 830 1228 progresso
849 1127 994 1211 (primum
1013 1129 1093 1187 enim
1112 1129 1142 1187 id
1161 1129 1227 1188 suit‘
1256 1174 1260 1180 ,

86 1213 192 1309 omnium
208 1209 374 1282 scelerum,
393 1213 475 1290 quod
494 1212 707 1293 Philippum
686 1236 723 1272 us
742 1214 874 1297 negotiis
892 1214 1112 1294 praefecerant:
1134 1213 1218 1285 item,

86 1296 270 1379 cumprimum
286 1295 373 1354 vohis
392 1297 514 1378 negotia
540 1287 751 1379 cognoscenda
770 1311 887 1370 essent,
914 1299 1024 1357 deinde
1042 1298 1217 1358 consultan-

88 1389 152 1455 dum,
164 1390 236 1461 post,
256 1379 385 1458 quod
357 1403 454 1439 vasum
473 1395 568 1454 esset,
587 1383 755 1464 agendum,
774 1384 856 1462 quod
877 1383 1058 1456 effecerant,
1075 1396 1111 1443 ut
1128 1382 1217 1442 simul

86 1479 166 1549 asset
184 1462 341 1537 audiretis,
367 1478 397 1524 et
414 1466 465 1525 ille
491 1468 626 1540 adesset,
653 1479 749 1546 utque
768 1489 856 1550 nec,
869 1468 943 1547 quid
961 1468 1026 1526 fieri
1051 1479 1217 1548 oporteret,

87 1542 132 1614 dici
144 1548 214 1608 lacile
232 1546 351 1631 posset)
368 1550 444 1609 illud
463 1552 552 1611 etiam
571 1552 606 1610 ad
625 1551 741 1631 reliqua
760 1552 901 1625 accessit,
926 1564 962 1610 ut
979 1552 1009 1611 id
1029 1552 1151 1632 quidem
1169 1573 1216 1611 se-

86 1633 312 1699 natusconsultum
330 1635 446 1714 populo
464 1657 554 1697 nemo
573 1636 697 1718 legerit,
723 1638 829 1719 neque
842 1636 972 1714 audierit
988 1637 1134 1716 populus:
1162 1639 1215 1697 sed
1239 1639 1302 1695 224

82 1723 128 1782 iste
141 1718 290 1778 surrexerit
308 1731 339 1777 et
357 1736 391 1778 ea
416 1720 609 1800 praedicarit,
635 1744 711 1801 quae
729 1723 823 1781 modo
848 1721 935 1781 vohis
955 1719 1095 1801 exposui,
1120 1722 1216 1781 multa

51 1876 58 1885 ,
85 1821 109 1868 et
120 1803 232 1887 iugentia
251 1802 346 1862 hona:
366 1827 442 1883 quae
461 1827 493 1865 se
512 1807 686 1893 impetrasse
701 1807 872 1887 aPhilippo
890 1819 981 1886 atque
998 1806 1133 1866 afferre
1124 1819 1215 1866 iacta-

84 1893 134 1963 bat,
147 1897 259 1970 propter
276 1910 353 1967 quac
370 1892 557 1970 proscriptus
577 1905 656 1951 esset
673 1914 689 1950 a
707 1890 868 1950 Thebanis.
885 1891 1018 1950 Proinde
1035 1912 1100 1962 vos,
1116 1891 1215 1950 territi
1271 1941 1275 1946 .

83 1976 184 2058 primmu
207 1974 373 2053 praeseutia
390 1976 524 2056 Philippi
544 1989 574 2035 et
591 1977 656 2034 istis
680 1975 861 2047 irascentes,
887 1975 1021 2054 quinon
1046 1989 1115 2035 aute
1134 1976 1215 2035 indi-

83 2071 187 2130 cassem,
203 2058 354 2137 aliquanto
374 2059 510 2119 mitiores
529 2060 664 2133 hehatis,
691 2061 774 2140 quod
793 2061 894 2119 omnia
912 2081 966 2119 vos
985 2073 1215 2159 consecuturos,
1242 2067 1248 2091 l
1303 2051 1305 2060 Α

82 2166 140 2226 quac
154 2143 275 2215 velletis,
301 2145 478 2223 sperabatis:
505 2167 561 2204 nec
578 2167 685 2205 vocem
710 2145 814 2204 audire
837 2166 934 2205 meam
959 2157 1012 2203 aut
1036 2145 1231 2224 cuiusquamv

81 2229 176 2291 alterius
191 2228 341 2288 volebatis
374 2229 449 2289 Post
466 2230 540 2290 haec
557 2243 633 2289 recrt
611 2229 762 2289 tabantur
779 2231 887 2289 missae
905 2252 920 2289 a
939 2228 1082 2309 Philippo
1100 2229 1216 2303 literae,

80 2314 201 2396 quasiste
224 2314 397 2394 scripserat,
424 2329 629 2375 commoratus
654 2327 725 2396 post
742 2337 812 2374 nos:
840 2335 917 2394 quae
936 2313 1092 2395 =palamet
1110 2327 1214 2393 aperte
1309 2341 1311 2346 ·

79 2399 141 2460 nihil
155 2412 229 2458 erant
245 2399 343 2471 aliud,
370 2421 459 2478 quam
478 2401 616 2460 defensio
641 2401 807 2472 scelerum,
834 2421 911 2479 quae
929 2398 980 2458 isti
998 2411 1214 2479 perpetrarant

77 2486 141 2544 Nam
155 2496 181 2543 et
194 2483 249 2561 hoc
266 2484 359 2543 in'est:
379 2485 418 2545 Se
437 2485 629 2564 prohibuisse
648 2485 717 2544 illos
736 2485 768 2544 in
786 2484 877 2544 urbes
896 2484 993 2544 ituros
1013 2487 1043 2542 e't
1060 2484 1212 2542 iusiuran-

77 2572 138 2629 dum
151 2582 303 2640 exacturos,
322 2564 415 2641 et,'ut
432 2570 606 2629 adiumento
625 2569 683 2628 sibi
702 2582 803 2629 essent
820 2570 852 2628 iu
869 2566 1102 2635 reconciliandis
1115 2567 1212 2627 Alen-

75 2655 147 2714 sihus
161 2667 188 2714 et
200 2652 369 2726 Pharsaliis,
394 2676 446 2713 eos
466 2655 647 2714 detinuisse:
674 2655 805 2734 denique
825 2654 925 2713 omnia
942 2654 1071 2713 istorum
1089 2666 1212 2733 peccata

75 2739 107 2798 in
118 2759 146 2798 se
158 2739 283 2817 transfert
302 2751 332 2796 et
344 2738 402 2797 sibi
421 2741 571 2799 adscribit.
589 2739 793 2799 Phocensium
811 2757 883 2798 vero
903 2751 955 2797 aut
966 2738 1212 2819 Thespiensium,

73 2837 122 2882 aut
137 2844 240 2902 eorum,
257 2845 337 2903 quae
353 2823 410 2882 iste
429 2825 515 2883 vohis
533 2825 701 2896 nuntiarat,
727 2824 809 2883 nulla
826 2822 875 2883 vel
893 2823 1014 2882 minima
1032 2823 1068 2881 fit
1086 2820 1210 2881 mentio.

72 2907 165 2986 Neque
180 2907 230 2966 hoc
252 2909 331 2968 forte
350 2909 471 2968 fortuna
490 2911 530 2968 ita
548 2911 662 2977 sactum
680 2921 738 2968 est:
764 2910 834 2981 sed,
854 2927 983 2987 quarum*
1004 2914 1106 2966 rerum
1123 2905 1211 2965 vobis

73 3012 172 3072 poenae
187 2995 344 3053 sumendae
365 3007 450 3053 erant
468 2995 503 3053 ab
523 2995 605 3066 istis,
631 2994 683 3073 qui
702 2993 783 3051 nihil
797 2993 1001 3052 lecerunt‘aut
1017 2990 1209 3051 administra-

72 3090 131 3135 rant
145 3098 251 3150 eorum,
271 3100 353 3157 quae
373 3079 664 3138 senatusconsulto
654 3078 827 3151 iusseratis,
852 3099 953 3136 earum
971 3076 1025 3135 illc
1041 3060 1187 3154 culpam²
1178 3097 1211 3134 ιιι

71 3182 101 3220 se
117 3164 250 3235 transfert,
274 3186 368 3243 seque
386 3164 418 3222 in
438 3186 524 3224 causa
542 3165 635 3222 fuisse
653 3164 796 3221 affirmat:
822 3182 912 3245 quem
929 3168 984 3221 ros
1002 3161 1111 3241 punire
1129 3159 1210 3218 scili
1223 3182 1230 3202 ἰ

71 3257 116 3305 cet
129 3267 179 3306 nou
194 3249 327 3327 possetis
346 3250 433 3323 Quae
452 3263 552 3312 autem
571 3248 623 3307 ille
641 3248 749 3306 fraude
769 3238 907 3306 obtinere
927 3259 958 3306 et
975 3245 1154 3326 praeripere
1167 3245 1213 3304 ci

69 3331 143 3389 vitati
156 3332 256 3406 voluit,
285 3355 318 3392 ea
337 3334 394 3397 iste
417 3334 617 3394 renuntiavit:
642 3345 677 3391 ut
694 3352 794 3410 neque
812 3353 966 3430 accusare,
985 3351 1087 3411 neque
1103 3343 1212 3414 postea

71 3415 145 3494 queri
165 3416 317 3497 quicquam
343 3420 380 3478 de
399 3419 540 3500 Philippo
564 3418 711 3498 possetis,
738 3438 806 3485 cum
826 3439 934 3477 eaenee
952 3416 985 3476 in
1002 3416 1098 3479 literis
1117 3415 1214 3487 illiu's,

69 3518 122 3558 nec
133 3502 442 3583 orationihususquam
456 3505 694 3562 continerentur.
722 3500 789 3583 Age
804 3503 898 3562 recita
913 3503 992 3582 ipsas
1004 3501 1116 3573 literas,
1135 3521 1212 3578 quas·

66 3596 99 3643 ut
115 3585 160 3644 iste
174 3588 306 3667 scripsit,
333 3589 453 3648 sic-ille
478 3588 574 3647 misit:
601 3601 632 3647 et
650 3586 855 3661 considerate,
880 3609 922 3649 an
937 3607 975 3648 eo
993 3586 1044 3650 illa
1064 3586 1158 3647 modo
1176 3606 1208 3643 se

66 3669 184 3743 habeant,
201 3694 261 3754 quo
281 3694 340 3754 ego
359 3668 493 3755 erposui
510 3672 625 3734 Recita.
987 3700 990 3707 ’

498 3804 769 3871 cirenae(

130 3926 262 4000 Auditis,
287 3927 509 4002 Athenienses,
533 3930 652 4004 literas,
678 3950 767 4009 quam
785 3920 953 4009 praeclarae
973 3928 1034 3988 sint
1051 3940 1082 3987 et
1100 3928 1212 3986 ἰιιιιιιιΙ
1261 3949 1280 3997 '.

61 4010 127 4068 nae?
157 4013 200 4072 De
217 4013 371 4073 Thebanis
388 4028 489 4074 autem
516 4028 547 4074 et
563 4014 772 4075 Phocensihus
790 4027 843 4074 aut
859 4013 944 4084 aliis,
970 4015 1007 4073 de
1027 4012 1150 4095 quibus
1154 4011 1208 4070 ille·

60 4095 128 4174 apud
143 4116 190 4181 vos
207 4099 402 4170 renuntiavit,
419 4122 457 4159 ne
475 4096 627 4160 tantillum
645 4099 775 4179 quidem
806 4099 878 4159 ln⁶⁸
858 4122 895 4158 us
914 4098 1007 4180 igitur
1023 4096 1101 4155 nihil
1117 4117 1204 4178 pror

59 4200 103 4237 sua
113 4182 195 4260 aequi
210 4195 240 4242 et
253 4183 329 4242 boni
347 4184 534 4244 continetur:
552 4185 645 4264 idque
658 4198 712 4244 vos
727 4183 784 4264 ipsi
797 4183 897 4242 statim
915 4181 1109 4262 perspicietis.
1127 4182 1210 4241 Nam

59 4264 234 4340 ethle'nses,
261 4289 390 4347 quorum
415 4270 630 4330 reconciliandi
655 4270 752 4351 gratia
777 4289 808 4328 sc
827 4269 900 4326 istos
928 4265 1093 4329 detinuisse
1112 4265 1209 4336 dicis,

58 4369 113 4408 eam
130 4350 370 4431 conciliationem
388 4355 502 4434 experti
514 4369 601 4427 sunt,
618 4367 654 4414 ut
671 4367 805 4414 extorres
824 4352 886 4411 sint
901 4351 997 4423 iacti,
1010 4363 1041 4410 et
1057 4338 1140 4413 urbs
1150 4371 1203 4409 eo
