2722 4754
384 210 397 219 .
475 121 894 233 consuerant.
975 153 986 163 ’
1158 143 1312 272 ιιι),

58 323 139 396 liam,
159 334 190 381 et
208 308 378 402 ἀειροιιιιέι
394 319 565 401 Stephanus
583 342 640 401 pro
657 343 710 381 sua
728 298 796 386 filia.
824 323 928 403 Usque
946 321 1171 405 adeo-'etsteges
1191 335 1221 384 et
1251 347 1255 355 ·
1281 374 1285 379 ,

56 429 112 466 vos
132 408 300 467 contemsit
324 407 379 463 Ιιι
397 425 431 463 ea
449 405 560 465 mulier
583 406 669 466 vobis
687 428 792 466 arcana
810 405 860 466 illa
886 428 967 477 sacra
985 426 1040 487 pro
1067 407 1222 488 republica

58 491 244 564 immolavit,
263 504 294 580 et
310 489 401 590 vidit,
426 510 502 575 quae
522 512 585 550 eam
604 503 639 557 ιιι
656 490 844 572 peregrinam
862 492 964 551 videre
982 492 1080 551 nesus:
1104 506 1135 552 et
1152 512 1229 552 cunr

37 578 127 638 =talis
148 588 291 648 esset,oo
311 573 444 655 ingressa
463 587 526 647 est,
544 597 605 655 qno
625 596 714 635 nemo
733 574 809 635 alius
825 575 1098 650 Atheniensium,’
1088 599 1120 637 ιιι
1137 589 1221 638 tanta
1244 616 1260 657 Ι·

59 663 170 722 civium
189 658 537 740 multitudine,rngred1
555 661 660 732 audet,
674 672 798 741 praeter
813 681 893 741 regis
911 682 1051 721 uxorem
1075 674 1107 722 et
1122 684 1220 723 sacra
1251 685 1274 695 ’·

59 760 164 806 mento
180 745 282 827 adegit
295 744 441 803 Geraeras
457 745 598 804 mulieres
614 745 690 844 illas,
708 766 784 823 quae
803 745 898 805 sacris
912 745 1093 820 ministrant,
1113 761 1144 808 et
1155 749 1219 808 clo·
1300 751 1304 756 ’

42 846 125 893 'cata
144 843 190 890 est
206 829 324 889 baccho
343 849 436 899 uxor,
455 841 485 887 et
503 824 600 908 patrio
619 829 679 889 ritu
698 851 754 909 pro
772 829 926 910 republica
944 852 1007 888 rem
1026 791 1157 892 divinam
1174 835 1221 894 lc
1249 885 1255 890 .
1276 834 1282 849 ‘

59 919 112 990 cit,
130 918 160 976 in
181 938 239 995 qua
257 913 350 972 multa
368 915 446 972 fiunt
464 926 498 994 et
512 934 593 973 sacra
613 929 643 974 et
659 936 772 974 arcana
790 917 876 989 Quae
896 915 1027 985 reroyel
1044 917 1148 976 audire
1161 939 1221 981 ne
1240 942 1246 962 ι

58 1003 103 1062 fas
123 1014 182 1060 cst:
209 998 262 1079 qui
287 998 358 1057 citra
386 997 604 1077 impietatem
630 999 765 1079 qualibet
788 990 989 1075 administrari
1013 1013 1150 1079 queant,
1169 1001 1224 1063 tali
1250 1015 1257 1033 ‘

59 1087 188 1147 muliere
215 1083 408 1165 praesertim,
440 1081 611 1163 talibusque
634 1084 725 1143 rebus
749 1083 864 1166 gestis?
901 1084 981 1144 Volo
1007 1097 1108 1144 autern
1132 1086 1225 1186 altine
1260 1160 1263 1165 Ι

61 1193 186 1238 exorsus
204 1167 291 1227 vobis
310 1168 477 1226 accuratius
495 1168 607 1227 referre
626 1169 760 1253 singula,
791 1168 1025 1229 utrobisultio
1044 1169 1151 1230 maiori
1169 1193 1224 1230 cn·
1258 1168 1271 1244 ¹,
1311 1231 1314 1234 ,

59 1279 111 1315 rae
131 1255 180 1326 sit,
197 1267 292 1331 utquc
310 1251 420 1323 sciatis,
437 1273 491 1312 vos
510 1274 572 1311 non
592 1255 683 1312 modo
702 1275 771 1333 pro
765 1252 888 1312 vobis
879 1253 950 1332 tpsis
970 1267 1001 1313 et
1017 1253 1135 1336 legibus
1152 1276 1223 1314 sen·
1278 1248 1284 1261 ’

59 1341 187 1403 tentiam
206 1339 337 1409 laturos,
361 1337 415 1396 sed
434 1350 471 1397 et
495 1339 634 1397 deorum
646 1337 862 1396 immortalium
884 1336 1064 1421 religionem
1082 1339 1222 1399 violatam

60 1425 266 1485 vindicaturos
292 1434 322 1480 et
345 1442 457 1501 poenas
475 1433 627 1481 sumturus
646 1423 684 1482 de
699 1421 946 1481 consceleratis·
967 1414 1048 1481 Oliin
1066 1423 1224 1482 dominatu

33 1514 37 1519 ’
60 1508 234 1608 respublica
249 1528 303 1586 reg
285 1505 411 1564 sebatur
434 1518 464 1564 et
484 1527 611 1586 regnum
630 1525 734 1566 eorum
754 1518 817 1565 erat
822 1486 1006 1586 quibusque
1024 1508 1225 1588 temporibus,
1249 1502 1259 1517 ⁸

62 1594 117 1673 qui
135 1613 205 1672 prae
224 1590 349 1652 caeteris
368 1589 559 1659 eminebant
576 1604 736 1670 properea
754 1591 837 1668 quod
847 1590 1016 1672 indigenae
1035 1605 1150 1651 essent.
1176 1614 1227 1669 sag
1287 1606 1312 1649 ι’

60 1701 113 1738 cra
139 1690 240 1736 autem
264 1695 317 1732 rex
343 1673 447 1732 obibat
472 1673 588 1745 omnia,
617 1676 785 1754 eorumque
803 1674 1035 1774 'religiosissima
1062 1689 1092 1736 et
1118 1697 1223 1736 arcana

61 1783 142 1823 uxor
160 1761 224 1818 eius
244 1757 381 1817 curabat:
397 1759 499 1857 'idque
518 1758 643 1832 merito,
661 1782 728 1819 cum
746 1759 850 1858 regina
869 1771 955 1819 esset
988 1750 1169 1841 Postquam
1169 1782 1224 1820 au·
1298 1774 1309 1787 ⁸

63 1860 126 1906 tem
145 1841 324 1905 Theseus
299 1861 377 1901 cives
396 1842 427 1900 in
446 1864 540 1901 unum
558 1844 771 1926 congregavit,
797 1843 990 1922 liberamque
1008 1834 1232 1926 rempublicam
1306 1891 1310 1898 .

18 1957 24 1963 ·
64 1928 207 1999 instituit,
229 1940 259 1986 et
277 1926 349 1986 urbs
368 1926 560 1986 multitudine
578 1927 744 1987 incolarum
762 1929 965 2011 frequentari
965 1930 1076 2030 coepit,
1093 1930 1225 2011 populus

64 2011 264 2096 nibilominus
283 2032 385 2110 regem
404 2012 541 2084 creabat,
558 2012 678 2073 delectu
698 2035 713 2073 e
730 2013 803 2073 viris
821 2014 1085 2094 praestantissimis
1104 2015 1223 2074 habito:
1246 2009 1308 2078 377

63 2108 190 2157 uxorem
215 2110 316 2157 autern
341 2096 405 2154 eius
430 2096 497 2177 lege
522 2096 618 2156 sanxit
642 2119 707 2158 esse
726 2098 838 2170 civem,
865 2111 897 2167 et
913 2114 975 2158 nou
986 2099 1080 2164 alteri
1098 2099 1223 2159 commi·

65 2181 142 2241 stam
160 2181 242 2253 viro,
261 2181 314 2240 sed
332 2180 479 2261 virginem
498 2181 683 2251 ducendam,
699 2196 735 2240 ut
751 2181 849 2279 patrio
868 2182 928 2239 ritu
946 2189 1051 2241 arcana
1069 2191 1150 2242 sacra
1168 2203 1224 2263 pro
1240 2236 1244 2247 ,

63 2266 220 2346 republica
245 2265 474 2323 immolarentur
499 2277 529 2321 et
552 2263 629 2323 insta
654 2264 709 2322 diis
735 2265 784 2344 pie
809 2265 1018 2347 solverentur,
1047 2279 1143 2352 utque
1169 2288 1248 2326 nec‘

65 2353 273 2421 desereretur,
288 2369 347 2406 nec
365 2342 562 2407 innovaretur
579 2341 746 2428 quicquam.
776 2351 862 2409 lla'nc
879 2349 978 2433 legem
995 2346 1073 2431 pilae
1091 2351 1226 2432 lapideae

40 2495 43 2507 ,
66 2435 239 2513 ιιιιόιιριιιιι
258 2445 419 2491 erexerunt
436 2432 467 2490 in
481 2432 591 2491 Bacchi
609 2435 750 2514 templo'
741 2447 821 2494 auxta
839 2456 919 2507 aram
937 2435 969 2494 in
986 2433 1158 2515 paludibus,
1176 2457 1226 2496 ea·
1237 2492 1241 2498 ὁ
1295 2470 1299 2477 ·

68 2539 128 2598 que
146 2517 205 2598 pila
224 2516 312 2576 etiam
332 2538 412 2575 nunc
431 2528 526 2576 exstat
544 2516 679 2576 obscuris
699 2518 793 2577 literis
812 2517 949 2583 Atticis
939 2520 1089 2600 inscripta.
1132 2521 1226 2594 Quod

67 2603 197 2697 populus
223 2600 430 2659 testimonium
456 2621 520 2659 esse
545 2601 657 2660 uoluit
667 2624 738 2662 suae
757 2624 828 2685 erga
846 2604 944 2663 deum
961 2603 1046 2665 illum
1068 2604 1227 2686 religionis
1288 2656 1291 2660 .

20 2720 24 2727 ,
68 2701 99 2748 ct
116 2679 256 2765 {anquam
276 2685 448 2764 depositum
465 2686 638 2764 relinquere
656 2687 841 2766 posteritati·
875 2670 1007 2749 Uxorem
1024 2690 1080 2750 tibi
1099 2690 1246 2769 dandam·

60 2785 100 2847 ¹et
123 2793 204 2830 sacra
227 2768 378 2829 obituram
400 2769 489 2828 talem
513 2784 578 2828 csse
597 2772 743 2831 volumus.
761 2772 969 2851 Propterea
960 2796 992 2833 ιιι
1001 2773 1227 2873 antiquissimo
1275 2844 1280 2851 .

67 2856 185 2936 templo
198 2854 335 2913 Bacchi
327 2877 358 2912 ιιι
376 2853 537 2945 paludibus
555 2855 751 2928 collocarunt,
767 2869 803 2915 ut
820 2878 858 2916 ne
877 2856 976 2929 multi,
993 2879 1069 2936 quae
1085 2849 1251 2936 inscripta
1320 2918 1322 2927 ,

56 2951 154 3013 sunt,
180 2951 417 3020 cognoscerent.
448 2936 610 3016 quotannis
636 2941 716 2998 enim
743 2940 837 3000 semel
861 2941 1011 3021 aperitur,
1034 2942 1132 3022 pridie
1158 2943 1228 3001 Idus

17 3092 19 3099 Ι
68 3025 264 3084 Novembres.
292 3025 337 3082 De
357 3035 416 3081 tam
435 3023 544 3082 sanctis
538 3023 657 3115 igitur
675 3036 705 3083 et
721 3025 899 3084 venerandis
919 3025 1020 3099 sacris,
1038 3048 1115 3106 quae
1133 3026 1228 3087 maio·
1253 3022 1255 3028 ¹

69 3130 117 3168 res
135 3109 226 3168 vestri
244 3120 303 3166 tam
322 3096 474 3187 praeclare¹
490 3092 709 3186 splendideque
729 3123 886 3182 curarunt,
900 3118 1016 3254 operae
1034 3111 1164 3192 pretium
1183 3123 1230 3171 est

50 3207 101 3254 ‘et
125 3215 177 3252 vos
202 3192 353 3273 suscipere
372 3213 488 3263 curam,
513 3191 730 3251 Athenienses:
758 3206 788 3252 et
811 3193 850 3264 ii,
877 3195 930 3273 qui
946 3201 990 3293 pe
992 3191 1125 3255 lulrnter
1146 3215 1229 3255 sacra

68 3290 168 3337 vestra
186 3288 429 3347 contemserunt,
465 3276 517 3354 qui
542 3276 668 3335 deorum
687 3277 900 3337 immortalrum
918 3279 1097 3360 religionem
1116 3279 1228 3338 nelarie
1318 3341 1323 3352 ,

67 3363 237 3432 violarunt,
262 3361 376 3420 duabus
402 3360 438 3418 de
463 3360 558 3423 causis
583 3360 730 3439 puniendi
754 3375 840 3433 sunt,
863 3376 899 3421 ut
922 3375 952 3420 et
976 3364 1006 3422 hi
1025 3385 1137 3443 poenas
1156 3365 1230 3422 dent
1283 3372 1295 3381 ”
1320 3392 1323 3399 ·

24 3515 29 3521 ,
67 3446 227 3518 scelerum,
248 3452 279 3504 et
297 3440 407 3505 caete'ri
425 3458 549 3503 caveant
567 3457 597 3503 et
615 3445 789 3518 formident,
810 3465 848 3505 ne
867 3446 967 3526 quid
958 3469 990 3506 ιιι
1009 3449 1090 3509 deos
1103 3461 1133 3508 et
1150 3469 1229 3506 rem-

67 3531 220 3630 publicam
242 3529 426 3609 delinquant
461 3528 585 3587 Vocabo
609 3542 709 3589 autern
728 3530 818 3590 vobis
843 3543 874 3591 et
896 3552 1013 3591 sacrum
1033 3553 1230 3614 praeconem,

69 3616 123 3697 qui
140 3615 220 3696 regis
239 3614 326 3684 uxori
346 3612 537 3697 ministrat,
546 3634 614 3671 cum
640 3614 747 3701 lustrat
770 3614 920 3675 ministras
944 3618 979 3676 ad
998 3617 1125 3677 canistra
1144 3616 1228 3677 etad

17 3765 33 3775 ἱ
69 3723 161 3772 aram,
179 3699 354 3779 priusquam
373 3718 455 3758 sacra
473 3677 638 3778 attiirgant:
658 3711 692 3758 ιιι
710 3713 740 3760 et
758 3699 966 3763 iusiurandum
986 3714 1016 3762 et
1034 3722 1079 3773 ea,
1097 3722 1174 3781 quae
1193 3701 1232 3761 de

68 3806 154 3846 more
181 3783 338 3856 dicuntur,
364 3781 506 3863 audiatis,
534 3794 681 3860 quatenus
705 3784 801 3843 audiri
823 3783 866 3843 fas
891 3797 950 3858 est,
977 3800 1009 3846 et
1030 3785 1231 3868 cognoscatis,
1290 3852 1298 3865 ἱ

69 3893 159 3949 qnam
178 3882 304 3950 augusta
323 3881 353 3929 ct
370 3884 456 3955 sacra
471 3878 501 3924 et
518 3878 636 3926 vetusta
654 3868 714 3929 sint
732 3868 810 3929 illa
801 3868 976 3929 instituta

324 4010 624 4063 ιιιςιιιιιιιιιιιιιι
665 3982 978 4077 ιιιιιιιιιιιιιιιιι.
1040 4036 1045 4043 -

155 4123 208 4183 Pia
222 4136 260 4185 et
273 4146 347 4205 pura
367 4135 398 4183 et
415 4121 526 4182 munda
543 4143 609 4180 sum
630 4143 645 4180 a
664 4120 788 4180 caeteris
808 4120 980 4181 immundis
996 4133 1028 4187 et
1048 4143 1065 4185 a
1080 4122 1154 4185 viri
1159 4136 1234 4188 eort-

68 4232 187 4293 gressu,
207 4221 237 4268 et
253 4209 386 4270 divinum
401 4206 538 4269 natalem
547 4216 585 4267 et
592 4194 757 4266 lobaccbea
773 4204 895 4267 celebro
907 4205 1039 4282 Baccho,
1057 4207 1155 4288 patrio
1170 4208 1240 4289 ritu,

68 4308 101 4356 et
112 4292 263 4377 legitimis
281 4292 477 4375 temporibus.
714 4332 717 4337 -
829 4350 846 4377 Ι.
873 4314 888 4339 ¹·
1110 4370 1113 4375 y
1193 4324 1224 4365 r„

980 4377 1083 4452 41,
