2722 4754
65 278 69 289 x
152 166 214 301 ιιι
433 195 1042 262 narrosrnnmsonarro

39 346 41 355 ’
69 423 72 429 .
131 356 242 416 Vos
233 355 343 438 igitur,
360 306 599 426 Athenienses,
604 375 672 418 cum
690 355 923 420 Lacedaemonii
941 370 1021 417 terra
1040 357 1176 438 marique
1196 356 1338 436 impera-

58 473 61 476 ·
149 454 231 502 rent
244 455 274 502 et
296 439 434 527 undiqqe
453 437 585 499 finitima
603 439 724 500 Atticae
744 441 810 501 loca
828 442 991 526 praelectis
1013 455 1044 507 et
1061 442 1240 524 praesidiis,
1265 441 1331 502 Eu-

113 527 275 600 boenm,
293 528 477 606 Tanagram,
500 525 661 586 Boeotiam
678 526 868 602 universam,
892 520 1029 619 Megara,
1043 529 1215 629 Aeginam,
1235 524 1330 588 Cleo-

65 614 126 673 165
140 629 230 685 nas,
245 611 379 690 reliquas
402 609 517 673 insulas
542 611 732 677 obtinerent:
757 613 833 672 urbe
858 626 924 673 tum
948 615 1069 676 moenia
1094 632 1158 675 ιιοιι
1172 613 1334 690 habente,

114 748 117 760 ι
144 691 265 787 'egressi
284 695 356 756 estis
375 696 412 756 nd
430 697 598 771 Aliartum,
634 710 725 778 atque
748 699 878 772 iterum,
914 721 977 759 non
996 700 1099 761 multis
1119 700 1227 762 dichti's
1247 712 1330 780 post,

41 800 47 825 Γ
126 806 130 812 ’
147 780 185 843 ad
205 779 405 856 Corinthum,
430 805 524 863 quum
542 783 624 857 illius
642 785 789 864 temporis
807 784 1013 846 Athenienses
1032 787 1141 846 multas
1161 806 1266 845 causas
1287 808 1328 846 sr-
1304 782 1346 815 ’-

36 885 46 945 f
73 930 77 939 ,
132 868 310 932 ,multatum
335 867 483 931 haberent
508 889 577 951 erga
605 882 636 929 et
661 862 853 930 Corinthios
868 884 899 932 et
923 870 1102 946 Thebanos,
1129 884 1267 971 propter
1284 892 1329 945 ea,

69 961 95 1009 ἶ,
148 974 237 1036 quae
237 951 327 1015 hello
344 947 490 1015 Decelico
509 953 701 1016 admiserant
744 955 805 1016 Sed
829 974 885 1018 nec
903 957 1082 1028 iniuriarum
1101 957 1328 1029 meminerunt:

149 1054 180 1102 et
198 1041 326 1102 multum
346 1032 461 1115 abfuit,
485 1052 525 1101 ut
539 1040 570 1100 id
588 1039 729 1101 facerent.
773 1041 888 1120 Atqui,
913 1042 1084 1116 Aeschine,
1110 1056 1176 1103 tum
1194 1056 1353 1130 utraque*

51 1198 56 1207 ἢ
129 1127 240 1188 ,haec
251 1147 353 1217 neque
378 1132 434 1208 pro
454 1126 533 1185 bene
560 1127 676 1188 meritis
696 1126 937 1207 suscipiebant,
946 1149 1047 1208 neque
1065 1150 1167 1189 carere
1179 1117 1327 1209 persculo

63 1241 66 1256 ·
137 1213 308 1276 ¹videbant.
327 1208 389 1274 sed
407 1225 569 1295 propterea
586 1234 650 1273 non
670 1213 850 1274 deserebant
868 1210 1028 1294 supplices.
1059 1214 1133 1294 quin
1151 1236 1208 1296 pro
1223 1213 1327 1296 gloria

149 1312 180 1360 et
197 1291 324 1361 Βοιιὲιιι
347 1298 531 1380 semetipsos
548 1298 690 1379 periculis
710 1299 882 1359 offerebant
898 1312 983 1361 recto
1011 1312 1041 1360 et
1065 1299 1197 1360 honesto
1223 1298 1326 1399 eonsi-

97 1406 105 1464 ,ζ
146 1385 207 1445 lio:
237 1407 306 1445 cum
331 1384 468 1445 omnium
493 1384 653 1444 bominum
678 1385 737 1446 vita
763 1397 861 1448 morte
882 1386 1045 1459 finiatur,
1039 1385 1171 1445 etiamsi
1199 1383 1269 1466 quis
1295 1383 1326 1444 in

149 1483 234 1531 corte
260 1468 437 1533 conclusum
453 1470 543 1530 >tueri
566 1491 633 1530 sese
658 1472 785 1533 studeat.
829 1471 976 1538 Fortibus
994 1484 1096 1530 autem
1113 1471 1186 1530 viris
1205 1489 1327 1550 semper

147 1577 196 1620 res
216 1556 363 1617 honestae
381 1553 622 1638 praeclaraeque
633 1578 757 1631 omnes,
780 1578 833 1638 spe
852 1557 932 1617 bona
950 1556 1094 1630 munitis,
1112 1555 1325 1656 suscipiendae

20 1679 46 1725 ',
80 1682 85 1694 ι
149 1656 236 1702 sunt:
267 1655 297 1703 et
316 1632 462 1722 quicquid
479 1642 538 1702 Dei
555 1643 713 1702 voluntate
716 1643 914 1726 eontigerit,
943 1642 1077 1712 infractis
1097 1641 1205 1702 animis
1224 1641 1325 1721 perfe-

148 1728 286 1787 rendum.
329 1729 412 1786 Haec
431 1726 561 1787 maiores
580 1728 679 1787 nostri
696 1728 890 1828 factitabant,
923 1729 998 1787 haec
1015 1740 1089 1797 aratu
1108 1725 1289 1810 grandiores
1309 1747 1325 1785 e

44 1831 48 1839 “
132 1812 253 1886 tobis,
285 1835 337 1892 qur
329 1812 613 1872 Lacedaemonios
632 1814 850 1887 conservastis,
881 1835 946 1874 non
964 1813 1097 1887 amicos,
1124 1830 1227 1891 neque
1245 1811 1327 1872 bene

53 1895 59 1901 ’
149 1899 292 1978 meritos:
311 1899 363 1958 sed
382 1911 452 1978 post
469 1899 578 1958 multas
603 1911 634 1959 et
652 1922 773 1982 magnas
792 1899 918 1959 iniurias
935 1898 1121 1980 reipublicae
1138 1912 1264 1958 nostrae
1282 1897 1346 1957 fa:

37 1983 56 2065 Ἰ
150 1999 228 2058 ctas,
253 2000 324 2044 enm
347 1984 487 2043 Thebani
510 1998 581 2084 post
602 1986 790 2045 Leuctricam
813 1984 982 2046 victoriam
995 2004 1048 2045 eos
1074 1984 1208 2044 deletum
1233 1980 1331 2061 irent,

149 2069 321 2144 obstitistis,
339 2091 404 2131 non
421 2070 589 2171 perterriti
593 2069 705 2131 robore
724 2071 778 2131 illo
789 2071 1005 2130 Thebanorum
1021 2083 1059 2129 et
1065 2069 1173 2152 gloria,
1192 2091 1253 2149 qua
1266 2067 1328 2130 sso-

147 2157 272 2230 rebant,
291 2176 391 2237 neque
409 2155 528 2216 ratione
547 2154 632 2230 inita,
651 2157 773 2236 quidm
790 2178 848 2219 vos
862 2156 908 2215 illi
923 2155 1161 2231 commisissent,
1179 2177 1238 2235 pro
1253 2153 1344 2254 quis

149 2242 206 2303 bus
224 2241 411 2341 pugnabatis
429 2241 519 2302 Illis
498 2256 613 2322 1taque
627 2243 714 2315 factis
730 2243 855 2303 Graecis
874 2241 1016 2301 omnibus
1035 2238 1219 2321 declarastis,
1238 2240 1325 2339 quic-

91 2387 93 2392 .
129 2327 259 2409 'quid
250 2349 282 2386 ιιι
306 2336 360 2387 vos
386 2327 440 2386 ab
441 2329 511 2401 ullo
530 2342 686 2408 peccatum
704 2328 817 2401 fuerit,
840 2327 1034 2389 contraeunt
1056 2349 1111 2388 vos
1138 2325 1277 2386 caeteris
1291 2325 1325 2384 in

150 2413 243 2480 rebus
259 2413 392 2473 retinere
412 2413 620 2473 iracundiam:
633 2414 680 2472 sin
699 2414 870 2493 aliquorum
889 2412 968 2473 salus
987 2426 1040 2482 aut
1057 2413 1180 2471 libertas
1199 2407 1322 2492 pericli

148 2499 207 2560 tari
211 2498 377 2593 coeperit,
395 2520 448 2557 vos
468 2498 652 2559 offensarum
672 2499 828 2570 oblivisci,
846 2519 903 2558 nec
920 2498 1013 2557 ullam
1030 2498 1181 2558 rationem
1200 2495 1321 2556 habitu-

37 2650 39 2657 ,
87 2634 90 2639 .
128 2596 208 2645 ‘ros
251 2583 394 2664 Neque
386 2606 418 2643 1n
443 2583 499 2645 hos
524 2597 651 2644 tantum
667 2585 709 2644 ita
733 2585 834 2645 fuistis
859 2580 998 2646 animati:
1024 2584 1078 2644 sed
1101 2605 1226 2655 rursus,
1244 2569 1353 2640 ιιιιιιΤ

31 2664 34 2672 ’
64 2728 67 2733 ,
112 2717 113 2722 ,
148 2669 288 2729 Thebani
306 2669 462 2729 Euboeam
481 2670 540 2729 sihi
557 2669 792 2744 vindicarent,
784 2692 849 2730 non
866 2669 1066 2752 neglexistis,
1063 2689 1177 2749 neque
1195 2665 1343 2745 Themi·

85 2776 90 2781 ·
112 2795 117 2805 ,.
150 2755 232 2817 sonis
253 2767 284 2814 et
295 2754 484 2817 Theodori
475 2754 654 2814 miuriarum
673 2757 710 2815 de
730 2740 840 2837 Oropo
856 2756 928 2817 estis
945 2754 1116 2830 reeqrdati·
1151 2754 1207 2814 sed
1225 2765 1257 2813 et
1273 2750 1321 2826 his

120 2897 131 2910 .,
150 2863 239 2922 opem
230 2840 393 2901 ιιιΙὶιιίε·Ι
405 2862 473 2904 eum
493 2861 530 2900 eo
549 2841 680 2939 primum
698 2853 836 2922 tempore
855 2862 887 2901 se
901 2840 1097 2922 reipublicae
1100 2840 1184 2901 ultro
1199 2837 1319 2899 obtule

149 2926 213 2986 rint
238 2925 381 3004 quidam,
384 2925 523 2986 triremes
549 2924 746 3000 instrhcturi,
773 2947 904 3007 quorum
921 2949 1002 2986 nnus
1028 2938 1063 2985 et
1082 2940 1140 3008 ego
1164 2924 1218 2985 fui.
1260 2923 1320 2982 Sed

149 3010 286 3072 nondum
307 3011 344 3070 de
363 3010 418 3073 his
451 3012 517 3091 Etsi
535 3021 640 3072 autem
654 3013 840 3093 praeclarum
858 3012 943 3089 fnit,
950 3032 1145 3075 conservasse
1164 3018 1221 3072 vos
1237 3008 1320 3069 insu-

85 3173 87 3177 ,
150 3098 224 3158 lam:
243 3095 320 3155 illud
337 3109 440 3161 tamen
458 3080 517 3158 fuit
534 3097 631 3158 multo
649 3097 848 3179 praeclarius,
868 3099 969 3177 qnod,
986 3096 1145 3159 redactis
1135 3120 1167 3156 ιιι
1185 3107 1321 3177 potesta-

144 3197 211 3244 tem
227 3195 357 3242 vestram
374 3191 404 3242 (ἐι
420 3171 537 3242 civibtls
555 3196 586 3243 et
601 3183 735 3283 oppidis,
753 3204 788 3242 ea
803 3183 882 3242 iuste
899 3183 1073 3242 reddidistis
1091 3182 1174 3241 illis
1165 3180 1249 3261 ipsis,
1269 3178 1322 3257 qni

149 3269 181 3326 in
199 3287 254 3328 vos
273 3267 481 3366 deliquerant,
499 3267 608 3335 nulla
600 3268 794 3342 iniuriarum,
812 3290 881 3328 cum
899 3269 936 3328 ad
954 3266 1046 3327 fidem
1065 3281 1194 3328 vestram
1212 3259 1322 3325 confu-

147 3352 274 3436 gissent,
293 3346 394 3413 ΒιΒίιι
412 3352 538 3413 ratione.
569 3351 715 3414 Sescenta
734 3355 791 3414 alia
808 3374 968 3413 recensere
985 3375 1118 3435 possem,
1137 3371 1214 3433 quae
1231 3367 1322 3430 prae-

54 3452 58 3463 '
147 3451 258 3513 tereo,
263 3439 383 3501 navales
400 3458 528 3521 pugnas,
547 3440 767 3521 expeditiones,
785 3439 941 3501 terrestria
955 3432 1082 3522 proelia,
1101 3452 1132 3498 et
1148 3437 1221 3497 olim
1236 3454 1323 3494 com-

44 3561 52 3569 ·
87 3560 90 3568 »
147 3524 239 3585 missa
257 3537 288 3583 et
305 3545 387 3584 nunc
406 3537 504 3584 vestra
523 3538 634 3589 aetate:
653 3545 730 3605 qnae
748 3524 919 3606 respublica
933 3538 1040 3584 nostra
1057 3523 1159 3583 omnia
1177 3543 1234 3603 pro
1255 3540 1323 3579 eae-

127 3649 134 3664 ,
146 3614 283 3669 terorum
294 3609 481 3675 Graecorum
492 3608 648 3671 libertate
643 3611 738 3693 gessit
748 3624 778 3671 et
788 3610 1005 3670 incolumitate.
1023 3610 1157 3669 Proinde
1170 3628 1241 3689 ego,
1254 3625 1323 3664 cum

79 3741 94 3748 -
134 3708 347 3775 spectassem,
373 3695 590 3775 rempublicam
610 3709 744 3757 nostram
769 3709 818 3757 tot
844 3709 874 3756 et
897 3697 989 3756 tantis
1007 3696 1040 3754 in
1058 3694 1149 3754 rebus
1168 3713 1226 3774 pro
1246 3689 1345 3750 atio:

118 3778 214 3839 ¹ru'1n
233 3779 364 3840 utilitate
383 3781 527 3841 dimicare
545 3782 698 3842 voluisse:
735 3803 802 3841 cum
821 3781 915 3862 ipsius
936 3769 1163 3860 quodammodo
1180 3799 1232 3850 res
1251 3796 1323 3857 agc-

52 3899 55 3913 ι
145 3879 241 3939 retur,
259 3865 334 3949 qnid
351 3866 469 3943 iubere,
487 3867 561 3946 quid
577 3868 625 3927 vel
641 3866 769 3929 suadere
787 3867 833 3926 illi
853 3866 965 3927 debui?
990 3869 1031 3925 Ut
1048 3876 1245 3926 succenseret
1264 3860 1324 3920 sci·
1350 3913 1353 3918 .

63 3952 122 4008 166
137 3948 258 4011 licet''
238 3973 294 4024 ns,
325 3975 378 4033 qu1
369 3951 521 4011 defendi
538 3974 570 4012 se
589 3953 768 4033 cupiebant,
796 3965 826 4012 et
845 3974 948 4029 causas
967 3953 1165 4030 quaeritaret,
1194 3960 1344 4029 propter

18 4050 34 4095 f
68 4106 69 4111 ι
136 4058 224 4122 quas
243 4057 349 4096 omnes
367 4036 514 4104 utilitates
532 4037 751 4098 abiiceremus?
779 4037 892 4116 Ecquis
910 4058 1049 4105 verume
1069 4037 1134 4095 iure
1153 4057 1218 4095 non
1239 4033 1323 4092 occi-

36 4112 45 4130 ‘
138 4114 293 4196 disset,
268 4143 294 4199 si
311 4136 445 4182 veterem
463 4111 649 4203 reipublicae
669 4123 846 4206 dignitatem
866 4135 896 4182 et
914 4122 1041 4206 gloriam
1060 4121 1154 4218 serbo
1175 4123 1324 4181 duntaxat

49 4265 52 4268 ι
128 4206 351 4273 dehonestare
376 4208 595 4270 instituissem?
631 4210 722 4268 Nam·
718 4209 826 4288 ipsam
850 4229 914 4266 rem
939 4208 1009 4268 satis
1035 4207 1098 4268 scio
1124 4228 1178 4267 ios
1202 4225 1322 4284 nequa-

32 4304 39 4330 Γ
74 4308 79 4314 ·
146 4314 252 4372 quam
246 4291 347 4359 luisse
366 4281 557 4356 admissuros
601 4295 693 4394 Quod
705 4314 740 4355 st
730 4280 915 4354 voluisset
894 4305 946 4353 t:1s
980 4293 1054 4373 quid
1073 4292 1159 4352 vobis
1180 4288 1322 4367 obstitis-

146 4379 212 4475 aeti
230 4373 311 4449 Non
329 4378 459 4451 licebat?
484 4380 563 4455 Non.
576 4392 662 4442 erant
668 4379 743 4452 isti,
760 4400 816 4458 qur
807 4376 866 4441 id
883 4379 1099 4458 consulerent?
1118 4378 1215 4438 Nunc
1226 4364 1266 4437 ad
1287 4393 1322 4433 ea
