2722 4754
134 128 196 228 sss
536 98 937 290 ιιιιιοιιιιιιιιιι

134 337 189 384 eos
207 316 304 377 ullum
322 314 370 373 vel
387 264 511 408 tempus
526 303 652 399 elingit,
674 316 723 378 vel
739 316 835 392 ratio,
855 339 916 397 quo
934 317 1033 379 minus
1052 319 1118 378 suis
1136 315 1313 379 commodis

136 402 298 464 consulant
315 405 411 478 eaque
428 399 593 479 perficiant
636 402 700 462 Nos
719 422 792 462 vero
811 401 887 476 nihil
904 402 963 463 tale
981 403 1128 479 lecimus,
1157 402 1210 482 qni
1228 401 1296 462 isto-

111 510 204 550 ,ιιιιιι
222 505 315 566 opera
333 496 364 546 et
382 506 503 560 eorum,
522 484 577 565 qui
594 496 666 546 sunt
683 487 748 547 istis
767 470 895 562 similes,
914 509 969 548 nos
989 501 1099 548 mutuo
1118 500 1295 567 superantes,

134 592 200 632 non
212 568 326 665 hostes,
344 583 464 651 tempus
483 591 574 631 omne
591 572 824 647 consumsimus,
843 573 987 647 iidem,
963 595 989 632 ιι
1003 573 1073 653 quis
1087 570 1209 631 sublato
1224 570 1296 643 bello

107 665 111 670 '
134 658 239 739 pacem
256 655 409 756 conciliet,
428 675 497 715 eum
512 655 648 716 odimus:
667 656 714 717 sin
728 669 866 738 tempore
880 658 960 742 pacis
973 657 1089 717 bellum
1104 656 1295 729 decernat,
1273 678 1296 714 ιι

21 807 24 827 Γ
136 741 344 803 adversamur:
379 741 426 800 sin
446 741 604 821 quiescere
622 753 822 821 nostrumque
845 762 934 826 agere
951 743 1120 838 negotium
1131 740 1235 800 iubeat
1248 700 1297 798 ’ati-

28 834 30 839 '
52 874 54 881 ,
136 826 215 906 quis,
233 847 273 886 ne
291 848 361 887 eum
373 825 504 906 quidem
521 839 607 888 recto
626 825 735 885 dicere
745 824 969 905 contendimus,
989 825 1149 887 calumniis
1166 824 1297 903 denique,

136 931 273 1012 vanaque
300 932 354 993 spe
370 911 475 971 referti
492 932 609 970 sumus.
639 911 751 986 Quid
742 911 852 994 igitur,
881 913 962 973 dicat
978 912 1107 992 aliquis,
1137 921 1170 970 tu
1190 908 1296 984 suades,

126 997 284 1080 ¹quoniam
302 997 358 1074 ista
376 995 598 1077 reprehendis?
614 996 719 1057 Dicam
733 997 888 1077 equidem.
911 1068 913 1072 ἱ
1247 1015 1255 1023 ’

135 1262 541 1378 Primum,-Iltbenienses,
560 1293 643 1367 nulla
659 1294 724 1354 sere
743 1292 818 1353 mihi
836 1313 924 1353 causa
943 1313 1010 1353 esse
1027 1292 1167 1366 videtur,
1186 1313 1239 1350 cur
1253 1313 1298 1352 ro

138 1379 185 1440 bis
204 1377 312 1457 aliquis
331 1391 462 1453 metuat,
486 1399 542 1453 ne,
560 1393 722 1461 propterea
740 1379 824 1460 quod
841 1398 981 1444 suasores
1000 1376 1108 1438 audire
1126 1397 1191 1438 non
1209 1377 1299 1453 vultis,

120 1463 275 1545 deterius
294 1463 467 1523 consulatis.
500 1462 636 1524 Primum
661 1463 742 1524 enim
766 1485 801 1523 ea
825 1475 872 1523 est
887 1463 1029 1539 fortunae
1048 1461 1223 1560 benignitas
1240 1481 1300 1544 erga

55 1550 116 1612 426
139 1571 211 1623 ros,
239 1561 276 1608 ιιι
293 1548 386 1607 multa
405 1548 479 1608 citra
495 1561 624 1609 vestram
645 1569 784 1631 operam,
812 1547 854 1606 ita
873 1533 1158 1626 quemadmodum
1147 1544 1208 1627 apsi
1226 1559 1300 1625 opta-

139 1633 230 1707 retis,
265 1630 360 1692 vohis
377 1631 535 1694 conficiat.
568 1655 637 1695 nam
662 1633 687 1697 si
713 1632 943 1732 magistratuum
972 1630 1166 1716 providentia
1193 1642 1300 1710 specte-

140 1732 201 1792 tur,
227 1738 376 1799 perpauea
402 1717 543 1818 ιιιιιιιιιιι,ο
549 1716 627 1806 benc
653 1716 793 1782 habitura
814 1716 884 1777 sint
917 1717 1039 1777 Deinde
1063 1737 1119 1778 vos
1145 1715 1302 1813 praescitis,

141 1825 205 1864 non
231 1803 324 1863 modo
350 1802 461 1883 quibus
490 1800 624 1883 quisque
651 1802 750 1867 verbis
775 1823 886 1863 usurus
912 1802 971 1876 sit,
1000 1801 1074 1861 sed
1086 1800 1188 1882 quibis
1222 1799 1302 1859 etiam

141 1909 249 1950 eorum
282 1885 411 1968 quisque
445 1887 482 1947 de
516 1888 613 1960 causis
645 1887 861 1961 condonetur,
896 1907 948 1986 ac,
982 1885 1015 1946 ni
1046 1885 1191 1946 odiosum
1223 1882 1303 1958 esset,

115 1974 283 2035 ·edderern
304 1972 414 2073 etiamn,
433 1965 547 2052 quanti
581 1971 840 2033 Verumtamen'
814 1994 840 2032 s1
857 1971 964 2031 vestris
983 1969 1202 2050 deceptoribus
1221 1989 1303 2048 quam
1333 2008 1338 2013 -

120 2057 300 2127 'minimum
325 2057 415 2138 spatii
437 2057 638 2143 reliqueritps,
663 2079 776 2139 sapere
782 2072 847 2117 vos
872 2054 994 2136 putabo.
1028 2052 1116 2137 Ego,
1145 2053 1172 2114 si
1196 2055 1302 2130 eadem,

143 2161 221 2223 quae
238 2141 307 2214 alii,
333 2142 469 2202 dicturus
488 2161 604 2222 essem,
629 2163 684 2203 vos
703 2142 833 2202 dicendo
851 2156 915 2201 non
933 2160 999 2200 esse
1019 2139 1235 2199 obtundendos
1252 2160 1304 2219 po-

141 2240 245 2290 tarem.
271 2228 331 2284 lam
348 2223 437 2286 utilia
445 2217 577 2306 quidem
595 2227 719 2300 auditu,
738 2226 792 2285 sed
809 2248 825 2286 a
843 2223 928 2307 vulgi
945 2224 1171 2324 exspectatione
1190 2244 1305 2304 prorsus

83 2382 90 2387 ,y
141 2309 338 2373 abhorrentia
355 2330 404 2370 me
422 2301 549 2370 dicenda
566 2310 678 2370 babere
696 2322 780 2410 puto.
806 2311 867 2370 Res
886 2321 986 2369 autem
1003 2309 1109 2408 paucis
1129 2307 1305 2388 expedietur.

142 2394 284 2456 Audita
274 2395 370 2476 igitur
388 2416 421 2455 ea
441 2407 472 2454 et
489 2394 705 2469 diiudicata,'s1
723 2393 811 2455 vohis
829 2394 985 2474 placuerit,
1004 2389 1137 2454 utimini.
1154 2393 1193 2452 Et
1209 2391 1305 2464 breve,

142 2478 365 2553 Athenienses,
393 2492 425 2539 et
441 2499 572 2579 aequum
590 2501 706 2539 sumam
726 2474 870 2540 orationis
890 2477 1065 2552 exordium,
1079 2497 1193 2556 neque
1212 2477 1304 2536 omnia

41 2598 44 2620 .
143 2564 249 2624 dicam
267 2563 340 2622 Eius
360 2559 467 2637 enim,
483 2563 536 2642 qui
553 2585 608 2625 vos
628 2565 772 2645 deceptos
790 2563 880 2637 velit,
905 2584 971 2625 esse
990 2576 1084 2643 puto,
1110 2562 1304 2634 considerare,

145 2668 207 2727 quo
230 2661 319 2728 pacto
344 2669 399 2707 vos
423 2609 577 2727 additores
602 2647 714 2709 alliciat
738 2659 768 2709 et
786 2648 903 2729 negotii
922 2648 1135 2710 difficultatem
1157 2655 1304 2729 contegam

145 2730 211 2792 eius
229 2752 312 2805 vero,
330 2732 384 2812 qui
401 2733 435 2798 in
452 2732 586 2792 animum
604 2732 767 2806 induxerit,
785 2731 940 2792 bonafide
958 2732 1118 2792 vobiscum
1138 2749 1237 2833 apere,
1255 2731 1304 2790 hoc

146 2836 230 2889 esse,
247 2816 398 2897 primum,
418 2830 455 2876 ut
472 2817 568 2891 dicat,
587 2818 749 2897 quidnam,
766 2839 836 2877 cum
854 2817 913 2876 huc
931 2817 1089 2897 prodiret,
1106 2815 1252 2889 senserit,
1267 2827 1305 2887 ut,

145 2900 172 2961 si
196 2919 233 2959 eo
257 2901 361 2975 audito
386 2915 457 2981 post
478 2902 626 2981 reliquam
653 2902 718 2962 eius
743 2901 924 2961 sententiam
943 2902 1047 2961 audire
1066 2900 1185 2973 velitis,
1211 2913 1241 2958 et
1258 2899 1304 2959 do-

38 3003 46 3014 ·
145 2997 213 3045 ceat
228 2997 259 3044 et
275 2999 407 3065 exponat
423 3007 467 3058 ea,
486 3006 562 3067 quae
579 2987 693 3067 optima
709 2986 767 3065 ipsi
783 2985 846 3047 visa
861 2985 1033 3046 fuerint:
1009 3008 1056 3046 sm
1073 2984 1261 3068 improbetis,
1276 2995 1304 3043 ut

146 3070 297 3149 quiescat,
321 3091 422 3150 neque
440 3069 488 3130 uel
506 3070 593 3131 vobis
611 3071 651 3130 sit
668 3071 833 3143 molestus,
850 3071 898 3130 vel
916 3071 1113 3150 semetipsum
1134 3070 1243 3130 frustra
1259 3069 1304 3128 de·
1341 3117 1344 3122 .

42 3152 45 3154 ’
144 3153 259 3236 fatiget
284 3153 418 3213 Primum
437 3168 538 3214 autem
557 3156 616 3215 hoc
634 3155 719 3218 dico;
738 3155 813 3214 mihi
830 3155 1085 3254 Mitylenaeorum
1104 3152 1329 3238 populolacta¹

96 3251 100 3258 '
146 3258 213 3298 esse
231 3237 378 3298 videtur
369 3239 497 3312 iniuria,
514 3241 669 3320 vestrique
688 3260 754 3299 esse
773 3239 885 3312 officii,
902 3252 938 3299 ut
954 3261 1009 3300 vos
1026 3260 1138 3300 eorum
1156 3239 1251 3300 vicem
1266 3238 1305 3296 ul-

111 3364 113 3369 s
145 3322 305 3383 ciscamini.
341 3324 441 3399 Quod
453 3344 515 3404 quo
533 3338 621 3405 paeto
640 3325 717 3384 fieri
726 3323 851 3397 debeat,
875 3283 977 3385 dicere
996 3324 1075 3384 mihi
1090 3345 1183 3404 posse
1202 3323 1306 3394 videor,

68 3422 70 3427 ⁴
143 3407 216 3466 ubi
216 3420 254 3550 eq
265 3407 391 3479 allectos
409 3431 462 3471 eos
482 3430 547 3472 esse
567 3409 692 3517 iniuria,
717 3421 759 3469 et
777 3408 885 3471 decere
902 3429 973 3483 tos,
1007 3421 1063 3480 ut
1061 3430 1129 3468 eam
1147 3406 1307 3478 vindicetis,

146 3505 234 3553 osten
257 3512 319 3552 ero.

556 3639 910 3654 „m

81 3825 88 3836 .
142 3746 288 3836 Primum
306 3797 370 3836 non
387 3779 464 3836 adeo
483 3777 593 3836 mirum
608 3781 675 3850 est,
692 3775 912 3848 Athenienses,
937 3775 1238 3838 consilium'datur'is
1255 3786 1317 3838 uon‘

144 3882 209 3922 esse
227 3861 314 3921 facilc
331 3862 422 3921 techa
440 3862 547 3922 facere.
584 3857 660 3926 Cum
685 3862 769 3920 enim
790 3860 933 3943 negotia,
955 3861 1127 3941 dequibus
1147 3863 1310 3923 deliberan-

144 3949 216 4008 dum
236 3959 299 4019 est,
326 3948 403 4006 male
422 3968 457 4007 se
473 3946 603 4007 habent:
634 3947 741 4006 arduas
761 3965 826 4005 esse
844 3964 969 4005 neeesse
988 3960 1036 4007 est
1054 3948 1151 4008 etiam
1166 3962 1311 4033 susceptas

144 4033 182 4091 de
206 4032 266 4091 illis
291 4032 457 4092 suasiones.
492 4031 613 4107 Quodsi
631 4053 691 4104 ea,
718 4043 880 4113 propterea
899 4031 984 4129 quod
1006 4032 1113 4093 audire
1134 4055 1201 4112 non
1219 4034 1312 4104 sultis,

132 4112 269 4177 meliora
286 4117 359 4183 sore
373 4140 448 4200 spes
461 4129 522 4191 est,
553 4116 612 4176 hoc
631 4139 679 4199 agr
671 4117 799 4176 '·:decet
834 4114 882 4176 sin
899 4115 959 4177 isto
977 4130 1082 4198 pacto,
1110 4130 1151 4178 ut
1169 4119 1312 4179 deteriora

143 4200 254 4284 omnia,
278 4202 320 4260 sic
340 4203 453 4262 melius
467 4201 545 4262 nihil
562 4200 626 4275 fiet,
645 4219 791 4281 quorsum
809 4200 928 4275 attinet,
946 4215 981 4262 ut
999 4224 1033 4263 ea
1051 4203 1222 4264 deterrima
1239 4196 1314 4276 hant,

142 4273 313 4389 admittere,
332 4308 369 4346 ae
384 4301 447 4348 tum
468 4301 499 4348 et
515 4300 592 4368 post.
604 4287 726 4379 longius
745 4299 865 4366 tempos
884 4298 916 4346 et
932 4285 1088 4348 difficilius
1108 4289 1198 4348 de
1170 4309 1220 4350 erc
1233 4288 1313 4349 resti·
