2722 4754
493 161 558 277 iu
592 181 943 283 bertolcourt.v
1051 244 1060 255 ,
1232 137 1323 250 su·

33 350 36 355 '
128 348 270 412 obsecro,
289 336 431 404 obtestor
447 359 502 422 per
518 340 643 415 liberos,
659 360 715 420 per
727 360 849 414 uxores,
867 361 922 421 per
936 339 1080 421 quicquid
1095 337 1181 401 vobis
1195 338 1295 401 bono-
1340 348 1344 357 “

30 480 35 491 ,
120 453 195 495 mm
218 436 276 485 est:
295 424 339 482 sic
357 425 417 483 illis
442 425 591 485 fruamini.
619 425 830 506 Nc-negligitc
849 447 914 499 me,
940 445 1041 506 neque
1058 426 1162 499 facite,
1180 436 1295 499 utma-

69 522 80 531 ‘
117 530 176 590 ter,
208 508 294 569 etiam
306 496 423 587 reliipna
437 530 490 589 spe
506 509 720 570 sustentandae
737 510 819 567 vitae
829 510 980 583 frustrata,
999 533 1030 570 se
1047 510 1120 590 quid
1134 511 1295 592 indignum

31 630 46 683 -ἱ
111 600 271 684 patiatur:
291 613 368 672 quae
387 615 468 652 nunc
482 593 658 674 forc‘putat,
675 605 710 652 ut
721 614 780 665 me,
794 595 874 674 apud
885 615 939 654 vos
957 594 1004 653 ius
1022 616 1123 655 meum
1142 597 1296 676 adeptum,

77 708 82 749 ·.
103 674 257 760 'excipiat
276 690 314 737 et*
324 697 460 736 sororem
479 678 585 737 elocet.
628 678 662 737 si
680 698 752 749 vero
771 699 824 737 vos
849 677 962 761 aliquid
982 699 1068 739 secus
1086 679 1184 761 (quod
1203 679 1295 763 absit)

21 774 25 779 '
108 760 339 832 decreveritis:
365 761 439 839 quid
457 762 502 820 illi
520 762 613 821 animi
631 764 697 822 fore
716 763 863 836 censetis,
882 785 950 822 cum
968 784 1016 822 me
1034 764 1143 823 viderit
1161 786 1224 824 non
1241 786 1305 847 pa--
1330 799 1332 803 ·

105 847 222 916 ternis
239 846 333 905 modo
351 845 440 905 bonis
459 844 638 926 spoliatum,
664 848 718 906 sed
738 847 827 906 ctiam
846 848 942 927 capite
962 847 1161 919 diminutum,
1187 851 1225 909 de
1243 861 1301 910 soi
1324 886 1327 893 ι

15 962 23 979 -·
103 953 200 1001 rore
216 950 288 990 vero
301 946 364 989 uec
383 951 503 1010 sperare
523 931 615 1004 ausit,
641 951 706 991 eam
724 931 816 991 ullam
834 953 867 991 se
886 932 1008 1013 dignam
1026 932 1234 992 conditionem
1253 934 1294 996 ob

100 1029 297 1084 secuturam
313 1013 447 1094 in'opiam
462 1017 686 1076 assecuturum?
703 1017 776 1075 Non
792 1020 925 1096 aequum'
939 1029 994 1089 est,
1012 1017 1140 1087 ludices,
1156 1017 1295 1089 vebmibi
1319 1027 1321 1033 '

10 1102 13 1121 '
98 1108 158 1168 lus
187 1100 301 1162 avobis
318 1099 432 1182 negari,
450 1100 499 1159 vel
513 1101 605 1161 istum
617 1112 713 1160 tantas
730 1101 802 1181 op'es
816 1121 872 1181 per
883 1101 1024 1161 iniuriam
1037 1101 1184 1160 obtinere.
1202 1102 1293 1161 Tam-

10 1200 16 1217 ·
47 1185 189 1253 ”etsi
213 1185 292 1244 eni‘m
318 1186 456 1244 nondum
481 1186 543 1244 mci
568 1185 737 1273 periculum
765 1186 915 1258 feceritis,
944 1181 1041 1265 qualis
1066 1185 1121 1244 sim
1151 1206 1292 1271 ergarus

93 1276 256 1343 tuturus,
274 1269 456 1350 sperandum
471 1283 572 1329 tamen
587 1283 646 1346 est,
661 1290 786 1328 menon
804 1270 869 1330 fore
884 1282 968 1350 patre
988 1270 1186 1330 deteriorem:
1203 1269 1292 1330 istius

91 1375 201 1420 tero
218 1354 352 1414 animum
370 1353 412 1413 sic
430 1355 635 1435 perspexistis,
651 1367 687 1413 ut
705 1368 894 1434 compertum
912 1354 999 1414 vobis
1017 1354 1065 1428 sit,
1077 1376 1164 1428 cum,
1185 1355 1292 1435 amplis
1318 1412 1320 1416 ,
1348 1374 1350 1378 ’

49 1481 57 1487 -
90 1439 235 1526 opibus
248 1439 413 1519 susceptis,
431 1440 512 1515 adeo
526 1461 620 1511 suum¹
634 1430 768 1498 studium
788 1459 857 1521 erga
870 1457 923 1498 vos
942 1452 972 1498 et
989 1438 1200 1498 liberalitatem
1211 1458 1291 1498 nun-

85 1508 216 1610 ls¹¹³l¹¹
234 1523 417 1597 declarasse,
434 1536 469 1583 ut
487 1524 583 1582 aliena
603 1523 691 1582 etiam
709 1523 889 1602 patrimonia
907 1524 944 1582 ad
962 1544 994 1583 se
1012 1523 1118 1583 fraude
1136 1523 1293 1585 attraxisse

81 1614 158 1673 sit
187 1622 347 1670 ostensum.
382 1610 465 1668 llaec
481 1608 578 1690 igitur
595 1608 820 1668 considerantes
839 1620 1016 1687 caeteraque
1034 1607 1195 1693 recordati,
1209 1607 1293 1668 sicut

69 1696 134 1758 iu
141 1695 241 1756 stitia
258 1694 407 1775 postulat,
425 1693 466 1752 ita
484 1692 645 1752 decernite.
688 1693 861 1752 dstantem
878 1692 964 1753 vobis
982 1692 1058 1752 fides
1076 1692 1198 1752 abunde
1215 1693 1292 1768 facta

74 1793 138 1841 te
147 1779 265 1853 stibus,
275 1778 478 1860 argumentis,
498 1776 697 1854 coniecturis,
715 1777 843 1845 istorum
862 1776 981 1850 verbis,
1000 1776 1052 1856 qui
1071 1779 1135 1836 mea
1154 1798 1186 1836 se
1206 1796 1292 1837 acce-'

72 1865 211 1945 pisse
225 1863 362 1923 universa
382 1863 586 1935 confitentur,
609 1883 642 1921 ea
660 1881 732 1921 vcro
752 1882 881 1941 expensa
898 1862 974 1921 mihi
990 1862 1107 1934 ferunt,
1127 1882 1195 1921 cum
1213 1860 1291 1921 nibil

70 1947 332 2030 expenderint,
350 1948 404 2006 sed
422 1948 595 2026 ipsi-omnia
613 1946 775 2005 detineant.
793 1947 875 2004 Haec
891 1945 986 2026 igitur
1003 1945 1220 2011 consideranda
1233 1965 1288 2005 vo·
1316 1952 1357 2008 21

65 2031 177 2094 bis
193 2045 271 2105 sunt,
288 2045 319 2093 ct
335 2031 436 2111 aliqua
454 2031 552 2091 nostri
566 2024 704 2089 habenda
718 2031 804 2089 ratio.
822 2018 994 2111 lntelligitis
1010 2029 1102 2103 enim,
1120 2049 1178 2103 me,
1196 2030 1290 2109 patri·
1317 2086 1322 2100 ,

63 2117 231 2177 monio
247 2137 302 2197 per
318 2136 373 2176 vos
398 2128 593 2195 recuperato,
619 2135 655 2173 ex
673 2114 776 2183 officio
796 2126 826 2172 et
843 2115 920 2194 grati
939 2113 1030 2171 animi
1049 2130 1122 2195 ergo
1139 2112 1304 2195 reipubli-'

61 2220 180 2263 eae
195 2221 317 2262 munera
335 2199 468 2259 libenter
486 2200 655 2272 obiturum,
674 2199 757 2277 quod
775 2218 857 2257 meas
874 2196 949 2256 mibi
966 2197 1122 2256 facultates
1141 2198 1220 2257 iuste
1238 2216 1288 2258 re-

60 2285 288 2347 stitueritis.
307 2285 367 2343 lste
386 2298 497 2357 autem,
515 2285 542 2343 si
560 2285 598 2356 ei,
609 2285 695 2361 'quac
712 2303 778 2342 mea
794 2294 874 2355 sunt,
892 2282 1075 2361 possidenda
1093 2281 1288 2355 tradideritis,

59 2370 201 2440 nihil
218 2369 325 2428 borum
344 2382 392 2428 est
408 2367 564 2428 facturus·
592 2368 657 2426 Nec
675 2367 756 2426 enim
773 2379 880 2446 putare
898 2365 1031 2436 debetis,
1048 2365 1131 2437 fore,
1148 2378 1184 2424 ut
1202 2366 1288 2445 qui'c-
1339 2424 1345 2434 ,

53 2474 214 2532 ¹qaram
232 2455 267 2513 de
284 2452 320 2511 iis
341 2453 452 2533 opibus
470 2453 502 2510 in
527 2451 744 2530 rempublicam
769 2446 911 2522 collatum
930 2449 1019 2520 velit,
1046 2470 1119 2528 quas
1138 2449 1288 2529 accepisse
1346 2502 1350 2513 .

52 2554 115 2594 's
129 2559 163 2598 e
177 2537 229 2598 ivit
245 2537 353 2597 infitias
363 2561 375 2625 ².
389 2539 442 2597 sed
460 2537 561 2617 potius
581 2537 732 2596 occultare
751 2534 896 2610 studebit,
913 2545 949 2594 ut
961 2534 1026 2594 inre
1045 2529 1207 2618 absolutus
1221 2553 1287 2595 esse

69 2624 262 2683 videatur.
689 2645 691 2648 ’
1240 2624 1242 2629 ’

845 2776 850 2785 ¹
878 2773 896 2802 α
915 2771 923 2781 θ
1024 2778 1028 2785 ι

425 2842 626 2861 -ὲ-ιῴῳ
631 2850 815 2859 -Μᾴ---
819 2851 878 2858 --
887 2850 945 2857 ...η-
976 2851 983 2856 .

25 2987 28 2991 ’
124 3128 131 3133 ,
165 2987 348 3117 orario
390 3043 728 3149 instruontur
761 3039 910 3153 ,ranst
935 2971 1267 3155 ssasfrntosu.¹⁸

603 3248 805 3263 ...Ἥ

489 3389 917 3469 anounnsrou.
1030 3475 1033 3481 ,
1091 3492 1098 3505 .

57 3590 75 3604 .
129 3521 296 3627 Accusatus
323 3551 401 3611 male
428 3549 650 3610 administratae
676 3549 789 3610 tutelae
806 3549 956 3631 Aphobus
982 3547 1014 3608 in
1042 3548 1251 3629 quaestionem
1269 3569 1297 3609 a·
1346 3542 1349 3547 ’

127 3636 328 3696 Demosthene
347 3635 519 3715 postulabat
535 3635 669 3718 Milyam,
688 3655 779 3714 quem
797 3635 887 3694 sciret
905 3655 968 3712 npn
987 3634 1124 3695 deditum
1143 3633 1196 3701 iri..
1208 3633 1287 3694 Nam
1304 3662 1307 3669 ¹

126 3720 361 3793 Demosthenes,
375 3722 458 3801 quod
478 3720 600 3793 diceret,
619 3739 683 3778 non
702 3741 831 3793 servum,
848 3721 902 3779 sed
920 3718 1049 3779 liberum
1068 3729 1134 3792 esse
1152 3716 1286 3801 blilyam,
1344 3722 1346 3728 ’

125 3803 237 3889 apati-e
256 3805 407 3865 morituro
426 3805 660 3877 manumissum,
689 3824 758 3863 eum
777 3825 841 3863 non
859 3803 994 3864 debebat.
1037 3804 1085 3863 Ad
1104 3804 1134 3862 id
1153 3802 1286 3884 proban-

125 3888 190 3968 dnni
207 3912 281 3951 cum
300 3890 357 3950 alia
375 3889 524 3962 attulerat,
542 3902 606 3948 tum
626 3888 724 3947 etiam·
734 3888 880 3970 Stephani
897 3889 1116 3961 testimonium,
1127 3888 1188 3968 'qui
1199 3887 1286 3968 -apud

122 3974 232 4036 iudices
253 3974 440 4046 affirmasset,
458 3994 558 4035 coram
576 3972 696 4033 arbitris
709 3974 887 4035 confessum
906 3994 971 4032 esse
988 3972 1154 4052 Aphobum
1173 3973 1209 4030 de
1227 3973 1287 4039 Mi:

120 4058 181 4143 lyae
199 4059 353 4120 libertate.
397 4061 562 4118 Damnatus
580 4071 680 4117 autem
698 4059 775 4117 male
790 4072 895 4142 ¹gestae
919 4058 1033 4118 tutelae
1051 4056 1200 4138 Aphobus
1217 4056 1286 4137 falsi
1342 4106 1348 4117 .

119 4143 289 4205 testimonii
300 4142 487 4224 Stephanum
497 4156 638 4203 accusat:
657 4160 748 4223 quem
759 4144 982 4204 Demosthenes
1000 4141 1056 4202 hac
1075 4141 1213 4201 oratione
1231 4141 1298 4202 de·-

118 4227 233 4304 fendit,
258 4244 365 4289 veruta
384 4229 493 4289 dixisse
508 4228 735 4289 testimonium:
760 4228 960 4309 atquectiam
978 4227 1128 4300 ostendit,
1151 4224 1285 4307 Apbobo

98 4312 145 4393 'id
160 4311 378 4387 testimonium
403 4313 480 4407 nibil
505 4313 662 4387 nocuisse,
682 4314 743 4374 sed
763 4331 832 4374 cum
858 4326 983 4394 propter
1007 4311 1082 4383 alios
1107 4324 1285 4372 tessaresce
