2722 4754
1223 74 1233 97 Ι

140 274 142 282 A
204 133 216 147 .
261 179 577 289 Anvncsus
614 148 970 253 enormiorem
1019 206 1024 215 ·
1132 182 1250 279 ιιι·
1307 266 1310 284 Ι

57 333 97 415 ιιι
113 362 182 429 ιιοιι
198 305 375 416 fiunti
306 362 406 421 neque
417 340 553 402 Athenas
569 316 722 402 referendi
739 353 821 415 sunt,
838 337 1051 402 contractibus.
1068 338 1153 398 Idem
1166 360 1221 400 au-

56 420 171 488 temin
181 427 237 486 hac
257 428 394 486 oratione
415 425 605 486 observatum
625 439 680 499 est,
698 426 806 504 quod'
797 447 829 484 ιιι
848 426 997 495 oratione
1005 423 1221 486 contraNeae-

52 534 122 602 ram,
142 512 229 591 quod
246 531 310 570 non
328 511 365 570 ab
383 530 443 570 una
461 531 590 591 persona
609 524 655 570 est
673 509 781 570 hahita
799 510 860 568 Sed
878 509 940 569 illic
957 509 1094 590 utrisque
1114 493 1221 570 discri-
1270 564 1277 583 ,

49 598 117 659 men
139 608 281 677 apparet:
300 595 357 654 hic
376 596 498 654 eaedem
518 596 661 657 confusae
679 606 759 655 sunt
793 593 869 653 Mihi
887 615 958 654 vero
978 596 1130 657 secundus
1148 593 1221 654 hinc
1315 668 1319 677 Ι

46 681 146 744 ordiri
166 681 303 741 videtur:
321 705 336 732 ιι
346 676 450 738 Cum
439 681 536 780 egitur
555 702 572 739 e
591 680 692 752 nohis,
709 677 931 751 Athenienses,
949 695 1038 758 saepe
1056 670 1224 739 audivisset

41 764 238 827 Theodotus
252 778 348 864 atque⁸
361 765 561 838 existimaret,
578 763 753 846 Lampidem
770 764 877 824 falsum
896 784 962 827 esse
980 776 1096 824 testem.
1106 791 1121 819 ι)
1155 764 1226 845 Ap

41 854 136 935 paret
154 864 268 924 autem,
285 849 385 915 socios
404 871 470 910 esse
490 870 552 925 eos,
571 850 624 930 qui
643 871 712 909 cum
728 847 918 910 Phormione
933 847 1102 928 ιίιίςιιιιι.Ι

41 1062 140 1153 Rem
160 1084 287 1175 aequam
304 1094 496 1176 precabimur
513 1117 528 1155 a
547 1091 649 1169 vohis,
665 1066 802 1170 ludices,
819 1109 856 1156 ιιι
873 1115 929 1157 nos
939 1072 1017 1159 cum
1035 1073 1225 1154 benevolen

41 1179 95 1245 tia
110 1179 253 1245 audiatis
267 1165 389 1240 alternis
414 1181 567 1253 dicentes,
595 1201 660 1240 eam
674 1180 718 1245 oh
745 1203 882 1269 causam,
909 1181 1012 1260 quod
1012 1193 1041 1240 et
1067 1179 1224 1240 literarum

41 1265 181 1328 omnino
199 1267 290 1326 rudes
309 1287 422 1344 sumus,
442 1278 482 1340 et,
501 1287 569 1325 cum
582 1265 748 1346 longorum
760 1260 897 1346 tempore
910 1279 1076 1365 mercatum
1088 1278 1224 1326 vestrum
1307 1339 1311 1351 Ι

41 1350 284 1433 frequentemus
312 1364 342 1410 et
365 1372 433 1410 cum
458 1349 560 1449 multis
588 1350 830 1426 contrahamus,
849 1372 1005 1430 nunquam
1031 1349 1063 1408 in
1089 1363 1225 1445 vestrum

41 1435 201 1499 iudicium
219 1435 373 1517 venimus,
391 1435 466 1494 vel
457 1435 515 1517 ipsi
533 1449 723 1519 accusantes,
742 1435 789 1496 vel
807 1435 844 1495 ab
862 1435 929 1495 aliis
946 1434 1084 1497 accusati.
1118 1434 1165 1493 Ae
1183 1428 1255 1492 nd

41 1542 136 1582 nunc
155 1520 291 1599 quidem,
308 1519 536 1591 Athenienses,
546 1513 669 1580 credite
680 1519 822 1594 nohis,
797 1543 823 1580 ιι
840 1534 1026 1602 putaremus,
1044 1519 1136 1581 fracta
1154 1515 1249 1582 navis

41 1605 169 1688 perisse
187 1605 361 1685 pecuniam,
387 1627 476 1684 quam
495 1562 674 1665 Phormioni
698 1606 916 1680 mutuavimus,
941 1626 1076 1686 unquam
1095 1605 1124 1664 ei
1143 1603 1224 1664 diem
1302 1608 1304 1613 ⁴

51 1690 252 1755 dixissemus.
270 1711 333 1749 nou
351 1690 392 1749 ita
410 1711 466 1750 nos
485 1689 675 1790 impudentes
695 1712 809 1764 sumus,
827 1704 880 1751 aut
897 1691 1041 1751 iacturae
1037 1690 1225 1750 insolentes

56 1771 137 1875 Cum
152 1795 224 1875 vero
247 1774 337 1835 multi
362 1789 495 1835 nostram
520 1776 670 1867 ignaviam
693 1776 969 1876 reprehenderent,
995 1788 1025 1837 et
1042 1788 1224 1866 mercatores
1302 1814 1304 1823 ,

59 1858 195 1941 inprimis
221 1881 289 1920 cum
308 1860 494 1921 Phormione
522 1859 596 1920 illie
609 1861 737 1960 versati,
764 1863 834 1957 qui
835 1883 904 1922 eum
929 1862 1065 1922 sciebant
1082 1882 1146 1921 ιιοιι
1163 1881 1225 1920 una

60 1967 126 2006 cum
152 1945 276 2007 caeteris
303 1945 463 2045 pecuniam
488 1945 620 2034 amisisse
639 1946 670 2005 in
689 1947 774 2006 ιιιιί.
799 1967 862 2006 non
887 1947 1140 2007 committendum
1159 1965 1225 2005 esse
1252 1945 1293 2003 64

56 2022 246 2129 putabimus,
263 2043 298 2090 ut
315 2030 380 2088 ah
371 2043 430 2090 isto
449 2027 590 2091 iniuriam
609 2030 676 2095 lieri
694 2029 783 2090 nobis
802 2038 981 2111 pateremur.
1012 2032 1062 2090 Ac
1081 2031 1118 2091 de
1137 2051 1241 2090 exce-

54 2115 161 2194 ptione
191 2115 312 2194 quidem
332 2136 395 2174 non
422 2114 524 2174 multis
544 2129 599 2175 est
608 2136 692 2194 opus
733 2115 810 2174 Nam
829 2111 1079 2175 adversariinon
1098 2115 1224 2174 omnino

53 2211 180 2298 negant,
198 2211 385 2279 contractum
404 2200 436 2258 in
453 2212 554 2259 vestro
573 2213 706 2259 mercatu
727 2220 792 2259 esse
810 2198 938 2278 factum:
932 2201 1011 2274 ·sed
1028 2199 1104 2259 ιιίιιιι
1123 2221 1226 2277 secum
1284 2204 1287 2210 “

47 2283 97 2343 rei
116 2283 238 2353 nobis
230 2305 288 2343 ram
307 2305 371 2343 esse
391 2284 514 2357 dicunt,
533 2285 616 2364 quod
635 2283 711 2343 nihil
730 2297 812 2344 extra
831 2305 883 2357 ea,
902 2282 978 2383 quae
997 2283 1107 2344 tabulis
1126 2280 1225 2344 conti-

44 2381 199 2443 neantur,
215 2368 352 2428 feceriut.
385 2371 483 2450 Leges
501 2382 611 2441 autem,
630 2389 646 2428 e
666 2390 791 2448 quarum
810 2369 996 2450 praescripto
1014 2391 1090 2442 vos,
1092 2369 1226 2443 ludices,

41 2453 187 2535 sedetis,
210 2454 333 2514 nonita
360 2454 545 2534 ιιοιιιιιιιιιιιι
574 2455 627 2515 sed
651 2454 694 2512 de
718 2454 924 2515 contractibus
942 2453 1072 2521 Athenis
1100 2454 1225 2513 omnino

41 2558 117 2598 ιιοιι
134 2528 242 2612 lactis,
267 2539 374 2599 necin
392 2538 627 2599 Atheniensium
652 2552 817 2600 mercatum
835 2539 1013 2605 referendis
1020 2538 1226 2638 praescribere

41 2623 269 2723 permiserunt
287 2623 340 2683 Si
333 2623 401 2705 quis
415 2638 515 2683 autem
528 2624 640 2685 lactum
659 2645 724 2685 esse
743 2625 883 2698 fateatur,
901 2645 994 2704 seque
1012 2623 1143 2697 secisse„
1149 2632 1227 2704 quae

41 2709 277 2788 convenerint,
303 2708 404 2768 omnia
424 2710 601 2788 contendat.
624 2722 706 2768 recta
724 2709 904 2772 intentionis
924 2709 1104 2790 depulsione
1122 2730 1155 2768 se
1174 2708 1228 2773 de

41 2792 183 2893 Pendere
202 2793 314 2862 iubent
327 2816 424 2873 reum,
442 2815 506 2855 non
524 2794 676 2854 criminari
693 2807 907 2856 accusatorem.
950 2795 1017 2890 Ego
1035 2813 1119 2854 vero
1124 2812 1229 2874 spero,
1296 2848 1301 2856 .

41 2874 105 2939 me
124 2877 189 2960 ipsa
203 2901 239 2939 re
259 2893 461 2978 ostensurum,
481 2880 609 2940 dandam
628 2900 693 2939 esse
712 2879 801 2940 nohis
820 2881 978 2942 actionem.
991 2870 1229 2955 Considerate,
1314 2908 1318 2922 =

41 2962 282 3043 Athenienses,
300 2965 409 3057 quid
401 2964 450 3025 rsti
475 2965 534 3045 ipsi
559 2965 727 3039 fateantur,
754 2966 826 3045 quid
845 2978 983 3049 negent.
1003 2964 1046 3024 sic
1064 2963 1145 3047 enim
1163 2983 1228 3036 rem

43 3049 176 3129 optime
195 3038 412 3132 intelligetis.
425 3051 589 3122 Fateatur,
615 3071 647 3109 se
667 3064 697 3110 et
714 3064 868 3114 mutuatos
877 3050 1065 3133 pecuniam
1072 3063 1103 3109 et
1119 3048 1228 3109 iecisse
1283 3098 1294 3113 „

45 3147 181 3214 pactum
201 3136 238 3193 de
256 3149 379 3195 mutuo:
402 3135 455 3193 sed
480 3135 658 3194 reddidisse
675 3157 780 3194 aurum
797 3122 951 3216 Lampidi,
978 3134 1091 3195 famulo
1108 3129 1229 3207 Dionis,
1290 3139 1293 3145 '

47 3212 191 3300 'Bospori
209 3218 301 3278 aiunt.
335 3220 399 3278 Nos
418 3240 490 3277 vero
509 3240 571 3279 non
592 3219 621 3287 id
642 3221 853 3294 ostendemus,
874 3242 936 3280 ιιοιι
955 3205 1124 3280 reddidisse
1144 3240 1229 3278 enm:

53 3304 113 3373 sed
132 3326 172 3364 ne
191 3304 312 3375 licuisse
339 3304 462 3382 quidem
485 3296 635 3364 reddere.
664 3304 806 3364 Necesse
803 3317 915 3365 autem
935 3316 995 3376 est,
1020 3304 1107 3364 vobis
1125 3324 1230 3384 pauca,

59 3409 138 3468 quae
158 3388 222 3447 ab
214 3388 302 3448 mitio
322 3401 385 3448 acta
399 3401 479 3461 sunt,
498 3387 618 3448 narrari.
635 3387 713 3470 Ego,
730 3387 946 3463 Athenienses,
964 3388 1144 3449 Phormioni
1162 3411 1230 3446 mu

58 3473 143 3533 tuavi
161 3473 256 3533 minas
275 3472 384 3556 viginti
402 3474 483 3534 ultro
503 3473 641 3553 citroque
657 3472 692 3533 in
710 3474 854 3574 Pontum,
871 3474 929 3534 alio
949 3485 1073 3553 accepto
1091 3473 1230 3555 pignore,

62 3571 93 3627 et
109 3558 320 3658 syngrapham
346 3559 426 3657 apud
452 3555 566 3618 Cittum
594 3559 804 3658 argentarium
824 3558 970 3640 deposui.
1021 3553 1098 3617 Cum
1125 3564 1230 3637 autem

62 3643 269 3729 syngrapha
261 3644 389 3724 imponi
395 3643 463 3703 navi
490 3665 581 3743 onere
598 3643 703 3744 pretii·
718 3657 826 3724 quater
848 3642 930 3705 mille
957 3642 1192 3742 drachmarum
1182 3664 1231 3701 ιιι-

62 3725 146 3789 beat.
164 3728 280 3788 lacinus
300 3730 392 3788 audet
409 3729 545 3789 omnium
563 3726 796 3808 iniquissimum.
822 3729 934 3795 Statim
954 3729 1034 3789 enim
1053 3728 1085 3788 in
1103 3729 1230 3788 Piraeeo
1293 3753 1298 3757 ·

63 3826 219 3873 mutuatur
235 3814 361 3894 insuper
377 3813 451 3872 clam
478 3812 567 3872 nohis
586 3836 601 3872 a
619 3814 785 3878 Theodoro
803 3804 957 3875 Phoenice
982 3813 1137 3891 drachmas
1157 3834 1231 3892 qua-

63 3898 210 3958 termille
230 3898 421 3980 quingentas,
438 3920 454 3957 a
472 3898 616 3997 Lampide
634 3899 818 3958 naviculario
837 3900 919 3960 mille
940 3882 1102 3959 drachmas
1138 3894 1231 3957 Cum-

65 4003 122 4062 que
142 4004 211 4043 eum
215 3995 388 4083 oporteret
412 3982 605 4042 commercari
624 3983 760 4044 Athenis
779 4005 873 4044 onera
892 3985 980 4045 minis
1000 3997 1122 4043 centum
1141 3982 1231 4063 quin-

54 4068 224 4143 *decim,'s1
241 4068 391 4150 praestare
410 4067 611 4128 creditoribus
625 4082 715 4169 ιιοιι
733 4069 766 4129 in
783 4069 962 4170 syngraphis
980 4068 1144 4149 voluisset.
1167 4072 1248 4136 non*

66 4167 214 4214 mercatus
240 4152 436 4233 estamplius
467 4175 556 4233 quam
583 4153 747 4234 quinquies
771 4155 852 4215 mille
881 4153 1056 4254 quingentis
1075 4152 1232 4255 drachmis

60 4260 133 4299 cum
153 4252 333 4310 commeatu,
351 4237 508 4339 minasque
527 4238 619 4300 dehet
637 4228 827 4324 septuaginta
847 4240 1009 4341 quiesque.
1024 4239 1120 4305 Hoc
1110 4239 1232 4307 mittum

41 4360 45 4365 -
67 4323 135 4399 suit,
150 4324 394 4398 Athenienses,
384 4323 576 4385 miuriarum:
593 4344 695 4406 neque
714 4325 795 4387 enim
813 4325 908 4386 vel'
876 4347 997 4409 pugnus
1007 4324 1168 4406 praestitit,
1183 4322 1231 4399 pel
1311 4361 1316 4383 ι
