2722 4754
334 191 403 251 nn
438 173 600 285 nansi,
627 176 921 276 usuaribus.
1158 201 1217 275 1⁹³
1264 221 1271 295 „¹

70 359 100 422 (ίι
112 347 261 416 oll'ensio.⁴
287 347 314 408 ls
339 358 424 419 nunt
434 348 554 422 ‘devitat
578 346 748 411 occursum·
763 371 883 425 meum,
909 371 945 411 ex
964 371 1026 433 quo
1045 353 1081 413 ad
1092 347 1217 434 Philip:

70 462 127 531 νη(
138 433 292 519 proiectus
307 433 385 508 fuit,
404 446 435 493 et
451 433 550 494 sicubi
568 455 687 494 mecum
704 437 851 517 'congredi
870 456 996 498 necesse
1010 427 1122 512 habet,
1140 439 1216 499 resi·
1294 502 1297 508 ,

52 534 101 595 „ut
112 522 217 594 statim,
241 540 282 593 ne
299 539 332 590 se
351 518 423 599 quis¹
437 542 557 580 mecum
574 520 676 580 videat
694 521 938 600 colloquentem:
975 521 1043 585 eum
1061 524 1216 585 Aeschine

72 628 151 683 ,ptem
168 604 403 684 circumquaque
429 604 496 667 obit
519 604 619 664 sorum
645 618 676 664 et
699 605 848 666 deliberat
872 619 903 666 et
926 610 1099 670 meditatur.
1142 602 1247 673 Per(

73 688 344 772 acerbum-proiecto
366 702 428 765 est,
450 689 673 766 Athenienses,
700 690 924 773 etindignum,
945 693 1069 769 ineos,
1093 682 1149 776 qui
1162 712 1216 756 'co-

73 792 125 863 tue,
134 777 301 857 Philippum
317 775 537 847 instituerunt,
573 777 650 835 adeo
673 775 817 837 excitatos
836 777 901 848 eius
921 777 952 836 in
970 764 1132 860 utramque
1144 768 1216 864 par·
1273 770 1276 779 ⁴

75 891 120 938 tem
135 883 194 925 esse
212 881 336 935 sensus,
361 874 397 920 ut
416 860 545 941 quisque
564 871 666 942 putet,
691 875 835 942 tanquam
854 883 891 922 eo
910 884 1031 944 semper
1047 859 1221 942 assistente,

76 957 104 1022 he
117 951 201 1016 ullum
218 946 342 1026 quidem
361 968 449 1015 suum
468 945 517 1006 hic
535 945 655 1013 sactum
668 949 742 1025 clam
761 949 842 1028 lore,
861 949 915 1007 sed
934 961 965 1008 et
983 949 1094 1010 amicos
1114 941 1234 1012 eristi--¹

27 1040 48 1083 ι’
76 1051 152 1111 ment,
173 1033 224 1114 qui
243 1030 287 1090 illi
305 1031 490 1112 placuerint,
519 1044 551 1092 et
567 1032 708 1106 inimicos
726 1033 882 1095 similiter:
908 1032 945 1093 iis
964 1047 1083 1109 autem,
1108 1036 1162 1116 qui
1180 1038 1218 1096 ad
1261 1110 1263 1112 v
1297 1099 1302 1117 ι

26 1136 29 1141 ·
77 1141 161 1205 ,utum
176 1130 309 1179 vestrum
327 1117 438 1202 vivunt*
453 1130 484 1177 et
501 1117 686 1203 honorem'a
703 1119 790 1185 vobis
809 1122 966 1199 expetunt,
985 1121 1218 1200 eumquenullo

19 1276 21 1283 .
74 1204 256 1289 emolumento
275 1216 495 1268 'commutatum
513 1203 640 1277 volunt,
675 1217 793 1264 tantum
811 1204 966 1266 surditatis
987 1219 1018 1265 et
1036 1219 1152 1267 tantum
1171 1220 1217 1266 te-

42 1369 45 1378 .
77 1299 210 1364 „stratum
235 1312 251 1349 a
274 1289 361 1349 vohis
387 1293 565 1363 occurrere„
592 1302 628 1362 ut
650 1308 708 1372 ego
732 1311 815 1363 nune
837 1311 989 1370 exaequo
1008 1313 1076 1351 cum
1095 1292 1217 1352 nefariis

80 1385 133 1448 istis
151 1375 296 1450 dimicem,
322 1375 415 1454 idqu'e
440 1376 520 1455 apud
541 1396 610 1459 vos,
637 1375 846 1454 quibusnota
869 1389 942 1436 sunt
965 1376 1087 1446 omnia.¹
1116 1377 1218 1439 Vultis

82 1472 249 1555 igitur-nosse
269 1473 301 1520 et
318 1461 425 1520 audire
441 1460 531 1520 huius
547 1461 595 1533 rei
613 1460 881 1529 causami‘Dicam
900 1462 1056 1542 equidem:
1073 1476 1146 1544 peto
1165 1485 1219 1524 au·
1280 1516 1283 1521 ,

81 1572 144 1629 tem,
162 1542 195 1610 ne
220 1546 294 1627 quid
321 1546 436 1605 dicenti
460 1546 535 1606 mihi
559 1567 665 1607 verum
687 1547 900 1607 succenseatis.
941 1546 996 1607 llle
1013 1540 1228 1610 unum'habet

81 1659 167 1722 eorpus
184 1646 211 1695 et
226 1655 323 1693 unum
342 1633 492 1692 animum:
519 1645 585 1697 toto
604 1644 729 1712 pectore
749 1645 779 1692 et
797 1646 876 1693 amat
894 1631 973 1693 bene
991 1629 1034 1695 de⁸
1047 1657 1080 1696 se
1098 1655 1219 1695 meren-

80 1741 118 1790 tes
133 1719 230 1786 etodit
245 1717 442 1778 adversarios.
468 1720 612 1778 Vestrum
631 1731 732 1778 autem
758 1718 873 1800 singuli
893 1719 1046 1801 [primum]
1064 1741 1121 1781 nec
1140 1719 1220 1780 bene

80 1810 204 1873 merentes
221 1805 257 1864 de
275 1803 432 1883 republica
451 1803 530 1863 hene
549 1804 586 1862 de
605 1825 637 1863 se
655 1804 765 1864 mereri
783 1816 907 1884 putant,
929 1826 986 1867 nee
1003 1806 1081 1866 male
1098 1804 1221 1866 meren·

79 1912 135 1959 tes:
149 1893 191 1954 sed
206 1890 258 1950 alia
277 1888 405 1974 singulis
427 1889 533 1971 maiori
552 1911 641 1948 curae
659 1902 742 1963 sunt,
759 1909 814 1969 per
832 1911 908 1969 quae
927 1911 1017 1970 saepe
1035 1880 1221 1951 abducimini

81 1984 115 2044 ab
130 1977 227 2048 officio,
249 1989 286 2036 ut
303 1974 525 2048 misericordia,
551 1974 681 2047 invidia,
704 1975 873 2059 iracundia,
897 1974 1085 2055 supplicibus
1104 1976 1221 2059 gratifia·
1278 2045 1283 2054 ι

82 2067 175 2138 cando,
186 2060 249 2132 ¹aliis
267 2061 360 2121 rebus
380 2060 514 2121 infinitis.
558 2059 634 2119 Nam
652 2072 688 2119 ut
706 2060 763 2119 alia
781 2059 908 2141 effugias
928 2061 1045 2135 omnia,
1063 2081 1220 2141 nunquam

81 2169 163 2215 umen
179 2168 224 2218 eos
243 2147 388 2229 effugies,
411 2146 464 2226 qui
482 2142 636 2206 neminem
653 2145 745 2205 talem
764 2164 830 2206 esse
848 2145 950 2207 velint.
985 2144 1028 2205 At
1045 2145 1245 2229 singulatim:

83 2240 120 2300 ita
132 2233 271 2301 commissa
290 2232 425 2308 delicta,
443 2231 586 2311 paulatim
600 2252 782 2314 progressa,
795 2231 949 2299 ¹universe
967 2232 1223 2292 tandem‘cedunt

82 2324 112 2384 in
128 2316 299 2401 reipublicae
313 2318 550 2399 detrimentum..
581 2318 679 2393 Quale
704 2315 781 2376 nihil
806 2315 898 2376 hodie
916 2316 1004 2386 vobis
1027 2317 1222 2387 committen-
1275 2328 1279 2335 '

29 2442 32 2446 ·
83 2411 143 2470 dum
157 2417 210 2479 est,
236 2403 461 2476 Athenienses,
493 2407 556 2462 nec·
568 2403 771 2463 dimittendus·
786 2400 828 2476 is,
845 2401 915 2482 aqui
932 2402 1026 2467 tantis
1046 2424 1099 2465 vos
1119 2401 1224 2482 affecit

33 2561 35 2565 .
83 2491 201 2554 iniuriis?
221 2491 352 2566 Quaeso*
365 2490 446 2558 enim
464 2501 536 2560 vos,
554 2489 607 2568 qui
625 2491 663 2549 de
681 2488 767 2548 vobis
786 2507 943 2548 sermones
963 2500 1069 2563 erunt,
1086 2488 1113 2549 si
1129 2488 1222 2549 istum

84 2575 237 2663 absolutis?
258 2575 424 2646 *uhthenis
442 2575 534 2658 legati
552 2576 589 2635 ad
607 2575 783 2656 Philippum
800 2572 1079 2656 iterunt'quidam:
1114 2572 1221 2637 Philo·
1244 2579 1302 2635 262

84 2661 364 2737 ,tratemheschinem
382 2661 545 2746 Phrynen,
563 2661 797 2721 Demosthenes.
841 2660 926 2736 Quid
946 2659 1030 2719 tum?
1047 2659 1116 2734 Hic,
1134 2679 1223 2741 prae-

21 2802 24 2807 .
56 2789 60 2792 -
88 2761 198 2828 torquem
213 2749 295 2829 quod
313 2748 390 2806 nihil
404 2769 447 2819 ‚ex
471 2747 623 2830 legatione
642 2747 775 2826 accepit,
808 2745 942 2827 captivos
967 2744 1090 2825 privatis
1116 2743 1224 2805 sumti-

85 2834 133 2913 bus
145 2834 272 2894 redemit:
290 2833 358 2907 ille,
378 2855 435 2914 qua
454 2833 582 2914 pecunia
600 2833 779 2893 vendiderat
796 2831 921 2914 negotia
939 2830 1084 2904 civitatis,
1103 2851 1224 2910 capas-

19 2980 26 2993 ,
85 2917 227 2980 sim·scorta
247 2920 321 2980 emit
340 2932 371 2978 et
384 2920 499 3001 pisces:
519 2932 549 2978 et
566 2919 730 2979 sceleratus
749 2918 800 2977 ille
814 2917 962 3000 Phrynon
981 2916 1079 2976 filium
1096 2917 1133 2976 ad
1151 2915 1236 2976 Phi-¹

85 3003 175 3086 lippum
191 3006 280 3079 misit,
299 3018 460 3086 antequam
478 3004 510 3062 in
529 3003 630 3064 album
647 3005 781 3064 virorum
798 3001 1024 3063 inscriberetur.
1041 3000 1226 3069 Demosthe·
1241 3024 1247 3048 ¹

85 3111 125 3168 nes
140 3090 206 3150 nihil
223 3091 272 3152 vel
289 3091 461 3172 republica,
480 3091 528 3149 vel
547 3111 579 3162 se
597 3091 757 3172 indignum
774 3089 863 3150 iecit:
882 3088 1088 3172 atquelidem,
1108 3110 1176 3148 cum
1196 3098 1227 3146 et
1270 3147 1273 3153 ,

85 3177 223 3239 aedilitates
243 3176 362 3251 obiret,
398 3190 430 3237 et
446 3176 584 3236 triremes
603 3175 786 3249 instrueret,
823 3175 913 3235 etiam
933 3173 988 3233 hos
1007 3187 1124 3235 sumtus
1143 3172 1236 3233 ultro·

81 3261 210 3324 laeiendos
230 3262 429 3337 existimavit,
462 3274 498 3323 ut
514 3262 650 3343 captivos
668 3262 849 3335 redimeret,
880 3282 981 3340 neque
999 3261 1096 3329 ullum
1115 3257 1226 3341 civium
1276 3247 1296 3258 ’

44 3382 48 3391 -
79 3340 184 3431 propter
201 3360 367 3432 egestatem
385 3349 579 3409 in'aerumna
600 3336 665 3415 esse
692 3360 862 3430 pateretur:
897 3346 949 3405 ille
975 3358 1093 3407 tantum
1120 3343 1228 3416 abfuit,

79 3447 106 3495 ut
118 3435 206 3502 ullum
225 3437 263 3496 de
282 3455 339 3495 suo
359 3435 510 3516 captivum
527 3433 712 3507 redimeret,
736 3447 782 3493 ut
798 3447 893 3494 totam
911 3432 1098 3511 provinciam
1117 3443 1148 3492 et
1165 3450 1248 3488 am--·
1288 3503 1290 3509 λ

23 3583 27 3591 „
73 3519 142 3600 plius
164 3520 263 3583 decies
288 3520 371 3580 mille
393 3519 505 3591 milites
529 3518 625 3601 probe
648 3519 823 3592 instructos,
853 3529 883 3577 et
906 3516 997 3576 simul
1019 3517 1123 3598 plures
1144 3513 1228 3581 mille
1277 3584 1280 3589 .

72 3606 215 3686 equitibus
235 3628 252 3668 e
271 3606 383 3666 nostris
402 3606 505 3679 sociis,
522 3619 558 3666 ut
575 3605 684 3687 captivi
701 3605 835 3687 Philippi
853 3603 973 3677 fierent,
991 3603 1114 3662 adiutor
1129 3599 1232 3668 fuerit.

69 3692 143 3767 Quid
165 3693 264 3776 igitur
286 3705 425 3753 secutum
450 3692 517 3754 est?
543 3690 760 3764 Athenienses,
783 3712 851 3751 cum
875 3688 900 3750 is
927 3700 1007 3748 esset
1028 3688 1059 3756 in
1083 3686 1230 3762 iudicium

28 3776 31 3781 ’
66 3778 225 3852 adductus,
250 3777 324 3851 ¹olim
342 3791 460 3839 norant
505 3774 588 3854 Quid
606 3778 730 3838 autern?
754 3774 909 3854 Eos„qui
926 3772 1087 3856 pecuniam
1104 3783 1230 3854 accepe-
1275 3831 1281 3845 Ι

31 3927 32 3930 ,
60 3877 128 3931 rant
153 3877 185 3926 et
202 3882 348 3938 munera,
362 3862 428 3943 ‚qui
453 3863 573 3944 probris
600 3863 764 3924 affecerant
783 3860 978 3940 semetipsos,
1004 3857 1233 3942 rempublicam,

60 3971 131 4012 suos
150 3950 278 4024 liberos,
297 3949 494 4023 dimiserunt:
514 3970 567 4010 eos
585 3963 650 4009 tum
668 3940 791 4030 sapere,
808 3960 874 4010 tum
893 3945 971 4023 bene
990 3957 1089 4010 actum
1107 3942 1145 4009 iri
1163 3961 1232 4006 eum

59 4036 216 4119 republica
241 4048 395 4119 putarunt.
438 4038 485 4096 De
511 4047 690 4097 accusatore
711 4048 812 4095 autem
839 4031 934 4112 quid?
960 4028 1234 4099 Esse-attonitum,

59 4124 204 4207 ignorare
223 4122 382 4207 ingenium
401 4121 547 4195 civitatis,
572 4140 645 4181 -non
663 4120 792 4194 habere,
827 4139 888 4199 quo
907 4135 979 4177 suos
998 4135 1141 4179 nummos
1158 4112 1234 4174 abii-

61 4209 153 4271 ciat»
195 4210 328 4290 Ecquis,
346 4207 567 4283 Athenienses,
593 4207 624 4267 in
643 4205 702 4269 h'oc
722 4203 891 4286 exemplum
910 4201 1050 4276 intuens,
1069 4201 1184 4267 iustum
1202 4220 1236 4259 te

62 4295 211 4378 praehere
232 4295 344 4357 nolet?
378 4294 447 4375 quis
464 4293 556 4376 gratis
582 4294 841 4376 agerelegatum,
866 4285 893 4345 si
916 4304 979 4355 ratic¹
999 4286 1154 4368 accipere,
1179 4291 1237 4367 nec
1265 4289 1302 4355 ‘.

60 4403 156 4465 quam
172 4382 205 4458 ii,
223 4381 279 4465 qui
289 4380 479 4465 acceperint,
497 4379 564 4461 plus
583 4380 663 4471 apud
678 4399 733 4439 ¹uos
751 4373 888 4437 invenire
903 4371 978 4433 lidei
993 4371 1116 4435 ticetitt
1134 4372 1237 4451 Quare
1256 4404 1263 4415 =

986 4467 1034 4535 lb
