2722 4754
1190 66 1195 73 ⁶
1297 66 1300 71 ⁴
1343 73 1354 102 h

203 207 210 214 ·
313 192 582 293 aurursus
619 169 1033 304 anrs'rocnnrnn.
1197 213 1360 305 aorh‘

47 435 50 439 ι
82 360 109 419 is
130 359 215 419 haud
235 358 329 420 dubie
347 361 445 443 legem
463 361 659 422 hancviolat.
694 365 758 425 Nec
777 363 856 425 enim
874 366 1031 446 prolecto,
1050 357 1130 448 ¹quae
1149 369 1258 431 sanciri
1351 380 1356 396 ‘

20 484 23 489 -
81 445 208 526 legibus
234 458 281 506 est
304 447 405 528 nefas,
433 467 466 506 ea
482 447 681 530 inscripsisse
696 448 825 508 decretis
844 452 1045 513 concedetur?
1080 439 1185 516 Recita
1209 458 1287 516 stt-⁸

82 543 234 609 quentem
253 531 368 612 legem,
387 553 445 609 qua
463 531 539 591 istae
557 540 664 593 omnes
682 533 886 593 continentur.
977 584 988 598 ,
1015 579 1018 585 -
1079 538 1087 571 ¹
1160 557 1167 597 ,·
1293 530 1297 538 s

127 652 130 657 ’
216 704 220 711 ι
340 722 346 743 ¹
621 659 641 700 Ia
658 657 678 700 E
694 658 733 702 X.
756 643 793 699 ἰ
984 710 987 715 ,
1200 656 1203 661 ¹
1251 658 1253 662 ,
1281 646 1342 706 ⁴13

141 790 145 795 .
171 744 339 804 Decretum
368 744 486 809 nullum
514 767 614 826 neque
642 746 787 821 senatus,
822 769 922 828 neque
951 751 1059 835 populi
1086 752 1283 816 auctoritati,

85 828 282 915 praeferatur.
315 855 318 860 ·
509 846 512 854 “
639 856 653 901 g
803 830 806 835 ’
995 881 997 885 <
1132 893 1134 897 ,

172 917 312 996 Depone.
338 914 430 975 Brevi
449 914 574 975 oninino
594 928 625 975 et
641 915 722 993 facili
741 917 881 979 oratione-
899 918 973 979 mihi
992 910 1069 1001 opus
1089 943 1154 984 esse
1172 937 1258 1006 puto,

82 1014 120 1060 ut
135 1001 316 1074 ostendam,
339 998 417 1060 hane
435 1021 557 1080 quoque
576 1001 677 1087 legem
694 1002 754 1062 isto
772 998 895 1064 decreto
914 1027 980 1067 esse
998 1006 1146 1067 violatam.
1174 1009 1259 1076 Nam
1302 1079 1305 1085 ,

82 1085 141 1166 qui
160 1085 280 1168 legibus
300 1085 461 1159 omnibus,
478 1107 606 1165 quarum
624 1098 707 1148 tanta
724 1088 889 1149 multitudo
909 1102 964 1164 est,
981 1090 1115 1164 violatis,
1135 1093 1258 1155 decreto
1338 1128 1340 1132 ·

82 1171 242 1253 inscripsit
268 1183 299 1229 et
324 1169 449 1231 inclusit
472 1192 537 1230 rem
563 1172 734 1252 quampiam
758 1173 968 1254 peculiarema
983 1197 1052 1236 eum
1078 1177 1151 1257 quid
1177 1164 1260 1240 ahiud
1294 1193 1300 1196 “
1345 1170 1352 1179 ’

81 1257 187 1318 lacere
213 1257 408 1323 statuendum
435 1269 494 1330 est,
521 1278 611 1336 quarn
628 1259 802 1337 postulare,
827 1260 1041 1322 ut·decretum
1065 1262 1133 1345 lege
1156 1264 1258 1344 potius

76 1341 257 1411 habeatur?
279 1339 450 1408 Ostendam
468 1340 674 1403 autem'uobis
692 1366 788 1417 unum
806 1356 897 1424 atque
914 1338 1042 1405 alterum
1061 1348 1284 1411 senatuscon-‘

87 1428 221 1501 sultum,
237 1425 359 1506 quibus
378 1426 436 1486 viri
455 1427 491 1486 de
509 1425 669 1508 republica
682 1448 754 1487 vere
773 1428 851 1496 bene
869 1429 970 1501 meriti
988 1444 1061 1491 sunt
1079 1421 1196 1508 ornati,
1223 1446 1259 1495 nt
1344 1474 1353 1487 -κ

83 1512 286 1596 intelligatis,
303 1511 392 1571 facile
413 1532 477 1595 esse
497 1533 591 1592 aequa
609 1511 760 1589 scribere,
784 1513 810 1573 si
829 1514 895 1594 qui's
915 1513 954 1574 ob
973 1515 1056 1576 illud
1067 1517 1167 1600 ipsum
1185 1517 1259 1591 scri-

83 1598 170 1675 bat,
189 1610 225 1658 ut
241 1596 334 1657 alicui
349 1597 451 1657 honos
470 1596 632 1671 habeatur,
666 1611 762 1679 utque
782 1599 809 1660 is
829 1597 861 1658 in
879 1601 972 1661 vestri
989 1601 1063 1667 iuris
1082 1598 1270 1663 societatem
1341 1615 1345 1619 ’

82 1683 268 1766 recipiatur,
292 1695 324 1744 et
347 1680 414 1742 non
437 1702 492 1763 per
516 1681 648 1764 speciem
674 1683 787 1757 talium⁴
805 1684 959 1746 honorum
989 1687 1104 1768 aliquid
1127 1687 1260 1768 improbi
1338 1696 1345 1708 “

83 1769 196 1839 conari
221 1781 252 1835 et
272 1768 449 1828 malefacere
468 1769 594 1829 studeat
636 1765 718 1851 Lege
737 1771 996 1833 senatusconsulta
1016 1767 1096 1832 haec.
1141 1773 1201 1832 Sed
1219 1792 1258 1842 ne
1356 1799 1360 1805 ·

85 1854 248 1936 prolixitas
262 1852 492 1914 auscultationis
512 1853 639 1913 molesta
657 1854 743 1914 vobis
763 1865 858 1928 esset,
876 1877 894 1921 e
913 1853 1041 1938 singulm
1060 1845 1257 1919 senatuscon-
1340 1905 1341 1908 ,

83 1938 181 2001 sultis
191 1938 231 2000 td
247 1951 291 2000 est
309 1938 458 2009 electum,
483 1938 515 1996 in
534 1958 595 2016 quo
615 1937 705 2008 istum
724 1958 841 2003 accuso,
883 1940 973 2023 Lege.

273 2052 313 2093 ί
377 2052 921 2117 'ssuuarusconsunr1s.

109 2168 133 2179 ‘·
175 2151 313 2224 Videtis,
331 2141 553 2224 Athenienses,
573 2152 681 2211 eodem
701 2151 792 2209 modo
811 2150 966 2230 scripsisse
985 2170 1099 2212 omnes.
1134 2154 1258 2231 Eadem,
1347 2182 1350 2186 ·

86 2237 207 2318 inquit,
234 2236 382 2296 alliciatur
404 2224 518 2315 poeni,
545 2258 619 2314 qua,
646 2235 671 2296 si
689 2233 910 2302 Atheniensem
934 2235 1104 2296 occidisset
1145 2241 1258 2306 ¹Valere

84 2322 132 2383 illi
148 2333 288 2402 receptas
306 2321 389 2402 leges
407 2320 520 2380 vestras
545 2321 665 2396 sinunt,
695 2320 878 2400 easdemque
896 2319 1156 2402 -magni‘saciunt,
1188 2317 1258 2393 cuin
1338 2310 1341 2317 .

74 2407 292 2485 honorificum!
313 2426 378 2466 esse
398 2405 586 2478 existiment,
613 2405 777 2465 earundem
796 2404 887 2464 alicui
903 2404 951 2465 ius
968 2405 1124 2485 impertiri.
1158 2401 1277 2471 Aliter‘
1352 2457 1355 2461 J

85 2493 304 2564 Aristocrates,
322 2490 452 2571 quibas,
471 2511 655 2570 quoeunque
670 2491 889 2570 modopotest,
906 2491 1083 2551 contemnit
1101 2491 1152 2553 Sic
1166 2482 1259 2568 certe,

85 2578 176 2660 quasi
202 2577 259 2636 hae
284 2563 403 2636 nulliusx
423 2576 513 2657 pretii
529 2575 615 2650 sint,
641 2575 792 2656 peculiare
817 2575 932 2654 aliquid
959 2575 1092 2636 scribere
1116 2577 1260 2652 instituit,
1353 2634 1357 2639 .

87 2660 276 2743 atque‘illud
296 2682 418 2742 quoque
437 2683 565 2734 munus,
583 2682 645 2740 quo
665 2656 1017 2740 civitateCharidemum
1036 2662 1188 2737 donastis,
1207 2685 1259 2724 ex·
1337 2712 1340 2717 .

89 2760 204 2809 tenuat
245 2748 323 2806 Nam
342 2747 395 2826 qui
413 2746 479 2821 sic,
499 2745 584 2824 quasi
606 2765 660 2805 uos
687 2745 715 2804 ei
734 2743 883 2804 >tribuisse
907 2746 971 2803 non
995 2744 1149 2820 contenti,
1172 2748 1259 2827 plura

88 2832 182 2912 etiam
194 2831 352 2904 debeatis,
385 2831 462 2892 illud
480 2842 605 2910 qnoque
623 2829 748 2902 adiecit,
780 2841 923 2910 oportere
941 2830 1101 2909 prouidere
1120 2850 1193 2907 vos,
1220 2843 1261 2896 ut
1319 2879 1323 2884 .

18 2980 21 2995 ‚
87 2918 151 2991 illi,
176 2917 324 2998 quicquid
348 2916 438 2990 libet,
463 2917 588 2996 impune
612 2914 715 2989 liceat:
742 2935 846 2974 nonne
865 2913 901 2972 id
926 2914 1068 2988 molitur,
1094 2917 1177 2994 quod
1201 2937 1259 3000 ego

87 3002 181 3063 dico?
197 3002 414 3082 tNequetvero
432 3001 553 3084 ignoro,
569 3000 790 3074 Athenienses,
808 3001 964 3060 decretum
983 2999 1042 3060 hoc
1059 2999 1177 3083 legibus
1197 3022 1261 3062 non

86 3088 187 3170 palam
207 3108 274 3147 esse
293 3086 495 3157 contrarium,
531 3077 761 3165 haudquaquam
785 3098 979 3144 ostensurum
1005 3105 1072 3144 esse
1089 3085 1260 3146 Aristocra-

90 3187 169 3234 tem:
195 3172 362 3242 sedillud,¹
385 3173 468 3252 quod
487 3183 534 3231 est
548 3169 689 3229 omnium
707 3170 951 3250 iniquissimum,
969 3167 1103 3249 quotis
1121 3183 1188 3231 toto
1208 3170 1260 3231 de-

91 3271 177 3320 creto
203 3268 310 3318 causae
335 3257 480 3316 dicendae
504 3256 536 3321 in
560 3254 614 3315 tali
638 3255 763 3314 crimine
787 3267 969 3335 potestatem
993 3250 1142 3335 nusquam
1168 3255 1261 3330 dedit,
1318 3315 1321 3323 ,

89 3343 246 3425 surripere
270 3343 438 3403 conabitur.
480 3342 528 3400 De
548 3361 609 3419 quo
629 3360 686 3422 ego
705 3340 799 3400 multa
823 3339 899 3398 mihi
921 3339 1013 3400 verba
1036 3360 1101 3418 esse
1125 3340 1266 3415 facienda

91 3447 156 3488 non
181 3441 278 3510 puto,
304 3449 372 3488 cum
399 3427 522 3505 ex'eius
547 3427 670 3484 decreto
698 3425 855 3485 evidenter
878 3424 992 3505 possim
1017 3427 1195 3501 ostendere,
1221 3445 1261 3485 ne

92 3515 193 3595 ipsum
212 3513 339 3594 quidem
360 3511 545 3582 existimare,
563 3510 656 3569 ullam
674 3510 764 3570 huius
782 3509 916 3569 criminis
934 3522 988 3569 r'eo
1008 3511 1071 3571 dari
1090 3532 1197 3571 causae
1215 3509 1262 3569 di-

81 3594 207 3659 cendae
226 3610 417 3679 potestatem.
461 3596 588 3676 Scripsit
605 3595 702 3654 enim:
735 3595 768 3654 si
787 3594 854 3675 quis
873 3595 1021 3667 occiderit
1039 3592 1348 3673 Charidemum,'414

91 3705 163 3744 enm
182 3684 299 3751 abduci·
312 3683 414 3752 liceat:
440 3700 530 3762 quem
549 3682 574 3740 si
593 3681 664 3760 quis'
682 3671 854 3761 eripuerit,
867 3680 930 3739 sive
949 3680 1020 3740 c'ivis
1039 3675 1102 3741 sive
1120 3680 1264 3760 privatus,

90 3769 273 3830 foederibus
292 3768 484 3839 excludatur,
508 3788 587 3840 non,
613 3766 640 3825 si
665 3779 803 3847 ereptum
829 3764 944 3826 iudicio
967 3784 1030 3825 non
1054 3761 1264 3838 stiterit,sed

92 3855 222 3916 omnino
249 3854 358 3915 statim.
401 3852 498 3932 Atqui
523 3851 549 3912 si
573 3872 679 3911 causae
698 3850 863 3917 dictionem
881 3851 1060 3922 daret,„,aut
1077 3852 1182 3911 saltem
1201 3858 1265 3910 non
1293 3904 1294 3908 ,
1329 3861 1332 3871 “

91 3939 235 4001 tolleret:
270 3952 336 4000 tum
360 3959 490 4018 poenam
512 3937 545 3996 in
564 3949 728 3999 assertores
751 3936 922 4010 statuisset,
959 3956 1027 3996 cunr
1053 3957 1138 4008 cunr,
1174 3942 1273 4015 quem

93 4025 296 4106 eripuissent,
320 4023 434 4084 iudicio
453 4043 516 4082 non
542 4022 696 4082 stitissent
739 4017 897 4096 Arbitror,
922 4016 1076 4101 praeterea
1093 4020 1169 4079 illud
1187 4023 1265 4100 quo-

92 4132 156 4191 que
175 4111 328 4191 dicturum
348 4121 383 4168 et*
396 4107 453 4167 hac
469 4121 553 4188 parte
578 4106 689 4169 obnixe
708 4101 847 4168 daturuni
866 4127 1007 4187 operam,
1025 4117 1068 4165 ut
1084 4106 1192 4165 sucum
1209 4111 1265 4164 vol
1305 4118 1307 4122 ’

29 4258 33 4263 ,
92 4196 141 4256 bis
173 4195 281 4256 faciat:
316 4194 435 4254 irritum
467 4213 533 4254 esse
562 4195 733 4267 decretum,
770 4193 853 4272 qnod
873 4191 1182 4253 senatusconsultum
1211 4189 1267 4273 sit:
1288 4241 1303 4247 -

92 4282 195 4364 legem
222 4293 324 4341 autem
336 4279 465 4353 iubere,
492 4278 753 4361 senatusconsulta
768 4299 843 4338 ‘esse
867 4297 981 4337 annua:
1005 4275 1123 4356 itaque,
1147 4272 1269 4336 tametsi

53 4388 59 4401 ·
95 4387 179 4428 nunc
205 4367 272 4447 ipse
298 4364 487 4438 absolvatur,
524 4364 679 4427 decretum
705 4376 805 4424 tamen
840 4364 904 4422 hoc'
924 4361 1001 4423 nihil
1026 4358 1269 4434 incommodam·
1330 4402 1341 4413 .

948 4451 951 4454 ”
983 4450 1067 4520 20*
