2722 4754
109 194 180 287 se
219 200 222 205 ¹
273 283 276 286 J
321 196 323 201 ·
385 160 786 290 ,furnos'r'nnn-ts
817 142 1015 285 onemo
1056 178 1059 189 '

43 386 46 390 ·
135 354 239 429 aliter,
254 365 298 414 'ut
316 352 446 435 opinor,
460 351 528 412 fieri
545 362 672 431 potest,
689 351 763 433 quin
781 350 861 421 bella
878 351 980 412 omnia
999 363 1030 413 et
1046 349 1185 413 triremes
1205 360 1237 409 et
1254 368 1310 429 pe-

136 440 256 501 cuniam
275 450 306 499 et
322 436 389 503 loca
404 436 578 517 requirant.
598 457 674 517 quae
693 437 794 496 omnia
811 457 905 518 penes
923 436 1010 497 illum
1028 435 1200 518 copiosiora
1219 455 1315 513 quam

57 598 59 608 ,
128 525 215 608 apud
233 545 287 585 vos
304 520 433 603 reperio.
439 521 570 621 proelia
587 543 659 583 vero
660 523 761 582 nulla
777 541 810 582 re
828 523 885 583 alia
901 535 1061 604 tantopere
1079 521 1169 582 video
1188 519 1313 601 indige·
1317 531 1320 534 ’

136 633 187 684 te,
204 622 240 670 ut
256 607 434 670 sortibus
405 607 494 668 viris:
519 627 596 702 quos
621 607 724 689 plures
748 607 834 668 vobis
862 619 894 666 et
912 607 965 681 iis,
985 608 1039 687 qui
1065 606 1223 668 vobiscum
1250 603 1313 664 boc

51 764 59 774 N
138 692 314 784 periculum
324 692 497 766 adibunt,
494 694 560 752 ess'e
579 693 725 757 existimo.
760 691 880 758 Bellum
905 692 1015 775 igitur,
1041 692 1124 752 bisce
1144 692 1182 750 de
1202 688 1313 763 causis,

138 799 279 859 mopeo,
293 799 332 838 ne
349 778 412 838 ulla
436 776 555 840 ratione
579 778 713 859 priores
723 777 909 859 suscipiatis:
936 779 975 838 ad
994 777 1156 877 proelium
1164 796 1238 837 vero
1256 781 1338 836 uos'

137 877 221 927 recte
238 864 404 924 instructos
422 883 491 923 esse
506 875 649 944 oportere
660 863 745 924 dico
768 862 901 938 Quodsi
914 861 975 922 alia
991 863 1069 923 ratio
1089 863 1245 943 copia'rum
1265 881 1313 920 es-

129 948 332 1051 1eet,quibus
348 947 473 1009 Barbari
490 950 756 1037 propulsarentur,
775 946 847 1022 alia,
867 947 976 1032 quibus
996 948 1120 1008 Graeci:
1140 944 1313 1048 deprehen·
1321 958 1327 962 ’

139 1059 208 1113 sum
225 1035 263 1096 in
254 1034 409 1094 fortasse
427 1045 664 1120 consentaneum
683 1045 772 1106 esset,
790 1053 847 1093 nos
867 1045 972 1093 contra
984 1032 1098 1093 111ιιιι’
1089 1032 1207 1092 instrui
1234 1027 1326 1090 Cum'

107 1135 243 1183 autem
262 1119 360 1180 omnis
378 1109 596 1180 instructionis
613 1119 692 1180 ratio
711 1118 751 1179 sit
769 1114 890 1193 eadem,
917 1131 948 1177 et
965 1118 1069 1179 eadem
1088 1129 1230 1199 oporteat
1248 1135 1313 1176 esse

58 1215 118 1274 116
137 1207 239 1291 capita
257 1205 428 1286 copiarum,
446 1215 482 1262 ut
499 1203 603 1265 hostes
596 1204 731 1299 repelli
745 1202 879 1286 possint,
896 1215 933 1262 ut
949 1204 1025 1263 socii
1043 1204 1261 1276 defendantur,
1278 1211 1315 1261 ut

143 1303 217 1378 opes
236 1303 358 1353 nostrae
383 1301 617 1355 conserventur:
643 1290 733 1371 quid,
759 1311 855 1368 quum
879 1287 1073 1388 babeamus,
1085 1288 1189 1369 quise
1208 1287 1332 1350 hostes¹

128 1398 209 1455 ,esse
229 1375 373 1450 latentur,
392 1374 468 1436 alios
472 1375 710 1466 quaeritamus?
728 1394 762 1437 ac
773 1391 843 1434 ιιοιι
858 1373 961 1474 potius
981 1386 1012 1435 et
1028 1373 1172 1434 adversus
1190 1371 1275 1432 bos
1265 1393 1314 1430 ιιι-

89 1513 92 1519 .
143 1462 290 1526 struimur
315 1472 346 1530 et
370 1437 486 1520 illum
482 1481 606 1540 quoque
631 1460 821 1533 ulciscimur,
852 1459 877 1520 si
903 1458 1016 1520 violare
1043 1480 1100 1520 nos
1125 1447 1336 1545 instituenti,

43 1624 48 1632 Ι
142 1547 235 1631 Agite
253 1567 344 1619 vero,
370 1545 504 1607 Graecos
522 1568 605 1606 nunc
621 1547 660 1607 ad
677 1558 731 1607 vos
748 1545 904 1606 arcessite:
929 1558 960 1604 at
977 1544 1019 1619 si,
1037 1565 1115 1625 quae
1133 1544 1178 1603 illi
1192 1534 1319 1616 iubent,

107 1693 110 1699 ,
144 1655 208 1695 non
226 1632 342 1706 sacitis,
367 1652 436 1692 cum
437 1626 576 1720 quidam
601 1653 664 1692 non
684 1631 798 1713 optime
815 1630 902 1691 vobis
921 1629 1060 1712 cupiant,
1088 1642 1172 1691 estne
1185 1648 1315 1729 speran-

65 1734 71 1747 ⁴
144 1720 235 1792 dum,
254 1728 436 1796 quemquam
454 1737 519 1776 esse
539 1717 848 1817 obtemperaturum?
865 1715 961 1790 Quia,
985 1736 1034 1781 me
1054 1715 1121 1775 dius
1139 1708 1272 1794 fidius,
1260 1735 1315 1774 au-

100 1808 108 1818 ‘
145 1804 241 1864 dient
247 1823 264 1861 a
281 1801 396 1875 nobis,
406 1803 529 1884 Regem
532 1801 725 1866 Persarum
716 1804 788 1882 apsis
807 1800 980 1913 insidiari,
971 1821 1053 1882 rpsos
1071 1821 1143 1862 vero
1161 1821 1225 1860 non
1242 1819 1316 1880 pro-

143 1887 295 1971 spicere?
302 1889 385 1946 Itane
393 1906 468 1961 vos,
480 1886 619 1974 obsecro,
636 1886 770 1977 putatis?
786 1886 865 1969 Ego
870 1905 944 1948 vero
963 1885 1080 1967 opinor.
1096 1886 1159 1946 Sed
1177 1885 1318 1944 nondum

146 1973 243 2034 maior
260 1972 285 2032 is
303 1983 401 2032 metus
421 1983 477 2046 est,
495 1993 585 2051 quam
603 1960 827 2034 dissensionum
845 1993 916 2056 erga
932 1992 987 2032 vos
1002 1984 1033 2031 et
1047 1968 1278 2052 quorumdam
1269 1990 1318 2028 m·
1349 2016 1351 2020 ι

145 2072 194 2128 ter
211 2079 251 2118 se
278 2056 390 2117 Nihil
377 2057 476 2138 agitur
492 2057 691 2138 al1ud,quam
709 2058 813 2118 nescio
833 2080 923 2138 quam
941 2056 1121 2118 cantilenam
1139 2055 1252 2138 passim
1269 2074 1319 2115 ca-

143 2156 224 2226 vnent
240 2142 333 2225 legati
350 2141 455 2223 nostri
485 2143 563 2202 Tum
582 2156 693 2216 autem,
712 2165 738 2204 ιι
728 2141 845 2243 forte,
863 2161 940 2223 quae
959 2163 1023 2207 nos
1035 2143 1128 2202 modo
1148 2161 1320 2213 censemus,
1354 2172 1355 2179 ι

69 2297 71 2301 ,
148 2227 259 2327 agetis,
278 2248 370 2288 nemo
389 2214 577 2302 Graecorum
601 2228 739 2289 omnium
756 2228 797 2288 ita
815 2227 911 2290 fretus
930 2227 994 2288 erit
1004 2226 1081 2288 suis
1086 2227 1214 2308 opibus,
1232 2224 1324 2306 quin,

89 2377 95 2385 ,
141 2313 203 2374 ubi
220 2311 345 2386 viderit,
368 2311 454 2377 vobis
479 2326 639 2399 praesto
627 2333 692 2374 esse
711 2326 741 2375 et
763 2313 846 2373 mille
870 2313 986 2394 equites
1006 2325 1037 2372 et
1043 2313 1215 2395 legiones,
1242 2320 1322 2390 quot

144 2396 268 2496 uoletis,
287 2410 318 2480 et
335 2417 425 2458 naves
443 2409 608 2473 trecentas,
626 2411 772 2461 venturus
791 2411 822 2460 et
838 2396 1061 2481 supplicaturus
1080 2399 1136 2458 sit:
1154 2397 1213 2456 illis
1231 2395 1321 2456 adiu·
1325 2454 1327 2458 ,
1350 2427 1353 2434 1

69 2485 76 2495 '
151 2469 272 2544 turibius
297 2481 422 2542 minimo
441 2503 474 2542 se
492 2503 561 2544 cum
586 2484 724 2566 periculo
749 2483 934 2563 incolumem
952 2504 1111 2544 evasurum
1134 2471 1321 2544 existimans.

149 2566 326 2630 Proinde
302 2589 328 2628 ιι
346 2568 406 2628 iam
430 2568 604 2643 arcessetis,
626 2569 794 2650 supplices.
820 2570 846 2629 si
863 2590 927 2629 non
944 2569 1166 2642 auscultarint,
1182 2565 1323 2628 frustrati

151 2652 244 2715 eritis·
261 2652 344 2712 Sin
334 2653 393 2735 apsi
410 2653 517 2713 ve'stris
530 2653 634 2735 copiis
650 2654 804 2716 instructis
823 2654 1024 2729 cunctemini,
1028 2653 1193 2735 supplices
1211 2652 1321 2712 defen-

91 2740 109 2810 s
151 2739 239 2813 detis,
258 2758 358 2817 neque
377 2736 503 2809 dubium
516 2751 578 2813 est,
596 2738 677 2820 quin
688 2761 793 2800 omnes
811 2740 848 2801 ad
866 2760 921 2799 vos
935 2739 1059 2800 venturi
1077 2740 1145 2814 sint
1174 2737 1269 2839 11ςο
1260 2735 1322 2818 rgi-

60 2880 65 2887 ,
105 2823 134 2836 “”
150 2836 212 2898 tur,
229 2803 450 2898 Athenienses,
468 2829 499 2884 et
515 2823 589 2884 baec
608 2824 704 2885 ethis
721 2825 830 2886 similia
846 2836 1039 2925 reputans,
1018 2805 1131 2885 nullam
1150 2823 1322 2884 orationem

153 2909 366 2979 confidentem
376 2918 428 2967 aut
451 2925 558 2970 vanae
566 2908 746 2991 prolixitatis
772 2910 946 2991 exquirere
933 2909 1049 2970 volui:
1075 2911 1146 2983 sed,
1172 2929 1323 2988 quaenam

151 2993 230 3070 ratio
255 2991 464 3055 instructionis
488 3006 532 3059 et
544 2994 657 3075 optima
669 3007 706 3055 et
731 2994 953 3096 expeditissima
979 3007 1075 3069 esset,
1100 2993 1323 3063 considerando

102 3112 104 3114 ·
126 3103 129 3109 ·
152 3079 199 3141 tui
216 3078 412 3139 vehementer
428 3091 601 3160 occupatus.
635 3080 744 3140 Puto
735 3082 844 3164 agitur,
869 3081 956 3141 vobis
976 3099 1058 3155 eam,
1077 3081 1103 3140 si
1122 3093 1153 3140 et
1170 3079 1273 3139 audita
1292 3089 1325 3138 ct

153 3160 280 3265 probata
297 3163 421 3237 fuerit,
426 3181 492 3226 esse
510 3146 737 3226 decernendam.
771 3166 905 3227 Prima
896 3180 999 3246 rtaque
1018 3178 1049 3226 et
1065 3165 1191 3226 maiima
1209 3165 1324 3223 instru-

96 3301 103 3310 ,
125 3266 130 3272 ’
151 3248 266 3311 ctionis
284 3270 362 3330 pars,
379 3248 593 3325 Athenienses,
611 3248 685 3311 haec
703 3263 766 3324 est,
782 3264 818 3312 ut
836 3251 965 3333 quisque
983 3253 1065 3318 ultro
1084 3251 1221 3311 alacriter
1239 3245 1325 3309 omni

46 3376 52 3385 -
71 3351 72 3354 ’
92 3378 93 3381 ¹
155 3333 259 3397 officio
276 3333 364 3416 fungi
381 3333 461 3395 velit
483 3335 562 3396 lllud
580 3336 660 3397 enim
678 3335 798 3411 videtis,
815 3336 1029 3411 Athenienses,
1047 3355 1246 3416 quaecunqqe
1263 3353 1324 3394 un-

155 3441 246 3500 quarn
263 3416 399 3481 universi
415 3439 468 3481 vos
487 3415 635 3495 voluistis,
654 3434 685 3483 et
701 3436 817 3501 postea,
835 3423 963 3502 quisque
975 3443 1037 3509 pro
1056 3439 1099 3495 sc,
1116 3420 1249 3503 gerenda
1266 3440 1326 3498 pu-

155 3502 263 3578 tastis,
269 3523 376 3565 eorum
392 3525 446 3565 vos
465 3504 551 3569 nibil
559 3528 694 3608 unquam
712 3507 863 3590 effugisse
891 3502 978 3583 Quae
996 3528 1068 3569 vero
1087 3505 1237 3606 voluistis,
1254 3515 1328 3585 post

51 3661 53 3666 Ι
142 3601 259 3650 Λιιιιειιι
276 3589 352 3650 alius
370 3587 462 3657 alium
478 3591 671 3672 respexistis,
695 3604 838 3673 tanquam
856 3586 920 3673 ipse
939 3592 1032 3666 nihil,
1050 3592 1205 3674 proximus
1225 3587 1328 3649 omnia

53 3751 64 3762 χ
113 3689 118 3695 ’
146 3672 292 3740 ¹facturus
309 3687 410 3774 esset:
434 3673 465 3734 in
485 3675 521 3735 iis
539 3676 615 3736 nihil
639 3688 782 3758 umquam
807 3677 1007 3759 promovistis
1043 3676 1179 3753 Quod
1155 3699 1197 3736 s1
1206 3695 1261 3734 vos
1285 3672 1329 3732 ita

159 3759 243 3819 eritis
268 3759 392 3819 anim-ati
416 3772 507 3840 atque
533 3761 667 3836 incitati,
692 3785 852 3823 numerum
878 3762 960 3824 mille
980 3776 1011 3822 et
1036 3764 1239 3829 ducentorum
1258 3757 1328 3819 dico

159 3864 225 3904 esse
244 3832 469 3927 complendum,
487 3856 518 3905 ct
535 3847 718 3947 octingentis
736 3848 885 3909 adiunctis
904 3847 949 3909 bis
969 3848 1050 3907 mille
1067 3847 1232 3907 faciendos.
1251 3844 1328 3903 Nam

128 3946 185 3989 ιι
175 3928 285 3999 bunc
302 3949 462 3990 numerum
481 3930 723 4014 designaveritis:
743 3933 899 4007 existimo,
916 3932 1101 4032 virginibus,
1121 3932 1203 3991 orbis
1222 3939 1273 3989 et
1271 3950 1328 4008 pu-

159 4013 252 4116 pillis
260 4028 291 4075 et
316 4014 348 4074 in
372 4013 507 4075 colonias
526 4016 660 4081 abituris
682 4031 713 4078 et
737 4018 932 4079 societatibus
957 4017 1065 4078 demtis
1093 4017 1227 4105 itemque
1252 4013 1330 4086 aliis,

159 4098 254 4201 siqui
272 4113 344 4160 sunt
360 4100 527 4174 tenuiores,
538 4115 663 4203 praesto
682 4104 782 4164 futura
796 4103 882 4164 vobis
902 4109 1029 4184 corpora
1047 4102 1131 4162 mille
1146 4115 1177 4162 et
1190 4102 1329 4161 ducenta.

78 4192 135 4250 117
160 4185 206 4246 Ex
223 4182 298 4246 his
288 4187 383 4268 agitur
400 4186 507 4247 classes
525 4186 633 4280 viginti
650 4207 761 4248 censeo
780 4189 989 4271 designandas,
1006 4200 1041 4247 ut
1056 4210 1137 4247 stunc
1154 4199 1236 4258 sunt,
1254 4203 1330 4264 qna-

106 4336 109 4342 ,
158 4291 227 4332 rum
244 4270 382 4352 singulae
399 4291 546 4354 sexagena
573 4292 700 4352 corpora
725 4272 1164 4354 continearrt.Earun1·porro
1189 4271 1332 4331 classium

158 4355 320 4441 singulas
311 4379 343 4417 ιιι
362 4355 480 4436 quinas
486 4355 580 4418 dividi
588 4369 696 4439 partes
714 4357 805 4419 iubeo
824 4358 1107 4435 duodenarias,
1083 4381 1141 4473 stc,
1160 4370 1194 4417 ut
1212 4353 1331 4416 tenuis-
