2722 4754
141 177 297 279 'ursa
375 146 1070 299 ·ῗίιιίιοιιιιιιιιιιζοιιιιιιι
1132 258 1134 263 ,
1202 180 1204 184 ”
1255 273 1307 281 Ν,

83 414 86 420 ,
147 364 203 438 aut
217 353 284 413 iure
303 351 421 412 dieitur.
464 349 590 411 Nam
564 373 591 411 ιι
610 351 677 434 quis
694 373 728 413 re
746 353 827 414 lauta
847 343 977 417 estsine
996 351 1105 414 iniuria
1121 350 1325 436 reipublicae,

97 477 100 481 ·
145 432 212 499 ‘uon
230 437 369 518 proiecto
389 449 435 498 est
446 437 497 496 illi
514 434 730 502 invidendums
758 440 805 498 sin
822 439 978 520 peculatus
997 454 1147 523 arguunt,
1174 453 1228 500 aut
1245 439 1324 500 alio-

148 524 205 606 qui
220 523 339 583 crimini
331 524 447 598 dant,
472 544 536 583 uon
554 536 647 583 recte·
656 537 687 584 et
704 525 770 587 iure
777 525 969 635 possidere,
988 545 1065 606 quae
1083 525 1210 598 habeat,
1236 507 1324 607 leges

147 613 235 682 subt,
256 608 406 689 quibus
397 630 429 668 ιιι
450 607 519 668 euni
537 608 736 669 animadverti
749 611 904 670 cdnvenit
930 633 1048 691 quam
1042 610 1093 670 isti
1116 611 1272 672 rationem
1298 609 1325 668 si

147 694 371 776 defugerim,
363 707 419 754 rsta
438 694 577 754 oratione
594 695 640 754 uti
658 696 904 764 nondebebuut.
930 699 1001 755 ¹lam
1020 696 1104 776 quod
1123 697 1160 755 ad
1179 696 1258 755 illud
1277 707 1324 754 at-

109 823 113 829 ·
146 780 226 841 tinet
244 779 447 839 deexhausto
465 780 600 852 aerario,
627 780 760 862 cogitare
780 781 915 854 debetis,
940 803 993 842 vos
1013 782 1112 842 nihilo
1129 781 1326 862 copiosiores

99 923 101 927 ,
145 866 213 926 lore
232 848 383 948 abrogatis
403 865 659 924 immunitatibus:
682 886 758 927 non
785 866 864 926 enirn
890 866 949 926 ιιιι
964 880 1081 926 sumtus
1101 889 1169 926 eum
1188 865 1325 947 publicis

80 1017 86 1039 ι
145 951 344 1034 vectigalibus
363 971 524 1011 commune
544 949 705 1029 quicquam
723 948 843 1011 habent
886 953 1045 1013 Praeterea
1066 976 1136 1012 cum
1153 975 1237 1017 nunc
1255 973 1322 1012 res

144 1037 266 1121 publica
284 1037 404 1099 duobus
423 1035 584 1116 praecipue
604 1035 692 1094 bonis
711 1035 842 1110 floreat,
848 1030 955 1133 opibus
974 1050 1008 1098 et
1021 1040 1081 1098 fide
1096 1039 1181 1138 apud
1195 1059 1319 1101 omnesr

137 1123 241 1185 *tnaius
260 1123 335 1181 illud
351 1135 421 1222 est,
438 1120 521 1200 quod
540 1121 578 1179 de
596 1121 657 1180 fide
676 1135 780 1182 nostra
798 1126 888 1183 nemo'
908 1124 1033 1184 dubitat
1076 1124 1108 1183 si
1128 1124 1197 1203 quis
1216 1135 1316 1185 autem

144 1211 177 1270 in
196 1231 230 1269 ea
249 1221 296 1268 est
314 1208 478 1288 opinione,
502 1218 539 1264 ut
557 1205 726 1281 existimet,
746 1209 815 1308 quia
833 1209 965 1289 pecunia
981 1210 1069 1270 nobis
1090 1210 1186 1281 desit,
1213 1221 1246 1267 et
1262 1197 1315 1266 lto-

145 1309 262 1363 nestam
281 1295 389 1353 famam
409 1313 478 1354 esse
492 1291 765 1375 negligendams
756 1317 781 1354 ιι
800 1293 892 1376 longe
910 1294 1033 1355 fallitur.
1051 1320 1052 1325 ¹
1076 1296 1152 1354 Nam
1171 1309 1231 1377 ego
1252 1292 1353 1372 qui-

95 1426 99 1431 .
146 1382 215 1442 dem
234 1401 250 1440 a
269 1379 338 1439 diis
344 1377 565 1439 immortalibus
584 1396 702 1458 precor,
720 1392 756 1438 ut
775 1380 863 1439 etiam
882 1381 1029 1439 aerarium
1048 1379 1214 1441 habeamus
1232 1379 1316 1447 locu

36 1482 44 1530 5
135 1468 234 1557 ples:
255 1467 337 1544 quod
355 1487 382 1524 ιι
373 1463 466 1523 fieri
485 1463 610 1543 nequit,
636 1464 711 1524 rllud
729 1465 835 1525 saltem
853 1466 1054 1540 retineamus,
1070 1480 1115 1527 ut
1132 1467 1225 1526 fidem
1245 1484 1335 1524 cun¹

55 1624 59 1629 ⁴
143 1548 346 1630 stantiamque
365 1562 501 1617 nostram
518 1550 695 1630 praedicent
712 1549 854 1611 universi
897 1551 966 1639 Age
983 1574 1085 1640 vero,
1100 1551 1212 1632 quod
1203 1549 1256 1610 asti
1261 1550 1316 1610 di-

69 1661 73 1673 ·
145 1650 234 1709 ειιιιι,
259 1648 381 1718 magnas
400 1656 466 1696 esse
485 1635 586 1718 copias
607 1657 730 1708 eorum,
750 1638 815 1722 qui
820 1636 970 1697 immunes
989 1633 1065 1697 sint:
1094 1637 1174 1696 has'
1165 1657 1246 1718 ipsas
1265 1624 1317 1698 de-

137 1726 349 1784 'inonstremus
372 1721 407 1781 ιιι
433 1722 628 1781 commodum
654 1723 761 1782 cedere
787 1712 981 1803 reipublicae
1030 1724 1094 1783 Nec
1122 1723 1205 1782 enim
1230 1721 1316 1781 uobis

54 1870 57 1875 ,
144 1810 285 1892 ignotum
305 1820 369 1882 est,
384 1807 484 1868 teneri
502 1829 606 1868 omnes
625 1808 711 1868 etad
729 1794 868 1871 triremes
887 1809 1092 1869 instruendas
1099 1809 1185 1885 etad
1203 1806 1322 1871 tributa

144 1894 218 1956 belli
234 1851 425 1995 temporibus
443 1894 643 1967 conferenda,
667 1914 725 1978 nec
742 1893 881 1953 ullam'
854 1915 918 1954 erus
930 1916 1005 1954 esse
1022 1896 1068 1954 rei
1086 1894 1318 1954 immunitatem.

116 2028 118 2033 .
144 1980 276 2058 Quare
266 1994 324 2040 rste
344 1980 463 2061 opibus
470 1979 644 2052 abundans,
671 1968 817 2059 quisquis
831 1979 887 2054 s'it,
914 1981 990 2039 fieri
1000 1980 1127 2041 omnino
1145 1980 1236 2041 aliter
1252 1983 1328 2039 non'

143 2079 264 2167 potest,
290 2067 364 2146 quin
382 2065 513 2124 multum
531 2066 568 2124 ad
588 2086 636 2125 eas
654 2085 704 2138 res
723 2067 866 2125 conferat
910 2066 984 2127 Esse
1010 2079 1110 2126 autem
1128 2063 1319 2147 reipublicae

43 2162 67 2180 “’
144 2153 272 2214 maxima
301 2150 407 2211 barum
436 2172 561 2209 rerum·
556 2150 700 2210 subsidia
726 2151 923 2225 necessaria,-
943 2153 1174 2249 cpnfitebuntur
1201 2170 1320 2210 omnes.

96 2264 111 2285 *-
142 2239 221 2301 Nam
240 2259 317 2338 quae
337 2258 373 2299 ex
390 2236 599 2318 apparatione
609 2236 801 2317 popularium
827 2225 1003 2298 munerur'n
1007 2238 1147 2339 delipitio
1165 2248 1322 2318 spectato-

29 2311 31 2316 *
108 2332 110 2335 ’
143 2332 212 2386 runt
232 2324 346 2396 oritur,
364 2322 401 2382 ad
419 2322 512 2382 breve
531 2321 736 2404 exiguumque
752 2322 872 2404 tempus
892 2325 995 2385 durat:
1014 2324 1118 2405 copiae
1136 2345 1221 2383 vero
1230 2317 1323 2381 belli-

40 2587 43 2594 ’
144 2581 272 2643 honoris
290 2580 423 2661 speciem
441 2600 476 2638 ea
499 2567 683 2663 tribuitis,
678 2600 800 2659 quaeu

91 2424 94 2429 '
145 2426 198 2472 cae
222 2420 371 2491 perpetuo
396 2408 455 2467 toti
478 2407 664 2488 reipublicae
689 2421 761 2468 sunt
785 2409 937 2469 salutares
981 2411 1086 2484 Quare
1103 2408 1253 2490 quiequid
1273 2405 1323 2465 bic

94 2497 96 2502 ’
145 2495 320 2557 detrimenti
324 2493 482 2578 eapitis,
493 2493 529 2552 id
548 2492 610 2553 illi'c
636 2495 722 2553 luero
747 2494 839 2553 louve
857 2492 1006 2571 uberiore
1019 2508 1183 2576 pensatur.
1210 2506 1244 2553 et
1267 2512 1325 2572 per

780 2540 862 2640 ullro
888 2580 946 2640 sibi
962 2602 1091 2642 sumere
1117 2603 1151 2639 ac
1170 2582 1323 2658 usurpare

57 2669 59 2673 ’
142 2679 275 2750 possunt
292 2666 341 2739 hi,
360 2686 491 2746 quorum
508 2678 610 2725 tantae
624 2665 783 2726 facultates
802 2679 890 2739 sunt,
903 2674 955 2725 ιιι
968 2665 1171 2726 triremibus
1162 2677 1323 2735 instruen-

118 2802 120 2807 .
138 2754 201 2817 ιιιι
210 2773 297 2835 pares
315 2753 383 2811 sint.
410 2753 453 2811 Ut
471 2764 572 2810 autem
590 2752 643 2813 illo
664 2772 789 2811 munere
808 2764 929 2811 constet
945 2773 1050 2812 uacare
1069 2751 1244 2822 neminem,
1263 2746 1322 2808 etsi

143 2840 308 2920 plerosque
326 2826 460 2898 restrum
478 2838 509 2896 id
528 2834 615 2897 antea
634 2837 704 2898 satis
723 2837 800 2897 scire
819 2838 966 2913 arbitror,
983 2851 1084 2899 tamen
1103 2838 1200 2918 ipsam
1219 2835 1319 2924 legem

127 2915 330 2984 'recitandam
349 2922 469 2983 curabo.
513 2919 594 3005 Cape
613 2923 712 3006 legem
730 2921 954 3010 trierarchi'cam
967 2938 1004 3033 et
1022 2923 1122 2984 recita.

539 3076 714 3120 VERBA
757 3075 928 3119 LEGIS.

232 3164 375 3243 sriremis
395 3179 590 3240 instruendae
608 3200 700 3238 nemo
720 3179 759 3240 sit
777 3181 937 3288 immunis,
959 3152 1153 3241 Novemuiris
1172 3178 1323 3261 duntaxat

145 3265 296 3382 ιιιιιιιιιιι.Ι
633 3310 635 3315 .
926 3310 929 3315 .

231 3350 368 3424 Videtis,
386 3349 619 3424 Athenienses,
631 3374 720 3430 qnam
738 3351 921 3452 perspicuis
923 3351 1022 3410 verbis
1042 3349 1109 3432 lege
1123 3349 1168 3408 sit
1185 3359 1319 3418 cautum,

128 3457 184 3513 ne
200 3437 268 3536 quis
287 3436 533 3497 instruendamm
551 3437 729 3527 triremium
740 3438 882 3497 immunis
897 3437 946 3538 sit,
964 3434 1154 3496 Novemviris
1174 3434 1320 3493 duntaxat

143 3521 285 3603 exceptis.
308 3524 397 3582 Unde
416 3534 549 3603 apparet,
568 3545 699 3602 ιιιιοιιιιιι
718 3545 815 3623 opes
811 3537 842 3582 et
859 3523 964 3604 copiae
983 3522 1116 3581 minores
1136 3519 1208 3592 s'int,
1228 3539 1319 3596 quam

49 3616 54 3625 *
144 3620 181 3667 ut
198 3609 346 3668 armandis
365 3609 490 3668 navibus
510 3608 572 3668 siut
589 3631 686 3689 pares,
705 3632 758 3669 eos
777 3596 891 3689 alioqui
910 3609 1023 3669 tributa
1036 3605 1178 3666 conferre
1198 3604 1235 3663 ad
1253 3601 1318 3662 bel-

59 3730 64 3741 ·
101 3760 105 3769 x
144 3693 224 3753 lum:
244 3694 296 3773 qui
314 3715 386 3753 vcro
401 3695 645 3777 locupletiores
643 3709 731 3767 sunt,
751 3697 787 3755 ad
805 3693 1076 3774 utrumqnevobis
1095 3693 1161 3751 lore
1180 3689 1270 3760 usui,
1290 3700 1329 3746 et·

143 3780 362 3881 rempublicam
381 3802 449 3840 cum
469 3779 611 3852 navibus,
629 3794 694 3840 tum
713 3782 778 3840 ιΙιιι
797 3781 919 3840 ιιιιιιιιιι
939 3780 1104 3840 ιιιιιιιιιιοι.
1140 3778 1229 3865 Quae
1248 3786 1321 3833 sunt

143 3866 256 3948 igitur,
282 3866 424 3948 Leptine,
448 3865 527 3949 legis
551 3878 622 3926 tuae
647 3866 894 3951 commoditates,
920 3866 1030 3967 quibus
1054 3862 1173 3924 tantuin
1199 3881 1280 3926 onus
1305 3882 1321 3918 a

135 3951 329 4012 vcervicibus
327 3952 516 4012 tenuiorum
541 3952 676 4013 amoliri
684 3966 715 4013 te
742 3953 929 4026 dictitas,
904 3976 929 4027 ιι
955 3952 1047 4011 ιιιιιιιι
1074 3963 1166 4029 atque
1193 3944 1321 4007 alterius

56 4106 64 4113 .
142 4036 241 4097 tribus
259 4058 356 4113 unum
375 4038 514 4121 aliquem
525 4034 729 4119 praebitorem
750 4038 962 4110 constitueris,
989 4039 1059 4118 qui,
1084 4057 1141 4117 pro
1160 4016 1222 4093 alio
1241 4052 1331 4111 quo-

144 4123 225 4206 piam
244 4107 344 4184 semel
356 4122 492 4186 aedilitio
511 4146 638 4184 munere
656 4125 795 4195 functus,
828 4123 905 4184 nihil
924 4123 1052 4212 amplius
1066 4143 1141 4182 cum
1160 4141 1194 4178 ea
1212 4137 1247 4176 re
1267 4138 1324 4177 ne-

98 4267 102 4271 .
144 4209 222 4310 ςοιιι
241 4208 400 4271 habiturus
419 4212 483 4272 esti
497 4210 657 4309 Equidem
675 4210 753 4268 nihil
772 4206 1037 4269 ειιιιιιιοιιιιίιιιο
1065 4206 1133 4268 At
1125 4218 1180 4264 ista
1199 4202 1325 4261 ratione

29 4350 32 4357 .
143 4295 285 4356 universa
313 4295 416 4356 civitas
441 4288 586 4380 perfidiae
612 4294 739 4355 crimine
765 4295 970 4379 ignominiose
991 4294 1131 4397 passim
1133 4290 1326 4355 traducetur.

65 4443 86 4459 ,,
145 4381 228 4442 Haec
252 4404 320 4444 cum
345 4383 387 4444 ita
408 4382 482 4444 'sint
495 4394 532 4443 et
550 4401 601 4442 ex·
606 4377 667 4476 ιιιιι
691 4382 759 4466 lege
783 4382 851 4464 plus
875 4380 1044 4443 malorum
1041 4381 1167 4507 quem
1163 4374 1348 4441 commodi

652 4518 658 4547 l
