2722 4754
238 228 245 243 ,
320 140 1000 267 'unua-usass-nneauiurtn
1079 182 1081 187 ·
1161 197 1229 261 ιιι

80 363 134 411 tom
144 355 218 404 certe
228 340 325 403 abest.
339 341 392 403 sed
402 292 499 401 tribus
510 343 665 409 mensibus
676 359 805 426 peregre
813 343 968 416 absumtis,
984 344 1226 413 etmilledracb
1281 350 1287 355 ”

81 435 128 497 m'u
142 429 169 489 iu
185 426 322 487 viaticum
340 448 356 486 a
374 416 459 486 vobis
478 425 609 508 acceptis
625 426 788 511 (quantum
803 451 819 488 a
833 429 919 491 nulla
934 429 1054 497 civitate
1072 431 1225 490 numerari

83 513 158 598 solet)
168 517 298 598 neque
272 534 344 572 cum
358 511 417 571 illo
416 512 703 592 proficiscerentur,
714 534 814 607 neque
827 536 895 579 cum
908 509 993 575 illinc
1006 515 1065 575 huc
1078 516 1225 589 redirent,

83 599 265 698 iusiurandum
279 610 458 687 exegerunt:
473 598 544 656 sed
536 621 567 657 ιιι
580 619 725 679 caupona,
737 603 814 697 quae
826 612 872 658 est
884 612 956 661 ante
967 595 1101 661 Castoris
1113 591 1224 670 etPol-

80 689 142 752 lucis
157 684 192 767 (si
210 683 275 762 quis
294 696 427 743 vestrum
445 682 550 741 Pheris
568 683 653 758 suit,
660 683 789 743 intelli
781 696 814 757 rt,
833 683 907 762 quid
926 683 1047 766 dicam),
1066 687 1135 753 ibi
1127 686 1223 746 rusiu-
1252 685 1256 690 ’

83 774 184 843 randum
202 767 341 841 dabatur,
359 790 427 826 curu
445 767 504 826 ianr
523 789 591 827 curu
610 769 743 828 exercitu
760 706 918 848 Philippus
937 768 997 827 huc
1015 766 1223 848 proficiscere·
1263 785 1270 794 ‘

85 876 134 924 tur.
147 853 276 933 turpiter,
295 851 509 923 Athenienses,
529 866 559 912 et
576 875 640 912 non
660 876 675 913 e
694 867 791 914 vestra
811 853 966 954 dignitate.
993 856 1035 914 Ut
1053 869 1153 916 autern
1172 857 1223 916 illa
1266 890 1270 901 x

84 969 113 1008 ιο
126 939 204 1008 nodo
222 938 347 1011 fierent,
365 937 396 995 id
415 937 572 1019 Philippus
592 939 728 999 omniurn
747 939 867 999 maximi
893 937 1065 997 aestimarit.
1101 939 1221 1000 Nam
1197 964 1222 1000 ιι

83 1051 126 1092 ιιι
134 1043 232 1107 pacem
250 1022 309 1094 ita,
335 1022 381 1083 uti
398 1021 592 1082 instituerant
609 1024 660 1083 isti
676 1024 823 1105 primurn,
852 1025 1016 1084 decernere
1040 1025 1222 1103 potuissent,
1261 1080 1264 1085 ,

84 1109 187 1192 exceptis
204 1107 373 1179 Alensibus
390 1119 421 1167 et
438 1107 663 1183 Phocensibus,
690 1110 744 1170 sed
769 1122 891 1169 coactus
910 1119 1003 1171 essct
1008 1130 1024 1168 a
1042 1108 1132 1168 nobis
1150 1101 1222 1169 Phi-

82 1204 185 1265 locratcs
199 1192 228 1251 id
241 1193 372 1253 delere'
370 1214 403 1252 ac
417 1193 576 1272 perspicue
594 1214 716 1277 ponere
723 1193 927 1254 Athenienses
942 1206 973 1254 et
970 1180 1221 1281 Atheniensium

83 1284 171 1348 socios:
166 1277 335 1339 noluisset
347 1278 378 1338 id
392 1273 602 1357 iusiurandum
617 1278 653 1338 ab
672 1273 736 1340 ullo
755 1279 907 1339 sociorum
926 1299 1053 1340 suorum
1065 1264 1142 1339 dari.
1159 1264 1222 1338 Ne·
1303 1338 1309 1344 ,

85 1391 146 1454 que
144 1363 210 1427 enim
230 1383 281 1436 ea,
310 1384 387 1442 quae
405 1384 487 1423 nunc
505 1363 593 1423 vobis
612 1376 714 1445 erepta
732 1360 833 1438 tenet,
860 1377 1068 1465 oppugnatum
1088 1363 1159 1423 illi
1150 1363 1222 1424 rvis-

28 1502 46 1531 .·
85 1466 142 1526 sent,
154 1449 200 1511 sed
216 1448 427 1508 rusrurandum
444 1462 654 1509 excusassent
674 1471 776 1529 neque
794 1470 846 1510 eos
866 1449 1005 1520 conscios
1024 1471 1089 1509 esse
1107 1448 1223 1509 voluis
1285 1496 1292 1511 s

83 1554 119 1604 set
135 1533 394 1618 pollicitationum,
422 1531 531 1613 quibus
557 1555 662 1617 pacem
688 1535 894 1615 impetrasset·
917 1555 1020 1614 neque
1042 1534 1074 1594 id
1100 1534 1222 1594 ostendi

81 1627 155 1720 palam
172 1619 319 1692 omnibus,
337 1640 400 1678 ιιοιι
418 1619 570 1680 civitatem
587 1619 822 1680 Atheniensium
840 1618 1037 1681 succubuisse
1053 1618 1148 1694 bello,
1167 1619 1245 1679 sed‘

81 1708 225 1787 Philippum
252 1726 337 1778 esse,
363 1705 419 1784 qui
436 1725 540 1784 pacem
568 1716 723 1786 expeteret
741 1719 771 1765 et
794 1705 843 1764 ab
849 1704 1091 1767 Atheniensibus
1116 1725 1225 1784 pacem

81 1793 160 1856 multis
176 1789 470 1870 pollicitationibus
460 1800 645 1890 impetraret.
680 1791 754 1851 Νι
745 1792 840 1873 igitur
855 1790 947 1863 haec,
964 1811 1043 1870 quae
1062 1790 1149 1863 dico,
1168 1810 1220 1870 pa

79 1878 257 1947 lamberent,
264 1889 429 1956 propterea
449 1875 576 1949 censuit,
595 1875 637 1935 eis
653 1898 802 1955 nusquam
819 1897 884 1961 esse
899 1876 1080 1939 abeundum.
1099 1874 1152 1934 Isti
1166 1896 1226 1935 au·
1303 1907 1312 1913 ·

80 1981 128 2026 tem
143 1950 167 2021 ei
182 1960 278 2021 omnia
304 1960 551 2059 gratificabautur
576 1982 644 2021 cum
671 1952 878 2023 ostentatione
898 1973 928 2020 et
934 1960 1059 2058 insigni
1084 1973 1219 2021 asscuta

79 2052 151 2111 tione
166 2049 282 2118 Verum,
300 2069 329 2105 si
319 2046 450 2106 horum
464 2046 599 2105 omnium
619 2046 849 2121 convincentur,
867 2045 1074 2106 consumsisse
1088 2057 1220 2127 tempus,
1258 2040 1262 2049 ’

80 2131 225 2226 neglexisse
235 2131 404 2204 Thraciam,
422 2131 498 2191 nihil
517 2154 552 2190 ιιι
571 2130 701 2191 decretii
720 2134 817 2214 egisse
836 2132 960 2205 vestris,
978 2143 1031 2190 aut
1050 2152 1086 2191 ex
1103 2129 1253 2189 utilita-=
1288 2152 1303 2203 '.

79 2236 104 2281 te
117 2214 290 2314 reipublicae,
304 2216 380 2275 falsa
399 2216 458 2276 huc
476 2216 680 2277 renuntiasse:
700 2222 753 2297 qul
773 2229 903 2298 possunt
920 2216 971 2276 isti
989 2239 1005 2277 a
1020 2215 1178 2281 cordatis
1169 2238 1217 2291 ιιι-

78 2304 141 2365 dicib
142 2325 171 2362 us
189 2294 217 2360 it
240 2301 391 2384 religiosis
420 2292 610 2362 conservari?
646 2303 733 2377 Quae
751 2316 820 2364 uta
839 2324 887 2374 ane
911 2322 982 2363 vere
1002 2301 1061 2361 dici
1087 2313 1216 2381 constet,

75 2391 151 2453 recita
165 2386 287 2467 primum
307 2388 478 2460 decretum,
505 2409 568 2466 quo
586 2400 674 2468 pacto
693 2387 783 2459 nobis
807 2387 901 2447 suerit
919 2385 1129 2469 exigendum
1119 2384 1215 2457 rusiu-

76 2475 194 2544 randum,
217 2470 328 2532 deinde
352 2473 454 2533 literas
477 2473 627 2554 Philippi,
652 2486 723 2555 post
740 2472 921 2553 Philocratis
946 2475 1119 2545 decretum,
1145 2490 1216 2541 mox

76 2557 245 2641 plebiscitum.

196 2690 199 2707 '
282 2696 516 2789 υιιιιιτιιιι.
553 2709 739 2754 maruan
749 2701 1018 2795 oscarus.

100 2815 196 2872 lam
211 2824 244 2872 ut
268 2808 427 2914 appareat,
451 2833 508 2872 nus
532 2813 669 2895 potuisse
688 2812 896 2894 Philippum
887 2835 919 2871 ιιι
907 2752 1141 2890 Hellesponto
1161 2809 1214 2877 de·¹
1297 2814 1301 2821 ‘

45 2932 55 2945 κ
72 2859 288 2976 prebendarum
303 2899 370 2978 quis
389 2896 483 2956 mihi
472 2898 665 2998 paruisset
645 2911 676 2958 et
688 2911 786 2958 vestra
800 2899 938 2959 mandata
957 2906 1116 2956 exsecutus
1136 2905 1246 2955 esset

74 3002 104 3040 ιι
119 2982 244 3042 decretis:
263 3005 338 3042 voca
356 2996 459 3058 testes,
479 3005 530 3062 qur
522 2983 611 3042 illic
630 2962 799 3044 adfuerunt.
1117 2995 1121 2998 ’
1283 2982 1286 2989 ’

524 3135 730 3178 unsrus
1150 3175 1155 3181 .
1237 3103 1298 3162 24⁹

38 3310 46 3317 θ
141 3236 233 3296 Recita
254 3250 290 3296 ιι
295 3237 431 3300 alt.erum
441 3237 662 3314 testimonium,
682 3238 756 3321 quid
767 3237 888 3299 Euclidi
901 3251 972 3318 ιιοιι
986 3237 1125 3345 prolecto
1140 3231 1211 3291 Phi-

70 3317 150 3398 lippus
165 3323 406 3402 responderit

419 3470 833 3521 TESTIMONIUM.

135 3575 215 3635 Eos
206 3577 300 3671 agitur
315 3599 372 3643 uec
390 3578 522 3642 infitias
514 3601 558 3639 are
576 3600 677 3661 posse,
692 3577 770 3658 quin
783 3576 834 3637 illa
850 3597 906 3675 pro
919 3566 1078 3658 Philippo
1082 3556 1210 3657 egerium,

67 3679 94 3716 ex
109 3680 152 3723 me
166 3662 273 3722 audite.
282 3658 369 3737 Cum
387 3664 489 3744 priore
508 3665 660 3765 legatione
678 3662 828 3746 profecti
826 3670 929 3723 sumus
950 3662 987 3745 de
1004 3681 1078 3743 pace
1096 3660 1209 3719 lacien-

62 3743 112 3820 da,
121 3766 166 3806 vos
185 3749 416 3809 caduceatorem
419 3742 627 3831 praemisistis
646 3749 683 3811 ad
702 3749 933 3829 impetrandam
939 3733 1031 3819 fidem
1051 3744 1210 3828 publicam.

64 3828 151 3887 Tum'
142 3833 248 3914 igitur,
276 3846 311 3893 ut
328 3835 460 3914 primum
479 3835 593 3897 Oreum
611 3848 779 3908 venerunt,
806 3855 870 3894 nun
889 3844 1101 3932 exspectarunt
1119 3831 1209 3890 cadu

62 3927 209 3992 reatorem,
227 3940 327 4000 neque
346 3920 438 3995 ullam
456 3943 572 3982 moram
591 3922 746 3980 lecerunt:
754 3920 817 3999 sed
837 3917 988 3999 quamvis
990 3917 1068 3979 Alus
1087 3904 1209 3976 obside-

61 4012 146 4075 retur,
161 4017 261 4065 tamen
280 4027 317 4065 eo
336 4006 528 4095 traiecerunt
563 4007 633 4085 Et
620 4029 723 4066 rursus
742 4004 813 4065 inde
832 4006 871 4064 ad
887 4003 1138 4084 Parmenionem,
1157 4000 1210 4081 qui

61 4085 188 4166 oppidum
214 4090 392 4165 obsidebat,
417 4089 539 4174 egressi
550 4112 605 4172 per
627 4078 771 4156 hostilem
793 4090 964 4164 exercitum
981 4076 1123 4171 Pagasas
1127 4086 1208 4147 abie-

58 4184 133 4245 runt,
158 4188 187 4233 ιι
204 4175 369 4258 progressi
373 4177 575 4238 caduceatori
598 4177 733 4237 Larissae
762 4186 977 4239 occurrerunt:
998 4186 1085 4235 tanto
1106 4160 1208 4232 studio

59 4267 84 4314 ct
99 4257 251 4320 alacritate
267 4274 332 4320 turn
359 4263 635 4342 proficiscebantur.
672 4258 749 4324 ¹Cum
768 4274 869 4321 autem
891 4283 952 4340 pax
971 4271 1068 4330 esset,
1088 4270 1127 4316 ,ιι
1144 4257 1208 4315 sine

57 4343 130 4455 omui
147 4345 307 4457 periculo'
299 4369 343 4405 ιιι
371 4347 492 4422 liceret,
520 4362 550 4408 et
568 4371 584 4407 a
602 4347 688 4406 vobis
713 4345 897 4438 properandi
924 4344 1096 4404 mandatum
1115 4339 1208 4399 habe
1257 4388 1262 4403 ,
