2722 4754
242 132 1341 285 '²mmmmmmmmmsyam‘

80 332 247 425 '.oportere
273 348 376 415 putat:
407 337 579 420 abroganda
603 338 780 402 huiusmodi
804 340 964 418 lex,‘non
988 338 1168 422 perferenda
1194 338 1276 416 dunc

108 425 206 488 fuerit
239 419 349 500 Neque
367 443 440 483 vero
458 422 530 484 satis
554 422 678 499 habuit,
702 425 823 486 iudiciis
847 426 1058 487 auctoritatem
1076 424 1276 488 aestimanda-

97 506 177 573 rum
192 506 298 567 litium-
311 507 474 588 eripuisse:
497 510 552 570 sed
571 528 647 590 qnae
664 509 730 571 iura
747 510 862 592 ipsein
880 511 948 594 lege
968 510 1126 593 descripsit
1142 505 1177 573 ct*
1191 509 1276 573 aera'-

95 596 159 657 riis
182 591 343 673 imposuit,
369 613 408 652 ne
424 592 508 654 -haec
530 595 596 677 ipsa
619 596 746 679 quidem
768 596 947 677 simpliciter
969 610 1022 661 aut
1036 596 1119 661 ”citra
1136 597 1276 660 fraudem

85 678 258 760 ,scripsisse
276 677 534 758 deprehenditur,
556 681 610 741 sed
628 694 664 742 ut
680 681 721 756 is,
740 680 793 761 qui
811 701 865 742 vos
876 700 974 761 'quam
993 679 1115 767 egregie
1134 684 1275 764 decipere

59 829 63 838 ⁴
85 779 121 827 et
149 763 400 827 circumscribere
419 767 546 828 studeat.
572 763 791 841 Considerate,
809 768 966 847 quomodo
982 769 1151 850 scripserit:
1168 769 1274 830 Timo·
1311 776 1327 823 ,¹

77 863 197 912 crates
213 849 336 924 retulit,
354 850 612 931 inquit,»tametsi
630 852 739 934 aliquis
757 853 889 914 aerarius
907 853 956 914 vel
973 853 1053 937 lege,
1069 852 1118 914 vel
1136 868 1274 917 senatus-
1309 849 1322 927 s
1350 914 1353 919 .

71 935 244 998 consulto
262 935 303 996 sit
319 934 450 998 vinculis
468 938 636 1013 damnatus,
654 951 707 1000 aut
721 939 755 999 in
770 953 927 1020 postemm
944 939 1120 1000 damnetur:
1139 941 1168 1000 ei
1183 941 1274 1002 liceat

64 1019 176 1102 ipsi,
202 1033 256 1081 aut
273 1022 362 1081 alteri
379 1043 435 1103 pro
460 1023 529 1104 ipso
553 1025 644 1085 vades
669 1047 686 1084 a
709 1025 825 1106 populo
843 1025 1057 1107 comprobatos
1075 1025 1275 1099 constituere,

58 1127 118 1166 ac
149 1107 349 1189 promittere,
367 1127 400 1168 se
418 1107 499 1169 bona
517 1109 777 1172 fidesoluturum.
805 1107 964 1194 Cogitate,
983 1110 1139 1192 quomodo
1158 1132 1174 1171 a
1192 1110 1274 1185 iudi-

53 1191 147 1254 cio
165 1205 198 1254 et
215 1213 235 1271 a
251 1193 446 1254 damnatione
465 1204 585 1256 sontem
604 1195 769 1257 suffuratus
787 1196 825 1256 ad
842 1196 990 1279 populum
1009 1196 1201 1271 transilierit,
1227 1208 1274 1258 at-

48 1297 157 1358 que
175 1278 350 1354 extorserit,
369 1300 431 1358 quo
450 1281 551 1351 minus
570 1281 791 1343 Undecimviris
809 1283 967 1343 tradatur?
978 1278 1062 1358 Quis
1080 1281 1272 1366 magistratus

46 1363 246 1426 aerarium
263 1364 382 1425 tradet?
409 1365 486 1440 Quis
505 1387 541 1426 ex
554 1365 778 1434 Undecimviris
793 1367 933 1449 recipiet,
950 1389 1018 1428 cum
1033 1367 1083 1429 lex
1095 1367 1153 1430 ista
1169 1367 1274 1437 iubeat

48 1434 552 1532 alaud'popululdconstitucre
570 1473 750 1533 sponsores,
776 1465 807 1513 et
823 1452 892 1513 fieri
909 1465 1059 1532 nequeat,
1082 1465 1118 1513 ut
1134 1473 1199 1514 nno
1218 1473 1273 1514 eo·
1287 1475 1298 1499 ³

43 1536 228 1616 demque
246 1535 297 1595 die
315 1548 345 1597 et
362 1537 470 1597 concio
488 1550 518 1597 ct
532 1538 679 1598 iudicium
694 1537 851 1614 habeatur,
870 1551 901 1599 et
918 1561 1068 1620 nusquam
1084 1538 1142 1601 iste
1158 1538 1273 1613 iubeat,
1311 1542 1313 1545 ’

42 1620 246 1683 custodiri
263 1622 485 1695 reum,-d0nec
503 1643 667 1704 sponsores
687 1624 900 1685 constituerit?
916 1625 961 1686 At
979 1647 1108 1705 quanam
1126 1624 1165 1685 d'e
1183 1645 1272 1686 causa

41 1706 256 1791 perspicue
274 1719 417 1797 gravatus
434 1721 481 1769 cst
497 1709 688 1771 adscribere:
723 1710 917 1793 Magistratus
935 1711 1172 1796 condemnatum
1189 1710 1271 1771 inte·

45 1793 155 1854 ‘rim
174 1793 382 1868 custodiunto,
401 1794 474 1857 dum
490 1796 580 1857 vades
598 1795 810 1861 constituerit?
828 1795 879 1856 An
896 1818 970 1857 vero
988 1796 1103 1857 iustum
1121 1816 1185 1877 non
1204 1795 1271 1857 est?
1332 1840 1337 1846 ι

60 1879 178 1942 Satis
202 1877 281 1954 scio,
296 1899 365 1960 ⁶vos
391 1900 498 1940 omnes
522 1881 725 1942 confessuros.
768 1881 850 1957 Num
873 1881 965 1942 alicui
987 1882 1049 1963 legi
1074 1874 1271 1943 adversatur?
1319 1908 1336 1915 ·’

60 1965 188 2039 Bon,
207 1962 279 2044 quin
296 1965 399 2047 potius
419 1987 487 2025 cum
505 1965 804 2049 legibusconsentit.
839 1966 923 2043 Quid
940 1967 1064 2027 tandem
1081 1965 1160 2027 suit?
1184 1965 1269 2026 Nihil
1305 2005 1317 2031 ,-

64 2050 178 2111 aliud
197 2049 377 2124 invenietis,
399 2050 471 2116 ⁴nisi
489 2051 573 2131 quod
591 2051 651 2112 hoc
668 2052 832 2133 spectavit,
864 2071 928 2111 non
945 2064 982 2112 ut
999 2052 1129 2111 mulctae
1147 2073 1164 2110 a
1181 2042 1291 2111 v‘obisl

71 2134 230 2196 inflictae
254 2136 462 2210 solverentur,
488 2135 543 2196 sed
565 2150 601 2198 ut
620 2159 641 2198 a
664 2139 751 2198 vobis
778 2137 911 2197 damnati
933 2157 1048 2218 poenas
1072 2157 1136 2196 non
1155 2136 1269 2196 darent

47 2221 217 2288 §.Deinde
236 2222 391 2301 quomodo
410 2221 531 2303 scripsit
548 2236 671 2303 postea,
695 2223 927 2300 constituendos
947 2242 1013 2285 esse
1030 2222 1212 2303 sponsores,
1235 2240 1269 2281 se

87 2307 175 2368 bona
194 2306 256 2367 lide
274 2307 448 2369 soluturum
467 2329 516 2369 aes
535 2307 686 2383 alienum,
714 2308 798 2390 quod
817 2307 978 2368 debuerit?
1014 2307 1073 2366 Hic
1091 2307 1203 2367 iterum
1222 2327 1269 2366 sa-

92 2414 159 2464 crae
177 2392 329 2474 pecuniae
347 2393 527 2473 decuplum:
545 2394 695 2475 publicae,
714 2401 791 2475 quae
806 2393 927 2476 legibus
940 2391 1032 2474 dupla
1043 2390 1123 2453 solui
1134 2391 1270 2467 iubetur,

95 2478 251 2540 dimidiam
269 2477 536 2560 partem‘sustulit.
571 2481 605 2539 Id
623 2480 780 2560 quomodo
799 2478 892 2540 facit?
918 2479 979 2538 Pro
997 2473 1276 2538 «Aestimationem
1291 2470 1356 2531 462

93 2563 199 2646 posuit
222 2562 418 2647 «Argentum
427 2566 458 2624 a:
490 2586 546 2646 pro
573 2586 610 2625 eo
638 2565 754 2640 «Quod
778 2563 918 2625 accedit»
941 2562 1062 2645 scripsit
1087 2562 1269 2637 «Quantum
1341 2567 1343 2570 ’

54 2668 58 2673 ’
87 2650 232 2712 >¹debuit'»
267 2649 353 2725 Quid
370 2670 443 2713 vero
463 2651 614 2713 interest?
645 2651 804 2730 Siquidem
823 2647 1010 2730 scripsisset,
1035 2647 1268 2710 constituendos
1312 2626 1320 2663 ¹

97 2756 276 2818 sponsores,
302 2756 334 2796 se
353 2736 512 2797 bonafide
529 2736 592 2796 litis
610 2736 871 2819 aestimationem,
898 2733 1004 2814 quanti
1022 2755 1057 2793 ea
1076 2740 1173 2808 essct,
1199 2722 1298 2815 cum·f

96 2821 318 2891 accessionibus
336 2822 415 2884 velle
434 2822 569 2883 solvere:
589 2843 650 2883 una
663 2819 950 2903 ‘comprehendisset
967 2819 1061 2901 leges,
1079 2817 1191 2898 quibus
1210 2814 1284 2877 alia·
1317 2851 1320 2857 ι

96 2906 197 2969 debita
215 2908 360 2990 decupla,
385 2909 442 2969 alia
462 2909 552 2990 dupla
570 2908 657 2968 fiunt.
700 2908 781 2968 Hinc
798 2906 894 2989 igitur
910 2924 1036 2964 necesse
1054 2903 1163 2982 luisset
1181 2900 1268 2963 debi-
1284 2955 1300 2974 ,

94 2992 228 3068 toribus,
251 2989 317 3055 t‘um
336 2993 385 3069 id,
401 2994 494 3073 'quod
513 3006 594 3054 esset
610 2994 773 3074 scriptum,
796 2991 929 3063 solvere,
953 3001 1020 3049 tum
1037 2987 1157 3072 legibus
1177 2988 1267 3047 ctiam
1294 3064 1299 3077 ἱ

94 3078 224 3140 adiectas
242 3079 369 3140 mulctas
387 3099 555 3141 numerare.
572 3077 662 3139 Nunc
680 3100 750 3138 cum
766 3076 857 3139 talem
874 3075 996 3149 vadium
1013 3073 1268 3135 constitutionem

76 3187 79 3189 ·
96 3165 246 3239 decernat,
266 3186 325 3245 qua
342 3155 501 3246 promittat
518 3163 661 3237 aerarius,
679 3185 712 3224 se
725 3152 897 3247 argentum,
914 3160 1000 3242 quod
1018 3158 1169 3232 debuerit,
1186 3158 1268 3218 bona
1329 3236 1332 3241 Ι

95 3249 153 3311 fide
169 3250 361 3331 soluturum:
395 3273 431 3311 ex
448 3247 641 3312 accusatione
652 3262 693 3310 'et
709 3248 844 3331 scriptis,
868 3246 986 3328 ,quibus
1003 3245 1216 3329 unusquisque
1234 3242 1268 3303 in

93 3335 240 3397 iudicium
258 3350 428 3417 pertractus
447 3348 509 3410 cst,
528 3335 714 3397 solutionem
731 3333 800 3395 fieri
817 3332 911 3394 iubet
939 3334 975 3392 ln
993 3331 1105 3413 quibus
1125 3327 1268 3390 omnibus
1297 3360 1306 3370 κ
1347 3345 1350 3349 ·

94 3420 125 3481 id
140 3421 314 3505 argentum,
332 3423 416 3502 quod
435 3422 565 3502 quisque
584 3421 701 3497 debuit,
719 3420 862 3501 simplum
881 3429 928 3478 est
944 3417 1154 3499 perscriptum.
1171 3414 1267 3476 Dein·
1304 3456 1308 3464 «
1355 3434 1359 3443 “

95 3507 148 3583 de,
171 3521 257 3569 tanta
274 3530 308 3567 re
327 3506 496 3568 mutatione
514 3507 678 3570 verborum
696 3506 831 3580 sublata,
849 3503 1025 3584 adscripsit,
1045 3508 1172 3563 necesse
1191 3519 1267 3572 esse,
1330 3534 1333 3540 -

93 3604 125 3652 ut
148 3593 305 3674 praesides
324 3594 553 3675 comprobent,
572 3593 599 3653 si
623 3593 691 3674 quis
710 3593 801 3654 vades
819 3592 890 3651 dare
914 3589 1003 3663 velit,
1030 3601 1135 3649 contra
1161 3595 1267 3646 omnes
1291 3653 1294 3657 ¹

41 3673 51 3681 ’
91 3677 173 3761 leges
194 3679 388 3755 existimans,
415 3679 656 3740 conservandum
682 3676 747 3739 esse
764 3688 891 3745 sontem
919 3687 950 3734 et
973 3674 1054 3756 apud
1069 3695 1126 3736 vos
1144 3673 1267 3733 damna-

91 3776 161 3825 tum.
208 3765 287 3827 Nam
311 3787 381 3826 cum
407 3765 581 3826 e'ivadium
612 3764 866 3825 constitutionem
895 3760 1035 3841 quolibet
1064 3772 1204 3840 tempore
1228 3755 1267 3816 li-

92 3849 195 3912 beram
214 3850 339 3924 secerit,
356 3851 529 3912 facultatem
549 3850 648 3923 dedit,
666 3871 705 3910 ne
725 3849 798 3930 quid
815 3869 951 3926 uuquam
969 3846 1083 3920 solvat,
1101 3864 1202 3923 neque
1220 3854 1271 3902 ta*

91 3955 161 3997 men
187 3936 346 3998 vinciatur.
381 3936 459 4012 Qtis
486 3936 567 3996 enim
589 3957 654 3996 non
677 3935 816 3996 inveniet
837 3933 911 3994 viles
935 3931 1092 4004 homines,
1117 3928 1186 4010 qui,
1210 3926 1266 4013 ubi

92 4042 144 4083 vos
163 4043 218 4083 eos
237 4021 498 4102 improbaveritis,
517 4021 693 4082 discedant?
722 4022 799 4082 Nam
818 4019 844 4080 si
863 4017 1034 4100 quiscum,
1052 4028 1088 4076 ut
1105 4013 1159 4095 qui
1175 4013 1265 4075 vades
1323 4080 1330 4091 κ

92 4128 161 4167 nonv
175 4107 312 4181 dederit,
329 4107 361 4167 in
378 4108 499 4169 vincula
517 4106 702 4189 postulabit,
720 4129 753 4167 se
772 4118 804 4167 et
821 4107 891 4166 dare
910 4116 941 4164 et
959 4104 1099 4163 daturum
1117 4099 1216 4175 dicet,
1233 4111 1265 4161 et
1295 4120 1297 4130 ¹

92 4192 180 4254 istius
198 4193 300 4276 legem
317 4194 470 4275 proferet,
495 4215 592 4274 quae,
618 4184 770 4275 cumipse
787 4192 877 4266 velit,
902 4187 1090 4250 constituere
1108 4187 1198 4249 vades
1210 4185 1265 4245 iu-

93 4278 178 4340 beat:
206 4277 330 4340 interim
355 4276 520 4353 custodiri,
547 4293 594 4352 et,
623 4279 648 4339 si
674 4299 729 4340 vos
747 4279 837 4341 vades
856 4272 1051 4355 improbetis,
1078 4272 1110 4333 in
1136 4269 1265 4333 vinculis

87 4365 159 4427 ‘esse
177 4385 245 4427 non
262 4364 381 4429 iubeat:
404 4367 450 4427 sic
466 4365 590 4428 istalex
606 4387 641 4428 re
659 4387 732 4429 vera
747 4363 901 4446 quoddam
918 4358 1198 4444 praesentissimum
1215 4375 1265 4417 re·
1335 4356 1348 4377 ²
