2722 4754
104 149 148 212 x2
248 93 269 237 J,
349 92 1034 256 ''nnuosrparsisvrraae
1152 110 1156 122 ’

124 295 233 357 bribus
249 293 344 357 fuerit
361 301 453 371 usus‘,
479 309 511 360 et
534 297 633 358 modis
660 301 830 376 enervatis,
863 302 979 383 quique
997 316 1092 365 artem
1112 311 1240 371 omnino
1262 312 1308 370 ef-

15 458 18 463 ,
60 395 63 399 ’
124 383 352 445 foeminaverit:
387 405 490 464 aquo
510 385 618 445 molles
637 399 669 446 et
691 387 922 464 effoeminatos,
950 390 1085 452 Battalos
1104 388 1306 459 nominarint.

73 468 254 552 {slllagnus
273 482 374 530 autern
394 483 425 530 et
442 470 613 531 vehemens·
634 472 686 531 ille
714 473 846 555 impetus
865 475 903 534 ad
923 476 1131 557 eloquentiam
1152 480 1224 541 hinc
1242 483 1320 543 fera.

49 571 64 632 j
123 557 175 619 tur
193 555 224 614 in
242 557 452 618 Demosthene
472 557 627 629 excitatus.
680 553 869 636 Callistratus
880 560 985 621 'clarus
1004 563 1063 624 fuit
1082 579 1186 625 orator
1204 567 1305 628 Athe-

123 641 247 703 niensis.
288 641 334 700 Εο
355 664 474 702 causam
493 632 643 723 quandem
661 633 814 725 publicam
836 636 942 706 acturo
960 646 1122 730 (Oropiam
1140 652 1236 727 aiunt,
1252 654 1305 727 fni-

47 745 49 750 ’
123 729 149 791 si
166 724 282 812 fallor),
306 729 742 810 Demosthenespraefectum
766 729 826 790 sibi
850 732 997 792 famulum
1016 748 1098 809 orat,
1129 750 1165 797 ut
1182 738 1305 798 veniam
1352 774 1355 781 .

110 816 210 900 ‚daret
236 814 403 900 accedendi
427 814 652 890 adjudicium:
688 836 747 896 qua
763 816 931 897 „impetrata
959 819 1126 900 auditoque
1146 817 1304 889 Callistra-

29 945 31 949 ι
120 914 173 976 to,
207 900 251 961 sic
270 900 397 961 allectus
416 914 478 976 est,
513 901 609 971 utqab
629 901 679 960 illa
699 902 774 982 hora
793 903 895 963 omnia
913 925 984 984 prae
1004 896 1198 986 eloquentia,
1219 915 1303 969 'tan-

49 989 58 1010 ‘
123 1009 213 1069 quam
222 988 454 1068 supervacanea,
473 1000 697 1051 contemneret:
715 995 914 1071 praeceptore
930 1013 1004 1050 usus
1021 993 1117 1066 Isaeo,
1135 993 1303 1074 admodum

120 1074 231 1158 perito
248 1087 378 1134 oratore.
426 1069 504 1135 Cum
527 1074 565 1133 ad
583 1072 702 1155 virilem
720 1087 850 1135 aetatem
867 1076 1068 1156 pervenisset,
1086 1069 1188 1139 statim
1205 1075 1302 1140 actio'-

121 1180 192 1220 nem
211 1173 317 1222 contra
335 1172 454 1220 tutores
473 1159 618 1234 instituit,
638 1160 773 1240 quirem
793 1160 857 1220 eius
875 1160 1054 1222 familiarem
1072 1163 1151 1242 male
1171 1163 1302 1224 admini-

121 1248 268 1327 strarant:
296 1267 372 1326 quos
391 1245 512 1306 tametsi
531 1245 614 1319 vicit,
631 1259 751 1306 tantum
768 1266 949 1331 recuperare
967 1260 1070 1308 tamen
1088 1249 1170 1309 haud
1187 1251 1302 1329 potuit,
1357 1251 1358 1254 ’

47 1345 52 1358 “
119 1345 271 1412 quantum
296 1332 444 1392 amiserat
489 1331 652 1392 Orationes
678 1333 807 1392 tutorias
833 1334 1045 1413 quidamsnon
1070 1334 1301 1420 Demosthenis,
1347 1342 1352 1348 ’

32 1482 35 1485 ,
83 1474 86 1479 ,
120 1418 175 1478 sed
193 1416 271 1477 lsaei
289 1438 354 1477 esse
379 1417 505 1490 dicunt,
539 1417 622 1496 quo'd
647 1417 827 1485 incredibile
845 1430 973 1499 putant,
1007 1440 1056 1479 eas
1074 1418 1126 1480 illa
1144 1431 1242 1479 aetate
1261 1421 1299 1480 ab

11 1492 19 1516 ²
121 1503 252 1564 Oratore
271 1504 410 1585 potuisse
429 1502 521 1564 scribi
539 1501 612 1586 (fuit
631 1504 711 1563 enim
730 1525 880 1564 annorum
899 1505 1008 1565 XVIII.
1035 1526 1104 1564 cum
1123 1499 1242 1564 causam
1261 1504 1300 1564 il-

69 1642 73 1652 .
119 1591 179 1651 lam
199 1587 293 1674 egit),
319 1603 349 1653 et
366 1581 450 1670 quod
469 1608 566 1672 genus
593 1589 739 1649 orationis
758 1592 876 1649 Isaeum
899 1589 1013 1651 referre
1037 1590 1183 1652 videatur.
1235 1589 1301 1652 Alii
1344 1602 1346 1606 '

120 1688 258 1747 censent,
284 1675 467 1756 compositas
487 1695 553 1734 esse
573 1676 827 1749 a‘Demosthene,
853 1675 890 1734 ab
910 1675 994 1735 Isaeo
1014 1670 1174 1743 correctas.
1233 1673 1299 1734 Ne-

120 1770 181 1842 que
198 1781 271 1822 vero
290 1760 401 1837 mirum
413 1774 482 1834 est,
507 1760 749 1821 Demosthenem
768 1781 803 1820 ea
822 1762 912 1821 etiam
930 1775 1028 1822 aetate
1045 1760 1127 1822 tales*
1141 1761 1298 1820 orationes

119 1846 257 1928 potuisse
277 1847 418 1906 scribere.
477 1847 555 1906 Nam
573 1859 676 1907 secuta
692 1847 839 1927 deinceps
859 1847 924 1906 eius
944 1846 1122 1906 excellentia
1139 1845 1200 1906 hoc
1219 1868 1298 1927 quo-

43 1941 46 1944 ’
120 1953 181 2013 que
201 1930 350 2012 credibile¹
365 1932 447 2004 facit,
471 1929 501 1993 e‘t
518 1944 645 2013 propter
662 1945 817 1993 recentem
836 1931 934 1991 adhuc
953 1922 1226 2015 subpraeceptore
1247 1952 1299 1990 ex-

121 2018 334 2095 ercitationem
358 2017 472 2101 stylum
497 2018 579 2077 illius
605 2018 708 2089 multis
735 2018 767 2077 in
793 2016 878 2087 locis
894 2016 1029 2077 imitatus
1049 2029 1102 2076 est.
1153 2015 1230 2076 Post
1249 2038 1298 2076 eas

119 2122 240 2186 causas,
268 2103 426 2186 paululum
445 2116 543 2163 aetate
563 2091 634 2163 cum¹
650 2103 865 2184 processisset,
884 2103 1010 2184 (docere
1032 2114 1131 2160 artem‘
1150 2099 1296 2162 Rhetori-

117 2188 344 2252 cam‘instituit.
366 2188 510 2262 Deinde,
528 2189 635 2248 relicto
656 2210 693 2248 eo
711 2190 789 2248 vitae
807 2206 931 2270 genere,
954 2187 986 2246 in
1007 2185 1074 2244 foro
1095 2202 1198 2245 causas
1218 2188 1298 2270 egit:

56 2282 84 2354 J
119 2287 210 2355 atque
229 2275 369 2347 iisvelut
395 2274 672 2351 exercitationibuq'
690 2292 779 2346 usus,
814 2273 851 2332 ad
877 2271 1080 2353 magistratus·
1096 2273 1247 2354 gerendos
1267 2286 1298 2332 et

51 2404 55 2409 -
118 2360 338 2441 rempublicam
356 2359 624 2419 administrandam
642 2358 775 2419 accessit.
806 2357 904 2418 'Illud
932 2357 1297 2438 etiampraet'ereundum

119 2461 184 2504 non
209 2459 269 2519 est,
299 2466 368 2504 eum
386 2458 494 2504 natura
511 2445 605 2523 fuisse
624 2444 747 2504 balbum
775 2456 806 2503 et
829 2443 938 2524 spiritu
948 2441 1176 2504 'imbecilliore
1198 2443 1296 2503 ''Pro-
1353 2493 1358 2517 ,

67 2554 70 2560 ·
119 2543 188 2613 pter
206 2551 283 2610 quae
301 2543 430 2609 utraque
448 2528 551 2602 fiebat,
573 2542 608 2589 ut
626 2528 658 2588 in
677 2529 798 2589 actione
817 2541 847 2610 et
864 2529 1123 2609 pronunciatione
1140 2528 1297 2608 ineptissi-

118 2638 186 2676 mus
212 2608 363 2697 principio
390 2615 506 2684 nullam
532 2615 569 2687 ,i'n
603 2614 733 2674 dicendo
769 2614 1021 2697 approbationem
1046 2626 1296 2693 consequeretur.
1328 2666 1329 2670 ,

119 2702 222 2777 Quare
240 2698 456 2783 interrogatus,
476 2700 555 2780 quid,
567 2701 743 2780 eloquentia
761 2713 850 2774 esset,
869 2701 1020 2759 actionem
1040 2719 1105 2759 esse
1122 2698 1296 2780 respondit:

77 2796 95 2851 3
118 2787 250 2871 graviter
266 2787 378 2867 ferens,
396 2805 428 2844 se
446 2799 574 2867 propter
592 2806 656 2845 eam
675 2786 826 2845 minorem
844 2785 942 2865 videri
958 2783 1169 2844 deterioribus.
1192 2784 1245 2842 sed
1265 2797 1296 2843 et

117 2874 193 2933 haec
208 2873 313 2940 ‚studio
334 2870 481 2945 correxit,
517 2871 590 2930 etsi
610 2870 720 2951 quibus
740 2871 805 2931 aliis
825 2868 1027 2929 incommodis
1045 2864 1220 2940 fiebatsut
1237 2867 1295 2926 mi.

118 2980 176 3019 nus
200 2972 287 3040 aptus
311 2959 348 3016 ad
374 2956 537 3040 gerendam
560 2954 780 3039 rempublicam
797 2951 966 3016 ¹videretur.
1016 2953 1139 3019 Etenim
1162 2953 1296 3034 primum

24 3056 27 3061 '
116 3045 225 3127 populi
242 3040 646 3115 tumultus²reformidahata
666 3055 696 3102 et
714 3042 802 3103 facile
820 3040 1061 3124 percellebatur,
1086 3040 1162 3110 adeo
1181 3052 1216 3100 ut
1234 3051 1294 3111 sta-
1353 3092 1355 3098 ,

116 3130 173 3190 tim
192 3118 338 3204 cederet:'
355 3142 579 3209 proptereaque
599 3128 719 3204 dicunt,
738 3149 826 3203 cum,
844 3126 1019 3190 vehementi
1037 3138 1131 3211 vento
1151 3123 1295 3186 observa*-

116 3222 150 3277 to
178 3229 209 3276 et
226 3215 301 3277 mari
328 3215 492 3274 admodum
519 3227 684 3286 commoto,
716 3214 749 3274 in
774 3210 879 3275 littore
903 3209 1225 3273 ambulantem'verba
1248 3209 1294 3268 fe-

99 3296 214 3376 scisse,
247 3313 278 3360 et
296 3298 399 3360 sonitu
417 3301 507 3359 maris
527 3301 680 3360 audiendo
701 3294 924 3360 consuefecisse
951 3316 984 3356 se
1011 3299 1049 3356 ad
1074 3296 1224 3362 ferendos¹
1237 3315 1294 3375 po-

118 3387 184 3468 puli
212 3381 355 3446 adversos
385 3386 539 3445 clamores.
590 3387 801 3445 Memorantur
825 3385 915 3445 etiam
931 3381 1005 3440 eius
1026 3394 1064 3442 -et
1088 3380 1293 3440 habitationes
1355 3407 1358 3409 Α

103 3473 333 3533 ‘subterraneae
359 3483 391 3530 et
413 3490 535 3530 rasurae
561 3470 765 3542 indecentes,
783 3489 823 3528 ne
843 3487 879 3528 ex
896 3466 1112 3547 aedium-cella
1132 3467 1293 3547 egredere-

47 3586 50 3591 ·
112 3570 170 3618 tur
187 3577 258 3637 prae
276 3555 466 3615 verecundia.
524 3555 635 3616 Fertur
652 3555 742 3617 etiam
761 3575 825 3614 non
844 3551 992 3612 dormisse
1010 3565 1122 3625 noctu,
1152 3552 1205 3611 sed
1225 3571 1292 3610 ora-

65 3640 66 3647 '
117 3641 219 3703 tiones
245 3642 282 3701 ad
300 3632 458 3700 lucernam
477 3641 669 3722 expolivisset>
712 3641 800 3699 Unde
817 3638 950 3723 Pytheas
969 3657 1024 3719 per
1040 3637 1142 3697 iocum
1162 3633 1292 3707 dicebat,

25 3738 34 3794 .'
118 3729 273 3788 orationes
295 3727 512 3786 Demosthenis
536 3726 693 3787 lucernam
714 3726 807 3786 olere.
848 3721 919 3789 ‚Cui
943 3719 1167 3809 Demosthenes
1193 3718 1292 3779 facete

117 3813 209 3874 simul
229 3827 259 3873 et
277 3813 384 3872 acerbe
402 3813 577 3893 respondit:
608 3807 679 3872 Scio
706 3833 754 3871 me
773 3809 966 3887 accendenda
984 3809 1108 3867 lucerna
1126 3805 1291 3865 molestum

20 3901 22 3905 ’
87 3916 99 3922 ·
118 3918 184 3958 esse
202 3899 267 3959 tibi.
293 3920 400 3958 rumor
418 3898 500 3957 enim
519 3911 598 3970 erat,
623 3898 772 3982 Pytheam
795 3892 890 3958 noctu
915 3893 1050 3953 vestibus
1072 3891 1208 3971 'spoliare
1234 3889 1291 3948 ob-

23 4022 31 4034 r·
117 3981 192 4045 aios.
231 3984 315 4060 Quin
335 3995 371 4044 et·
383 4006 491 4065 aquam
511 3996 617 4064 potare
636 3985 771 4057 solitum,
790 3998 825 4043 ut
842 3979 969 4065 ingenio
988 3990 1069 4038 esset
1087 3975 1292 4059 vigilantiore,

28 4089 35 4095 ·
117 4082 236 4131 constat
254 4071 335 4130 inter
353 4065 485 4132 omnes'
510 4068 588 4128 Illud
608 4090 731 4150 quoque
751 4066 931 4150 accepimus,
951 4086 1020 4124 eum
1039 4063 1203 4144 aliquando
1218 4082 1290 4151 ‚sus-

72 4158 76 4166 '
115 4157 258 4235 pen‘dissc
277 4177 382 4229 ensem
401 4159 438 4217 de
454 4154 605 4227 lacunari,
645 4167 675 4214 et
704 4156 816 4224 subeo
842 4164 973 4212 stantem
1002 4167 1167 4230 perorasse.
1196 4147 1289 4225 idque

88 4244 98 4260 ’“
114 4240 188 4302 lecit
207 4242 246 4302 ob
264 4243 357 4304 talem
376 4263 502 4304 causam.
553 4241 587 4298 In
607 4239 737 4305 dicendo
756 4239 874 4300 solebat
892 4237 1071 4298 indecenter
1087 4252 1210 4294 movere
1230 4230 1287 4288 hu·
1328 4309 1330 4313 Ι

114 4349 239 4388 merum.
300 4332 344 4389 Ita
362 4328 457 4412 igitur
471 4317 692 4406 'ensemsupra
706 4348 774 4387 cum
793 4323 970 4406 suspendit,
1002 4334 1038 4381 ut
1059 4332 1160 4390 cutem
1178 4317 1203 4376 is
1222 4316 1303 4398 fere
