2722 4754
417 59 419 73 ι
488 56 524 81 --t

416 84 421 100 ⁸
544 82 548 87 .

832 138 836 165 l

1275 202 1297 244 -t
1333 206 1354 247 -·.

65 236 212 360 [aas
436 247 1070 361 nnnosrunnisonarrozi
1147 241 1163 276 ³

41 432 57 466 ’·
119 461 122 465 ’
151 441 273 512 dinem,
309 435 478 497 mirandum
496 454 560 494 non
577 433 698 496 fuisset:
731 435 863 516 primum
882 433 1047 494 sententias
1063 455 1146 505 meas
1166 431 1326 507 desalute

151 522 336 606 reipublicae
354 519 578 603 comprobavit,
603 534 634 582 et
652 512 768 596 omnia,
789 541 864 600 quae
883 519 1062 579 monitionis
1081 517 1324 602 causaxageban·

94 618 102 629 '
151 620 218 683 tur,
237 606 415 668 constitutio
434 607 613 679 custodum,
635 606 752 679 fossae,
767 604 954 675 conferenda
973 605 1010 665 ad
1029 605 1184 667 moenium
1204 607 1325 696 instau-

57 704 59 707 ’
119 714 134 757 ,·
150 680 301 754 rationem
319 691 464 771 pecunia,
482 712 538 772 per
556 690 676 751 decreta
694 684 898 750 ruea'fiebant
933 690 1052 749 Deinde
1071 690 1325 772 cumeligendus

150 791 231 855 essct
248 778 293 836 rei
310 776 522 851 frumentariae
542 789 676 836 curator:
704 797 739 834 ex
758 774 899 835 omnibus
918 796 966 856 me
985 776 1115 856 populus
1135 775 1237 858 clegit.
1283 773 1325 832 Et

150 856 221 945 post
246 883 352 931 eurum
378 862 652 942 conspirationem,
680 859 790 940 quibus
809 881 897 942 curae
918 873 996 941 erat,
1023 874 1058 919 ut
1076 883 1124 920 me
1142 859 1324 941 pessumda-

73 982 104 1026 ,³
150 960 236 1025 rent,
248 947 301 1028 qui
318 947 535 1019 accusationes,
552 946 705 1006 rationum
723 944 897 1018 relationes,
916 945 1093 1018 delationes,
1116 944 1324 1023 caeteraleius
1350 984 1354 999 .

121 1082 136 1110 ι.
149 1033 270 1118 generis
284 1033 388 1092 omnia
405 1042 509 1092 contra
524 1052 572 1089 mc
587 1029 796 1103 instituebant,
814 1025 1043 1112 principionon
1058 1052 1113 1110 per
1127 1031 1324 1111 semetipsos,

83 1134 96 1186 j
149 1120 203 1179 sed
221 1141 277 1200 pcr
294 1119 357 1190 eos,
380 1135 457 1195 quos
475 1117 601 1176 maxime
619 1115 712 1174 latere
730 1126 820 1194 posse
838 1115 998 1199 sperabant
1015 1113 1126 1195 (nostis
1146 1117 1228 1176 enim
1248 1134 1325 1196 pro*
1343 1172 1349 1181 ,

67 1204 125 1260 198
140 1194 232 1264 ’ἷὲοῐο
252 1217 283 1266 et
300 1201 510 1274 meministis,
523 1200 700 1280 mesprimis
724 1198 830 1259 diebus
853 1200 927 1259 fere·
942 1199 1080 1279 quotidie
1098 1201 1131 1260 in
1149 1203 1197 1261 ius
1215 1197 1325 1285 vocari

149 1289 284 1361 solitum,
309 1309 375 1349 cnm
387 1306 492 1366 neque
510 1284 753 1366 desperationem
767 1284 912 1357 Sosiclis',
929 1305 1029 1364 neque
1047 1286 1228 1348 colonariam
1245 1285 1341 1345 eti..

41 1432 47 1444 ,
123 1375 289 1446 ,-locratis,
307 1371 563 1452 noqueDiondae
583 1382 614 1433 et
630 1369 743 1436 Melani
755 1369 924 1443 insaniam,
948 1391 1047 1449 neque
1066 1371 1148 1430 aliud
1166 1373 1213 1431 illi
1227 1371 1320 1453 quic-

58 1514 63 1521 .
148 1461 240 1541 qnam
258 1456 429 1520 contra‘me
453 1457 635 1516 intentatum
651 1452 887 1538 ¹reliquissent):
913 1455 944 1515 in
963 1455 1033 1535 his,
1052 1455 1191 1536 inquam,
1218 1457 1326 1535 omni-¹¹

105 1598 117 1617 „
149 1545 206 1605 bus
229 1544 356 1604 maxime
380 1541 530 1624 perdens
555 1540 754 1614 immortales,
780 1541 914 1601 secundo
939 1541 1015 1599 loco
1033 1562 1089 1622 per
1105 1562 1159 1601 vos
1185 1555 1217 1601 et
1240 1542 1314 1604 alios

76 1662 84 1679 ε
148 1632 307 1690 universos
326 1626 658 1694 Athenienses-merito
677 1625 882 1685 conservabat.
910 1625 978 1684 Hoc
990 1627 1079 1685 enim
1097 1638 1127 1685 et
1145 1649 1252 1687 verum
1271 1643 1314 1688 est

150 1727 267 1776 et'cum
285 1714 375 1775 laudo
392 1713 589 1776 coniunctum
609 1711 885 1783 eorum-iudicum,
915 1711 966 1790 qui
985 1724 1016 1771 et
1034 1711 1123 1787 iurati
1140 1708 1269 1772 fuerunt
1285 1724 1319 1774 et'

68 1845 74 1851 .
147 1799 291 1882 religiose
309 1798 554 1879 pronuntiarunt
598 1798 633 1855 ln
651 1792 855 1856 delationibus
876 1795 970 1878 igitur
988 1817 1055 1869 cum
1073 1818 1121 1856 me
1140 1797 1312 1858 absolvere·
1342 1820 1345 1828 ·

41 1881 48 1895 ”
77 1920 81 1928 1
146 1884 186 1944 tis
205 1897 237 1945 ct
253 1884 390 1965 'quintam
407 1882 622 1965 suffragiorum
640 1894 754 1962 partem
771 1881 996 1965 accusatoribus
1014 1903 1078 1941 non
1096 1882 1224 1957 daretis,
1251 1896 1312 1944 tum
1345 1876 1354 1885 ’

145 1970 314 2046 rettissime
337 1968 456 2028 fecisse
472 1988 520 2027 me
545 1966 768 2028 decernebatis:
797 1988 865 2026 cum
889 1986 962 2026 vero
989 1967 1118 2048 publicis
1143 1967 1312 2028 actionibus
1332 1995 1348 2053 ·,

147 2054 336 2127 absolverer,
352 2048 488 2136 legitima
504 2046 538 2112 'ct
556 2053 724 2113 decrevisse
743 2052 901 2133 etdixisse
918 2073 968 2111 me
986 2050 1220 2112 ostendebatur:
1247 2068 1313 2129 euru
1347 2110 1352 2117 .

147 2139 301 2201 rationum
318 2134 462 2215 actiones,
475 2138 693 2220 obsignaretis,
716 2150 801 2197 recte
821 2149 851 2196 et
868 2137 1044 2218 incorrupte
1063 2161 1079 2197 a
1098 2159 1146 2198 me
1160 2151 1231 2198 acta
1249 2159 1313 2199 esse

149 2225 250 2284 omnia
269 2223 502 2285 cerrfitebamini.
545 2222 631 2297 Quae
655 2245 723 2282 cum
747 2223 787 2282 ita
810 2235 925 2283 essent:
942 2224 1024 2303 -qnid
1043 2223 1246 2285 conveniebat
1263 2236 1315 2283 aut

147 2317 278 2389 aequum
298 2322 376 2382 erat,
404 2306 634 2389 Ctesiphontem
657 2308 748 2387 rebus
773 2308 848 2391 meis
862 2308 965 2390 ‘gestis
983 2308 1117 2368 nominis
1136 2308 1315 2391 imponere?

147 2384 262 2454 Annon
287 2393 334 2468 id,
359 2395 442 2472 quod
465 2393 613 2474 populum
639 2393 795 2475 imponere
819 2391 967 2466 videbat?
986 2416 1065 2466 non,
1092 2396 1176 2474 quod
1199 2390 1315 2455 iuratos

59 2510 71 2543 ς
146 2478 283 2539 iudices?
297 2480 387 2550 non,
405 2479 489 2558 quod
508 2478 631 2542 ueritate
650 2480 729 2559 apud
749 2478 1066 2551 omlnesaconfirmari?
1088 2481 1181 2555 Esto,
1200 2480 1317 2561 inquit:

103 2564 108 2571 ’
143 2565 200 2624 sed
218 2564 295 2623 illud
313 2560 440 2643 Cephali
456 2560 632 2644 pulchrum,
651 2564 763 2623 nullius
781 2585 868 2623 reum
885 2564 952 2639 frerj
970 2563 1111 2629 criminis.
1141 2568 1232 2640 -Imo,
1250 2587 1316 2625 me·
1349 2576 1354 2582 '

80 2650 88 2698 Σ
145 2648 287 2720 hercule,
316 2649 404 2709 etiam
430 2647 625 2708 fortunatum.
668 2648 729 2713 Sed
755 2651 808 2728 qui
836 2649 929 2731 magis
953 2648 1080 2728 aliquis,
1097 2650 1133 2715 si
1158 2652 1199 2711 sit
1223 2671 1316 2732 saepe

62 2730 86 2766 s
144 2733 259 2808 factus,
286 2755 441 2812 nunquam
459 2755 529 2793 reus
547 2745 705 2814 peractus,
734 2734 951 2814 vituperandus
969 2734 1035 2793 iure
1059 2749 1232 2816 propterea‹
1245 2737 1328 2795 fu‘e:

144 2818 207 2879 rit?
235 2819 443 2897 Quamquam,
465 2817 686 2892 Athenienses,
710 2817 763 2879 isti
780 2819 870 2893 etiam
888 2819 964 2878 illud
983 2815 1108 2899 Cephali
1125 2821 1346 2900 praeclarum·

84 2903 88 2908 ’
143 2903 330 2984 respondere
356 2908 509 2983 possumz·
527 2903 646 2987 nullam·
669 2903 749 2963 enim
774 2925 908 2983 unquam
934 2904 992 2983 iste
1018 2903 1093 2970 mihi
1120 2906 1198 2967 diem
1224 2902 1313 2976 dixit,

129 2987 366 3049 *nullam‘litcm'
379 2988 517 3048 intendit.
547 2989 664 3063 Quare,
681 3001 734 3048 tua
752 2989 874 3069 quidem
883 2989 1103 3063 beniaminae,
1122 2984 1220 3051 nihilo
1238 2990 1314 3051 civis

101 3086 104 3091 '
145 3094 204 3157 ego
221 3095 289 3132 sum
307 3069 441 3154 Cephalo
461 3072 601 3140 deterior.
619 3073 827 3141 lstiusautem
846 3073 989 3154 iniquitas
1009 3075 1225 3142 etinvidentia
1245 3097 1329 3139 cun»

144 3157 247 3218 multis
265 3179 302 3217 ex
318 3159 409 3218 rebus
426 3158 558 3239 perspici
575 3171 694 3239 potest,
723 3170 789 3219 tuna
806 3179 878 3219 vcro
899 3181 934 3218 ex
952 3159 1007 3232 iis‘,
1037 3181 1115 3240 quae
1133 3162 1171 3221 de
1189 3161 1316 3221 fortuna

75 3254 84 3317 J
144 3243 295 3321 disseruit.
329 3244 396 3325 Ego
413 3264 486 3304 vero
504 3242 739 3339 iquniversum,
757 3244 904 3325 quisquis,
926 3244 1106 3309 homo-cum
1125 3246 1174 3318 sit,
1192 3244 1336 3314 hominis

55 3374 57 3378 a
140 3327 297 3389 fortunam
316 3327 439 3400 obiicit,
458 3348 527 3407 eum
544 3351 668 3410 prorsus
686 3343 835 3390 amentem
855 3350 920 3389 esse
939 3331 1026 3390 duco.
1051 3331 1084 3391 Si
1094 3332 1184 3393 enim
1200 3332 1239 3406 is,
1259 3329 1317 3411 qui

143 3413 258 3492 optimc
276 3434 378 3473 secum
397 3413 550 3496 agiputat
568 3427 598 3498 et
615 3416 815 3496 prosperrima
833 3438 865 3477 se
884 3415 930 3476 uti
947 3416 1088 3490 fortuna,
1106 3417 1248 3505 ignorat,
1266 3429 1315 3476 ta-

108 3542 126 3580 s
142 3494 220 3558 lisne
238 3520 377 3559 mansura
401 3500 441 3558 sit
462 3507 559 3591 usq'uc
583 3500 628 3561 ad'
643 3504 815 3582 iesperum:
842 3504 896 3582 qul
922 3502 959 3560 de
985 3522 1019 3562 ea
1038 3503 1139 3563 dicere
1157 3501 1317 3574 convenit,

137 3586 195 3642 'aut
213 3584 361 3643 camellis
380 3585 582 3665 exprobrare?
610 3585 780 3659 Quia2vero
799 3588 865 3660 iste,
884 3600 1004 3668 praeter
1021 3586 1202 3662 multa'alia,
1221 3587 1334 3647 etiam'

41 3692 48 3706 ⁵
138 3668 180 3728 'de
208 3667 263 3743 his.
280 3668 424 3744 insolenti
449 3677 523 3730 u'sus
549 3671 595 3754 es't
620 3666 772 3731 oratione:
797 3672 1005 3751 considerate,
1029 3672 1254 3745 Athenienses,
1282 3684 1315 3731 et

89 3824 92 3829 1
141 3764 294 3833 spectate,
313 3750 427 3834 quanto
442 3767 479 3814 et·
494 3757 594 3816 verius
614 3769 645 3817 et
661 3754 821 3818 humanius
841 3780 897 3840 ego
918 3759 954 3817 de
973 3758 1114 3832 fortuna,
1133 3754 1225 3838 q'uam
1238 3758 1314 3829 iste,

106 3858 110 3862 ·
139 3838 315 3918 disputems'
341 3838 491 3918 Equidem
513 3841 667 3901 fortunam
690 3842 875 3923 reipublicae
892 3853 1008 3905 vestrae
1032 3844 1144 3904 bonam
1171 3860 1238 3903 esse
1262 3841 1312 3902 iu·

73 3919 78 3930 ’
141 3919 355 4004 dicoa‘idqne
379 3922 479 3985 video‘
499 3927 586 3986 vobis
622 3939 652 3986 et
675 3927 805 3987 Dodona
826 3928 835 3987 i
859 3929 939 3987 lovis
973 3929 1049 3989 etP
1086 3929 1129 3988 hii
1154 3922 1312 4011 Apollinis

45 4069 50 4074 ,
123 4008 271 4093 Γ,ρωςιιίἰε
289 4010 518 4084 declarari„sed
533 4000 688 4072 fornriram
699 3949 878 4077 mortalium
898 4013 1034 4074 omnium
1049 3942 1099 4073 lis
1117 4013 1311 4095 temporibus

85 4107 128 4163 ss
139 4111 207 4152 esse
225 4106 346 4176 gratem
366 4109 397 4155 et
413 4096 557 4157 acerbam.
589 4096 666 4171 Quis
686 4098 765 4156 enim
779 4099 981 4171 Graecorum,
1001 4111 1053 4159 aut
1071 4099 1138 4180 quis
1146 4098 1312 4183 putare·
1352 4112 1354 4117 ’

79 4190 81 4194 ‘
129 4199 290 4242 uumnon
307 4180 495 4244 multamala
513 4181 569 4242 bac
584 4194 763 4262 tempestate
782 4195 828 4243 est
846 4185 1010 4263 expertus?
1042 4185 1136 4259 Quod
1155 4197 1260 4245 autem
1280 4175 1324 4243 et)

58 4246 117 4304 ¹9⁹
135 4262 353 4330 honestissima
366 4267 714 4348 quaeque-suscepimus
733 4280 764 4335 et
782 4267 921 4342 Graecis,
933 4259 1181 4350 quipntabant,
1201 4270 1233 4333 ¹si
1247 4287 1309 4343 nes

112 4348 356 4495 ,gwifflssfm'
380 4373 414 4415 se
432 4350 689 4435 beatelticturos,
715 4350 764 4434 his
780 4351 791 4413 i
812 4352 853 4413 sis
870 4353 1022 4416 feliciores
1040 4376 1162 4417 snmus:
1177 4386 1184 4403 x
1198 4354 1229 4416 ld
1249 4375 1321 4439 ego·

78 4461 81 4465 ·
160 4452 238 4496 onae
255 4435 440 4517 reipublicae
457 4446 579 4501 nocuae
595 4434 736 4497 fortunae
753 4374 874 4498 tribuo¹
892 4440 986 4514 Quod
1003 4453 1105 4503 autem
1120 4436 1311 4525 impegimus

121 4496 125 4505 ι

811 4688 871 4735 t¹
996 4697 1053 4736 'x
