2722 4754
326 182 594 256 aurursus
628 113 976 318 ararunroM
1155 172 1218 251 (ιι
1269 162 1294 210 ³

41 355 148 410 one,
175 341 204 400 si
222 310 471 423 spopondissem,
496 344 534 402 ad
551 343 743 413 infitiandum
761 345 923 407 venissem.
953 345 1015 404 lam
1032 343 1110 406 illud
1127 342 1218 403 etiam

41 426 193 508 ,statum
209 428 299 488 vobis
320 442 384 501 est,
419 427 560 509 pactione
578 430 615 490 ab
640 429 706 488 istis
732 421 846 491 abolita
872 431 959 492 aliam
986 431 1079 493 istum
1090 437 1130 491 et
1144 429 1219 512 Par·
1247 438 1287 492 60

41 505 224 590 renonem
238 513 431 573 conscribere
455 513 601 575 voluisse:
627 504 712 593 quasi
735 514 820 574 irrita
843 531 945 578 essent
967 538 1010 591 ea,
1036 537 1113 596 quae
1136 514 1221 596 prius

41 586 124 656 nter
143 617 203 657 cos
223 611 436 658 convenerant
479 598 575 678 Atqui
593 621 662 659 cum
681 600 837 661 defutura
863 602 1049 682 cognitione
1061 601 1149 662 aliam
1167 621 1221 682 pa-

41 677 191 747 tionem
203 683 397 743 conscribere
416 684 585 763 voluerint,
602 685 705 764 priore*
724 685 865 765 perditas·
887 706 947 764 quo
966 700 1076 767 pacto,
1094 686 1151 747 alia
1162 705 1222 767 pa-
1248 740 1251 749 ,

41 763 149 826 tione
171 789 236 828 non
254 769 394 851 scripta,
398 769 446 828 vel
465 770 623 829 arbitrium
641 770 724 843 fieri,
742 770 791 830 vel
809 770 933 849 sponsio
951 772 1073 850 potuit?
1096 773 1143 832 De
1161 770 1240 830 boc*
1302 840 1305 852 Ι

41 868 107 934 pso
128 853 223 912 enim’
239 867 305 913 orta
324 855 540 928 controversia,
559 855 678 915 tabulas
696 856 768 915 alias
786 866 849 915 non
866 855 1046 928 fecerunt,
1037 869 1097 916 rsto
1115 864 1239 928 unum,-

41 935 96 997 llo
116 950 186 997 tres
205 938 335 1026 arbitros
354 941 535 1019 postulante.
553 941 718 1020 Postquam
737 954 837 1001 autem
854 941 949 1023 prima
967 940 1077 1020 pactio,
1097 960 1165 1020 qua
1171 942 1222 1000 ine
1304 935 1309 942 ’

41 1040 233 1102 ponsorcm
253 1020 317 1083 esse
336 1024 446 1082 sactum
465 1024 523 1099 ait,
551 1025 658 1105 periit,
686 1026 742 1086 alia
761 1046 833 1086 vero
851 1026 962 1106 scripta
980 1045 1044 1103 non
1063 1037 1123 1086 est·
1160 1045 1223 1104 quo

41 1129 111 1166 ure
133 1131 257 1168 mecum
276 1130 364 1191 agere
383 1122 495 1189 potest,
517 1124 621 1170 contra
641 1110 731 1189 quem
750 1111 857 1190 nequit
874 1111 1011 1206 proferre
1029 1094 1223 1192 pactionem?

41 1198 83 1250 nt
105 1193 305 1253 interdixisse
323 1195 544 1255 Parmenonem
562 1195 723 1270 Aristocli,
741 1217 779 1255 ne
799 1195 904 1256 contr'a
921 1216 954 1255 se
972 1195 1085 1275 absque
1105 1193 1224 1253 coarbi-

41 1275 98 1336 ris
121 1278 347 1378 pronuntiaret,
365 1291 508 1338 testatum
526 1280 614 1339 vobis
634 1293 686 1340 est
731 1281 852 1354 Quodsi
871 1291 998 1350 constat,
1017 1281 1148 1339 eundem
1165 1277 1224 1338 ho-

41 1362 167 1428 minem
186 1375 218 1423 et
235 1363 407 1457 pactionem
426 1364 581 1435 abolesse,
617 1386 663 1424 ex·
672 1387 730 1455 qua
752 1364 910 1425 arbitrium
927 1366 994 1433 lieri
1013 1346 1225 1436 conveniebat,
1252 1400 1255 1404 -

41 1459 77 1508 et
96 1449 169 1507 sine
188 1447 308 1507 arbitris
328 1449 453 1508 cacteris
472 1450 652 1508 sententiam
672 1471 703 1508 se
720 1441 855 1509 tulisse‘
846 1471 911 1529 1pse
930 1450 1056 1510 latetur·
1078 1449 1142 1529 qui
1150 1468 1225 1507 con-

41 1534 152 1607 venit,
178 1546 230 1606 ut,
256 1533 301 1591 illi
327 1535 387 1592 fide
412 1533 529 1607 habita,
556 1555 604 1593 me
630 1534 806 1614 perdatis?
801 1534 889 1594 lllud
917 1535 998 1594 enim
1017 1535 1224 1606 considerate,

41 1615 292 1679 Athenienses.
310 1618 342 1676 Si
361 1639 424 1679 nou
443 1634 606 1692 menone,
624 1620 678 1687 sed
696 1621 916 1700 Parmenonem
935 1633 1090 1680 accusaret
1107 1619 1225 1698 Apatu-

41 1703 126 1792 rius,
144 1703 241 1777 minas
259 1702 368 1797 viginti
385 1703 557 1785 postulans,
575 1703 735 1763 Aristoclis
754 1696 931 1786 cognitione
948 1706 1056 1779 fretus,
1068 1706 1224 1765 Parmeno

41 1787 157 1849 autem
174 1807 239 1848 sese
257 1791 399 1868 praesens
419 1789 597 1849 defenderet
609 1789 693 1869 apud
712 1804 764 1850 vos
783 1801 938 1869 testesque
956 1792 1140 1864 adduceret,
1148 1800 1225 1861 tum,

47 1896 121 1935 uon
139 1872 197 1953 soli
214 1893 246 1932 se
263 1871 427 1946 Aristocli‚
459 1875 513 1932 sed
532 1896 599 1934 cum
620 1872 739 1934 duobus
757 1874 822 1934 aliis
841 1894 907 1935 rem
925 1875 1129 1948 commisisse,
1159 1887 1226 1934 tum
1278 1906 1305 1918 ’-

52 1957 265 2032 interdixisse,
283 1979 322 2018 nc
340 1979 372 2017 se
392 1957 516 2018 absente
533 1959 763 2039 pronuntiaret,
780 1971 863 2033 tum,
880 1981 976 2020 uxore
994 1961 1054 2020 sibi
1073 1972 1104 2019 et
1120 1957 1225 2019 liberis

53 2057 154 2104 terrae
177 2045 442 2124 motu'oppressis
466 2064 560 2124 seque
584 2045 621 2103 ad
644 2057 758 2103 tantam
781 2045 980 2106 calamitatem
1005 2047 1130 2105 domum
1153 2052 1227 2124 pro·
1247 2036 1269 2082 l

54 2126 147 2202 fecto,
165 2149 254 2201 eum,
273 2129 325 2207 qui
342 2129 514 2208 pactionem
533 2129 694 2202 abolcsset,
713 2141 817 2200 contra
836 2128 1153 2208 absentemtanquam
1173 2129 1226 2187 de·
1271 2144 1275 2151 ‘

56 2226 136 2274 serto
153 2214 331 2274 vadimonio
350 2215 531 2274 sententiam
548 2215 670 2273 tulisse.
701 2227 794 2272 estne
803 2226 952 2283 vestrum
957 2215 1134 2314 quisquam,
1163 2212 1232 2291 qui,

55 2295 280 2359 Parmenone
271 2321 304 2357 ιιι
328 2299 405 2382 banc
428 2299 609 2359 sententiam
627 2317 659 2357 se
679 2285 880 2382 defendente,
902 2312 986 2359 tanta
1003 2297 1164 2379 iniquitate
1182 2295 1236 2355 saa

56 2395 136 2458 ctum
161 2383 321 2445 arbitrium
343 2377 443 2444 ratum
469 2405 534 2445 esse
554 2395 696 2464 oportere
716 2383 914 2444 decerneret?
943 2383 1013 2443 Non
1031 2384 1124 2455 modo
1142 2393 1228 2443 certo

48 2469 262 2528 controversis
287 2469 448 2543 omuibus,
474 2471 547 2543 sed,
565 2468 691 2529 tametsi
717 2481 847 2528 exstaret
867 2469 1012 2568 pactio,
1013 2468 1039 2528 si
1064 2477 1229 2539 constaret,
1273 2472 1287 2503 ’·

48 2553 191 2628 delatum
210 2575 275 2614 esse
294 2555 330 2612 ad
348 2576 443 2613 unum
462 2512 644 2614 Arisioclem
662 2551 890 2627 arbitrium,
864 2575 891 2613 st
908 2575 973 2612 non
990 2544 1138 2619 vetuisset
1155 2552 1229 2611 Par·

43 2658 146 2700 meno
166 2641 272 2699 contra
291 2660 323 2697 se
341 2640 556 2719 pronuntiare,
574 2638 693 2699 tametsi
710 2639 876 2712 evenisset,
893 2652 929 2698 ιιι
946 2651 1015 2698 ante
1034 2637 1139 2702 arbitri
1156 2656 1230 2699 scu·

41 2727 184 2785 tentiam
201 2724 270 2783 talis
288 2724 406 2783 bomini
424 2724 574 2784 calamitas
593 2723 794 2783 obiiceretur:
831 2723 899 2804 quis
921 2724 963 2783 ita
981 2704 1167 2783 inbumauus
1183 2732 1231 2782 est
1292 2798 1296 2803 η

41 2808 258 2870 adversarius
265 2822 317 2868 aut
334 2801 464 2883 arbiter,
484 2809 618 2890 quinon
635 2829 732 2889 usque
746 2809 833 2867 ad
806 2830 871 2869 erus
888 2809 1027 2868 reditum
1040 2795 1230 2868 distulisset?

41 2895 179 2970 Quodsi
191 2896 364 2967 Parmeno,
399 2895 518 2954 ratione
536 2894 668 2968 reddita,
703 2895 740 2955 ab
760 2893 844 2953 omni
862 2907 946 2972 parte
964 2894 1110 2973 aequiora
1128 2891 1231 2952 dicere

41 2979 231 3080 videretur,
264 3000 352 3059 quam
371 2978 445 3039 iste·
480 3000 542 3059 quo
560 2980 627 3038 iure
645 3000 694 3039 me
713 2978 909 3053 damnabitis,
939 2980 988 3039 cui
1007 3000 1094 3039 cum
1090 2978 1153 3038 isto
1172 2976 1231 3035 ho
1279 2995 1287 3007 ⁸

41 3064 139 3138 mine
156 3066 205 3124 rei
219 3085 342 3145 prorsus
358 3065 435 3123 nibil
450 3065 515 3124 est?
533 3065 609 3123 Me
600 3064 695 3156 igitur
711 3065 920 3145 exceptionem
934 3077 1027 3124 recte
1031 3061 1275 3149 opposuisse,

41 3134 241 3230 Apaturium
261 3163 361 3209 autem
378 3150 455 3209 falso
475 3170 522 3208 me
541 3170 695 3209 accusasse
714 3163 893 3228 contraque
899 3149 982 3231 leges
999 3149 1146 3211 iudicium
1166 3166 1232 3213 esse
1258 3145 1298 3200 51

41 3235 219 3316 adeptum:
227 3234 273 3293 id
291 3234 394 3308 vobis,
396 3227 547 3334 Iudices,
565 3234 668 3293 multis
687 3235 878 3316 argumentis
890 3234 1053 3315 probatum
1072 3249 1143 3294 esse
1157 3251 1232 3292 con-

41 3320 130 3402 fido,
173 3320 229 3393 Et,
259 3321 341 3400 quod
360 3321 555 3415 praecipuum
574 3330 635 3392 est,
659 3319 825 3418 quicquam
850 3316 1058 3381 sibimecum
1065 3333 1130 3380 esse
1149 3333 1233 3377 oom-

42 3404 168 3465 mercii
192 3399 406 3492 Apaturius
386 3426 443 3465 nec
470 3405 570 3481 dicere
595 3403 769 3463 instituet:
777 3404 834 3471 sin
858 3424 914 3483 per
931 3404 1122 3465 mendacium
1142 3402 1234 3474 dicet,

45 3510 107 3571 me
122 3490 161 3548 1ιι
179 3491 320 3573 pactione
334 3489 539 3549 Parmenonia
556 3509 736 3569 sponsorem
754 3509 820 3548 esse
837 3488 1035 3570 inscriptum,
1060 3488 1234 3569 pactionem
1269 3506 1272 3514 ·

52 3576 96 3637 ab
116 3595 156 3635 eo
174 3575 329 3655 requirite
365 3576 404 3634 Et
422 3574 517 3643 hic'
490 3595 518 3634 er
538 3573 704 3649 occurrite,
729 3595 834 3634 omnes
854 3574 1011 3648 homines,
1029 3596 1098 3634 cum
1115 3571 1233 3633 tabulas
1267 3589 1292 3631 “.

55 3662 155 3739 inter
160 3681 193 3721 se
212 3659 395 3735 conficiunt,
424 3672 585 3741 propterea
603 3660 776 3753 obsignatas
794 3660 875 3760 apud
893 3679 946 3719 eos
965 3661 1137 3759 deponere,-
1163 3654 1234 3736 qul-¹

59 3721 230 3823 bnslidcm
249 3745 397 3821 babeant,
425 3757 478 3819 ut,
509 3744 611 3824 siqua
631 3739 779 3805 dissensio
799 3745 948 3805 exstiterit
965 3745 1045 3805 inter
1062 3745 1163 3825 ipsos,
1196 3739 1235 3801 ‘ad

62 3818 179 3893 tabulas
198 3830 313 3890 reversi
331 3833 604 3891 controversiarum
626 3822 856 3930 explicationem
875 3830 947 3889 inde
965 3824 1088 3911 petant
1114 3824 1235 3906 Siquis

65 3931 177 3990 autem,
193 3915 307 3976 tabulis
324 3915 461 3987 abolitis,
480 3916 604 3975 eludere
622 3917 780 3977 veritatem
798 3916 900 3977 verbis
918 3916 1079 3988 studuerit,
1097 3912 1181 3994 quid
1190 3909 1236 3972 illi
1277 3964 1281 3969 .

47 4001 137 4064 atei
156 4015 202 4062 est
220 4000 415 4060 habendum?
447 4003 488 4060 At
505 4000 698 4084 sortasse(1d
717 4002 800 4081 quod
819 4015 866 4062 cst
884 4001 1016 4063 omnino
1028 4000 1110 4061 sactu
1127 3995 1236 4058 sacilli

68 4108 149 4146 mum
165 4087 346 4146 iniuriarum
361 4097 396 4145 et
404 4086 621 4146 calumniarum
640 4083 801 4187 studiosis)
815 4087 1033 4187 testimonium.
1041 4083 1190 4166 aliquis
1163 4104 1192 4143 er
1203 4081 1236 4143 in

70 4180 115 4231 uie
133 4171 234 4232 dicet?
257 4171 335 4230 Eum
354 4184 454 4230 autam
474 4192 532 4254 ego
550 4184 660 4233 testem
678 4194 705 4232 sr
695 4170 760 4232 de
778 4173 855 4233 falso
872 4171 1050 4232 testimonio
1068 4165 1248 4279 postulare,

71 4258 149 4318 unde
166 4255 326 4338 probabit,
344 4275 376 4316 se
395 4257 500 4335 testari
518 4258 645 4319 verum?
662 4258 688 4317 E
706 4257 868 4339 pactione?
886 4257 948 4318 ld
939 4258 1032 4340 igitur
1048 4266 1088 4316 ne
1106 4250 1248 4324 differat,

71 4343 154 4413 sed
138 4363 211 4443 mox
228 4340 372 4424 proferat,
388 4364 443 4424 qur
434 4324 559 4405 babet
578 4342 634 4404 Sin'
653 4356 718 4406 eam
735 4354 802 4406 tom
816 4341 934 4447 perisse
952 4343 1049 4405 dicet:
1066 4342 1152 4407 obde
1167 4354 1238 4421 egos
