2722 4754
988 96 1271 136 ,'tt''

1078 145 1082 160 '
1192 156 1200 183 ι

231 187 243 210 ‘
339 158 353 185 ⁶
441 196 544 258 ιιι
576 186 823 257 ιιιιοιιιιιι
858 196 901 257 ιι
1112 240 1116 244 .
1217 182 1319 261 ass'.

44 407 47 413 .
124 355 230 423 maiora
247 347 313 428 ipsi
325 349 426 410 omnia
444 346 600 417 teneatis·
613 349 653 408 Et
669 361 782 423 tamen,
801 370 869 408 cum
881 368 904 409 ι
921 346 1008 410 robis
1028 368 1062 408 ea
1074 347 1196 430 direpta
1214 369 1281 411 esse

116 444 218 535 palam
231 433 472 534 convincamini,
488 433 559 494 talia
576 432 766 493 comminisci
757 433 909 494 audetis.
951 433 1054 514 Atque
1072 433 1155 494 alias
1152 432 1281 516 eulpam

41 534 44 539 '
112 528 195 589 alins
209 519 239 578 in
253 517 347 577 atium
364 516 503 578 reiicitis:
514 539 624 577 rursus
637 518 786 599 accepisse
798 538 863 591 vos,
877 518 988 578 vestris
1004 518 1187 579 testimoniis
1203 519 1280 594 alius¹

106 614 209 674 aliurn
226 602 412 685 coarguitis.
423 623 491 663 cum
508 622 563 661 vos
577 601 726 683 accepisse
743 602 838 663 multa
855 603 984 701 negetis,
1001 625 1180 685 magnorum
1197 615 1280 665 snm·

10 736 36 765 ‚.
103 709 204 758 tuum
219 687 352 747 rationes
369 685 532 746 retulistis:
552 707 620 746 eum
635 686 762 746 tutelam
777 688 979 761 communiter
996 689 1149 769 gesseritis
1166 694 1324 764 οιιιιιιι,’

10 776 14 811 '·
98 794 198 845 „me
214 771 376 853 peculiaria
393 771 507 853 singuli
533 771 645 853 effugia
664 770 822 851 quaeritis:
848 792 918 838 enm
943 783 1158 832 testamentum
1175 776 1279 836 aboie·
1306 778 1346 835 ts

26 882 32 891 ·
92 856 236 929 veritis,
251 875 356 939 equo
374 855 469 927 totius
494 856 614 951 negotii
627 856 736 916 veritas
760 856 905 939 cognosci
927 855 1101 936 potuisset,
1125 861 1297 939 nunqnam

20 1004 31 1015 „
92 956 231 1012 vestrae
249 941 411 1011 orationes
421 941 502 1001 iuter
518 942 584 1000 sese‘
608 941 801 1002 conveniunt
833 941 968 1021 Proinde
985 941 1160 1025 testimonia
1177 944 1282 1023 profer

39 1023 49 1031 ⁶
60 1032 208 1114 'atque
225 1044 260 1085 ea
278 1025 386 1085 ordine
405 1025 451 1084 his
470 1010 537 1107 lege
557 1025 681 1099 omnia,
697 1038 860 1085 uteorum
879 1017 998 1100 etiam,
1003 1044 1080 1107 quae
1097 1025 1302 1098 testimoniis)

47 1110 256 1200 probata
252 1109 383 1184 suerint,
396 1129 561 1187 memores,
575 1109 746 1171 accuratius
765 1110 802 1170 de
819 1122 887 1170 tuto
906 1111 1033 1194 negotio
1052 1107 1246 1191 decernant

512 1257 878 1322 rasrrmonra.

72 1440 74 1443 Ι
140 1406 153 1411 -
202 1363 332 1422 Tantum
349 1360 401 1421 isti
413 1381 484 1421 mea
508 1382 595 1422 causa
619 1360 729 1421 tributi
754 1361 879 1419 nomine
906 1360 1127 1423 conferendum
1153 1375 1280 1432 censue-
1330 1380 1334 1385 ‘

49 1457 205 1519 mnt,
221 1458 388 1546 quantum,
406 1445 432 1504 si
448 1466 549 1505 mcum
567 1444 785 1544 patrimonium
801 1444 975 1526 quindecIm
992 1443 1139 1507 talentum
1156 1448 1281 1510 ιιιίιιιιι
1306 1502 1308 1511 s

70 1531 199 1605 rui-lsi
208 1549 300 1604 vero,
318 1530 377 1611 ipsi
393 1543 475 1604 tres,
492 1550 531 1589 ne
549 1529 741 1629 septuaginta
757 1529 881 1612 quidem
898 1529 1047 1597 minarum
1064 1532 1280 1614 patrimonium

14 1614 20 1636 ¹
56 1612 322 1679 restituerunt
356 1615 438 1698 Lege
455 1615 620 1694 sequentia
1302 1638 1304 1643 ⁴

513 1761 881 1809 ιιιιιιιοιιιι.
952 1821 955 1825 Α
1013 1740 1028 1793 ι’

173 1821 326 1940 liutem,
344 1887 434 1946 quam
452 1887 522 1926 eum
541 1878 718 1929 eontuteres
735 1865 887 1967 accepisse
904 1879 1055 1928 testantur
1073 1881 1104 1930 et
1120 1868 1181 1942 alii,
1200 1865 1281 1949 apud

17 1964 20 1969 '
55 1950 205 2029 cluis
214 1950 323 2012 habere
341 1972 374 2010 se
393 1951 548 2012 confessus
567 1962 631 2025 est,
656 1971 722 2011 eam
740 1971 797 2015 uec
815 1950 928 2032 ipsam,
946 1973 1002 2012 nec
1011 1953 1193 2013 alimoniam
1203 1953 1280 2013 --red
1294 1953 1326 1999 ’Δ

51 2032 227 2098 elidit
237 2031 355 2120 Cape
337 2049 455 2098 caetera
473 2049 504 2096 et
521 2036 597 2119 lege.

518 2166 883 2258 TE ST1MON1A.

202 2286 332 2352 Offieina
350 2286 521 2347 biennium·
528 2287 752 2360 administrata,
775 2251 981 2366 Therippidae
997 2285 1132 2345 reddidit
1148 2285 1280 2367 pretium
1351 2344 1357 2355 ,

44 2354 101 2422 l
101 2371 292 2433 orationis:
309 2372 386 2432 mihi
402 2392 487 2445 vero,
505 2387 573 2431 cum
592 2371 742 2452 acceperit
758 2371 890 2463 duorum
902 2389 1052 2429 annorum
1065 2370 1280 2443 reditumtri·

58 2456 201 2572 ginta
218 2457 324 2531 minas,
342 2476 443 2536 neque
460 2455 536 2531 has,
541 2477 641 2536 neque
658 2477 781 2516 usuram
784 2435 939 2515 reddidit„
957 2450 1043 2534 Cape
1056 2454 1138 2515 aliud
1156 2467 1188 2515 et
1204 2455 1281 2537 lege.

494 2582 905 2649 ιιιιιιιιοιιιιιιιι.

176 2708 237 2767 ln
256 2706 330 2768 haec
347 2707 506 2788 mancipia,
524 2728 601 2788 quae
619 2707 676 2767 iste
690 2707 727 2766 ad
741 2727 775 2766 se
792 2701 917 2786 recepit,
936 2705 1111 2789 etreliqua,
1128 2726 1206 2783 quae
1224 2726 1282 2766 no-

114 2789 179 2853 Isis'
186 2813 244 2851 una
262 2813 331 2851 cum
349 2791 396 2852 his
415 2792 612 2873 oppignerata
630 2791 765 2864 fuerunt,
788 2803 905 2851 tantum
924 2810 1088 2869 expensum
1106 2789 1195 2847 tulit:
1210 2788 1284 2849 inde

113 2895 193 2943 'vero
206 2889 365 2976 acceptum
383 2876 468 2935 nihil
478 2877 603 2937 omnino
620 2875 736 2948 retulit,
753 2876 828 2956 quin
843 2876 926 2956 ipsos
945 2875 1035 2933 etiam
1053 2873 1192 2933 homines
1208 2872 1283 2955 sub-

123 2959 214 3034 duxit,
232 2983 285 3042 qur
275 2951 460 3023 duodecim
473 2961 569 3022 minas
578 2960 730 3021 immunes
746 2961 909 3040 quotannis
926 2957 1102 3020 afferebant
1118 2957 1176 3017 Dic
1194 2945 1283 3020 aliud

492 3110 949 3170 ιιιιιιιοιιιιιιιι.ι

122 3262 127 3272 ,
201 3214 270 3275 Hoc
289 3213 365 3275 ebur
382 3227 412 3273 et
429 3213 542 3274 serrum
561 3235 629 3274 cum
647 3213 835 3286 vendiderit,
859 3234 898 3274 ne
915 3213 1057 3273 relictum
1076 3211 1200 3292 quidem
1218 3231 1284 3271 esse

126 3295 213 3373 dixit,
237 3290 292 3416 sed
311 3298 469 3403 ethorum
486 3299 586 3379 pretio
606 3317 654 3357 me
674 3298 847 3372 defraudat,
872 3299 989 3363 talento
1008 3298 1135 3360 circiter.
1178 3295 1347 3359 Recita

13 3406 23 3413 ·
125 3380 236 3451 hece

520 3532 888 3578 TESTIMONIA.

16 3709 23 3721 Ι
182 3637 288 3698 Haec
304 3637 363 3697 tria
374 3637 493 3699 talenta
511 3648 543 3698 et
560 3635 642 3696 mille
661 3635 816 3696 drachmas
833 3645 954 3716 praeter
971 3645 1088 3695 caetera
1106 3645 1202 3707 tenet,
1214 3652 1284 3713 sor-

124 3720 159 3783 tia
176 3722 314 3809 qumque
317 3722 453 3796 talenta,
471 3741 547 3804 quae
565 3721 624 3780 iste
642 3720 774 3801 accepit·
792 3741 853 3783 una
871 3740 944 3781 vero
963 3741 1032 3781 cum
1049 3719 1161 3792 usuris,
1179 3715 1205 3778 si
1218 3716 1286 3798 quIs
1313 3717 1353 3774 19

124 3798 346 3967 ἰξῃιιιιιιιιιιιιι
362 3820 482 3878 tantum
500 3817 672 3887 computet,
696 3805 825 3913 amplius
843 3805 949 3919 decem
958 3805 1079 3892 talenta
1096 3802 1216 3867 habet
1218 3801 1318 3865 Dic

176 3915 242 3975 qua

490 4039 887 4091 TESTIMONIA
950 4002 952 4006 Ι

135 4194 140 4201 .
202 4143 315 4205 Haec'
305 4108 356 4246 asti
374 4143 540 4226 perscripta
557 4165 623 4207 esse
641 4141 859 4205 intestamenti
877 4118 1000 4216 tabulis,
1016 4158 1111 4223 seque
1125 4140 1287 4223 accepisse,

10 4276 14 4297 ,
124 4230 303 4294 testimoniis
322 4230 354 4292 in
371 4249 405 4293 se
423 4241 531 4291 mutuo
550 4229 640 4294 dictis
656 4227 794 4313 probant
817 4226 886 4292 At
876 4241 934 4288 rste
952 4247 987 4288 se
1003 4226 1180 4295 arcessitum
1200 4248 1217 4289 a
1233 4249 1286 4308 pa

40 4392 44 4408 '
123 4324 166 4375 tre
182 4337 251 4413 esse
268 4314 338 4426 ait,
354 4327 386 4377 et
402 4315 572 4398 ingrestum
590 4314 622 4377 in
639 4294 730 4382 aeded
748 4335 812 4379 nou
837 4312 1001 4399 accessisse
1016 4314 1065 4381 ad
1073 4333 1166 4390 eum,
1189 4335 1206 4375 a
1223 4332 1323 4394 quo
