2722 4754
127 148 199 247 'aaa
364 202 383 254 v·
415 180 795 246 nau-osrnnnrs·
818 132 1010 242 orans-o

132 341 226 423 perit,
254 340 340 399 etde
359 337 487 418 imperio
506 337 636 397 deiicere
655 337 910 412 sitconatus,'et
933 347 1032 395 totum
1055 354 1186 416 regnum
1213 353 1311 392 occu-

49 429 110 490 433
134 447 224 509 pare,
242 425 309 504 ipso
329 436 439 482 eventu
460 423 585 482 edoctus
598 427 613 494 ,'
626 443 688 481 non
704 422 797 481 licere
816 422 873 480 sibi
891 420 976 501 prius
995 419 1091 488 ullum
1110 419 1183 479 facti
1202 417 1312 502 vobis-

134 533 204 572 eum
229 507 363 570 foederis
396 520 486 587 caput
509 508 640 581 violare,
673 506 845 586 quamvhos
871 506 1106 567 exterminasset.
1151 503 1252 579 Quod
1273 516 1311 563 ut

133 617 223 677 quam
247 592 388 652 facillime
413 592 594 666 conficeret,
620 592 680 651 tale
699 593 855 670 decretum
877 613 893 649 a
918 590 1003 651 vobis
1023 589 1215 671 impetravit,
1246 609 1311 669 quo

82 718 90 731 .
132 680 182 764 (id.
197 677 280 758 quod
297 677 410 737 factum
430 686 526 749 es'set,
548 676 730 736 nisinostra
747 676 925 736 intercessio
944 688 975 734 et
993 675 1144 735 accusatio
1164 673 1333 739 obstitis-1

47 790 64 819 ².
132 762 194 846 set)
218 760 415 844 comprobato
440 757 802 822 manifesta-“laetaesset
824 760 934 820 iniuria
959 759 1078 820 duobus
1104 759 1255 842 regibus,
1279 770 1312 818 et

130 848 384 921 illorum-duces,
401 848 531 921 Bianor,
549 847 672 919 Simon,
691 845 927 919 Athenodorus,
945 845 1124 905 calumniam
1143 866 1179 906 cx
1200 865 1242 904 eo
1259 866 1310 905 ae-

128 935 364 996 natusconsulto
382 933 609 1014 impendentem
627 932 842 1006 formidantes,
867 931 1070 1011 quievissent,
1096 931 1232 1011 etipse,
1255 928 1310 991 illa
1352 988 1358 993 .

98 1004 102 1020 ⁸
130 1008 271 1103 pptentia'
284 1019 431 1080 fretuszet
448 1017 544 1078 totius
560 1017 648 1101 regui
665 1017 797 1098 potitus,
815 1031 925 1098 potens
943 1017 1029 1078 vobis
1048 1015 1191 1077 inimicus
1213 1015 1306 1099 exsti-

57 1153 63 1167 .
129 1107 224 1168 tisset
268 1105 369 1164 Habet
386 1117 487 1164 autem
507 1103 591 1163 omni
613 1116 751 1184 tempore
773 1115 916 1184 tanquam
935 1124 1033 1163 arcem
1053 1115 1083 1162 et
1101 1101 1228 1186 asylum
1241 1101 1307 1184 s'uis

38 1244 41 1248 ,
130 1190 341 1253 occasionibus
358 1201 491 1270 paratam
510 1185 728 1250 Gordianorum
752 1189 876 1262 urbem,
903 1211 993 1268 quam
1016 1188 1048 1248 in
1073 1185 1306 1249 omnibuszfoe-

21 1268 23 1274 ’
91 1276 104 1287 ”
131 1274 254 1360 denibus
271 1275 331 1336 sihi
350 1287 497 1335 exemtam
514 1275 613 1334 voluit
629 1296 664 1335 ac
682 1273 814 1354 denique
832 1274 930 1355 palam
954 1295 970 1333 a
988 1273 1074 1334 vobis
1094 1271 1222 1352 eripuit.
1256 1272 1305 1337 At

125 1358 189 1424 'riisi
206 1361 293 1428 vobis
312 1360 388 1426 male
407 1359 592 1443 cogitarent,
626 1361 652 1419 si
669 1360 744 1420 citra
762 1380 884 1429 omnem
902 1360 1005 1419 sucum
1025 1373 1054 1420 et
1073 1379 1109 1418 ex
1126 1357 1306 1429 animove-

130 1461 222 1508 stram
237 1436 408 1505 xamicitiam
432 1438 533 1505 colere
557 1445 775 1521 decrevissent:
804 1467 950 1524 quorsum
974 1444 1137 1517 attinebat,
1163 1464 1219 1503 eos
1245 1442 1307 1504 sibi

128 1527 290 1593 stationem
300 1536 461 1590 reservare
480 1531 516 1589 ad
534 1551 588 1591 vos
607 1526 827 1612 oppugnandos
847 1529 1068 1611 opportunam?
1092 1529 1201 1589 Nostis
1221 1529 1304 1588 enim

29 1653 31 1657 ,
128 1618 285 1688 hoc-vos,
302 1614 360 1695 qui‘
372 1616 435 1675 illic
452 1615 570 1689 fuistis,
594 1629 695 1689 certo,
720 1615 831 1675 caeteri
841 1616 885 1675 ab
905 1614 953 1674 his
970 1615 1085 1675 edocti:
1112 1636 1183 1674 eum
1202 1613 1245 1675 ita
1264 1615 1305 1674 sit

1 1713 8 1723 ⁸
128 1704 165 1762 in.
184 1721 241 1761 nos
268 1695 396 1760 animata
415 1697 633 1761 Cardianorum
653 1701 774 1775 civitas,
799 1715 835 1761 ut
853 1713 916 1775 est,
934 1696 1177 1780 'Cersobleptaffi
1205 1698 1302 1760 Thra·

127 1787 181 1850 ciis
200 1785 332 1871 negotiis
351 1785 516 1858 conlectis,
535 1786 662 1868 siugulis
681 1786 788 1847 diebus
807 1786 899 1847 licere
918 1782 1145 1846 Chersonesum
1162 1784 1301 1856 tutoin-

72 1873 76 1882 ’
126 1873 243 1933 vadere.
273 1870 351 1930 Nam
370 1871 423 1950 qui
441 1867 593 1931 Chalcidis
612 1872 645 1932 ln
661 1872 788 1931 Euboea
805 1872 881 1932 situs
901 1884 948 1935 est
964 1870 1201 1946 adBoeotiam',
1218 1871 1310 1931 idem·

35 1948 37 1952 ’
127 1957 159 2018 in
174 1953 368 2037 Chersoneso
377 1952 549 2016 Cardianae
568 1957 695 2017 civitatis
710 1957 789 2017 -situs
809 1968 855 2017 est
872 1958 909 2016 ad
925 1956 1082 2017 Thraciam
1100 1968 1304 2038 comparatae.

5 2097 7 2100 ,
121 2045 214 2118 ,Quae
233 2061 295 2121 quo
312 2041 382 2100 loco
401 2040 500 2120 posita
517 2042 574 2115 sit,
609 2041 746 2122 quisquis
765 2055 897 2102 vestrum
915 2042 1019 2102 novit:
1054 2041 1143 2103 idem}
1154 2042 1309 2126 ignorare*

35 2191 38 2194 ,
126 2149 190 2188 non
208 2137 328 2207 potest,
359 2126 396 2185 ad
415 2148 504 2205 quam
524 2127 714 2186 occasionem
731 2127 814 2187 illam
830 2128 978 2201 retineat,
1013 2140 1043 2186 et
1062 2149 1117 2187 cur
1133 2132 1299 2210 tantopere

125 2209 337 2283 contenderit,
355 2231 394 2269 ne
411 2210 498 2271 vobis
515 2212 692 2273 traderetur.
727 2211 835 2292 Neque
852 2234 926 2273 vero
944 2212 1003 2293 ipsi
1023 2211 1141 2273 debetis
1158 2211 1301 2272 hostium

69 2357 71 2363 ,
124 2291 305 2378 promovere
331 2297 506 2369 commoda,
532 2318 595 2377 quo
614 2310 673 2363 ‘vos
697 2293 815 2358 facilius
840 2309 1036 2380 oppugnents
1068 2298 1123 2358 sed
1146 2299 1311 2377 quantum*
1345 2309 1358 2361 ’.

62 2444 73 2456 .
107 2381 191 2444 'lieri
208 2388 325 2462 potest,
354 2379 518 2461 prohibere
536 2403 570 2442 ac
588 2383 764 2463 providere,
795 2383 1036 2457 ne'illis-contra
1054 2403 1109 2442 vos
1128 2383 1222 2443 detur
1242 2403 1300 2463 ops

110 2461 309 2548 portunitas:
326 2487 395 2526 nam
413 2487 446 2525 se
464 2466 541 2527 nulli
560 2467 907 2529 occasioni-defuturum
926 2468 1094 2532 declaravit
1115 2464 1195 2532 Cum
1214 2467 1300 2529 enim

122 2551 279 2632 Philippus
298 2551 474 2618 Maroneam
491 2553 640 2627 venisset,
675 2554 862 2634 Apollonide
887 2552 979 2619 misso
997 2553 1092 2614 fidem
1108 2553 1138 2612 ei
1149 2563 1189 2615 ‘ct
1205 2554 1299 2614 Pam-

16 2665 19 2669 ·
46 2630 56 2643 ’
122 2636 206 2701 meni
224 2630 315 2695 dedit
358 2637 453 2711 Quod·
468 2637 502 2697 ni
520 2637 709 2713 Amadocus,
737 2639 964 2721 qui-regionem
982 2637 1140 2719 praesidiis
1159 2639 1298 2712 tenebat,

1 2727 24 2790 '2
121 2719 329 2782 interdixisset
343 2720 496 2802 Philippo,
514 2743 553 2782 ne
568 2724 740 2784 accederet:
758 2723 835 2783 nihil
854 2723 1032 2798 obstitisset,
1044 2728 1117 2807 xquo'
1129 2724 1230 2785 minus
1240 2744 1298 2785 vos

121 2827 203 2867 nunc
228 2827 296 2865 cum
323 2801 477 2867 Cardianis
497 2820 528 2867 et
547 2798 845 2889 Cersobleptebello
871 2808 1142 2873 couilictaremini.·
1176 2811 1261 2870 Haec
1279 2831 1296 2868 a

26 2932 30 2938 ι
122 2911 170 2951 ωέ
188 2896 252 2950 non
268 2891 362 2972 fingi,
381 2913 398 2950 e
417 2888 555 2953 Charetis
574 2892 703 2975 epistola
722 2886 922 2977 cognoscetis.
964 2902 969 2912 '

479 3083 496 3096 ,
564 3032 851 3091 sersaoni.
1031 3086 1037 3110 ,
1142 3086 1176 3118 Ἀ
1220 3065 1226 3075 ι

206 3148 240 3206 ln
262 3147 337 3219 haec
359 3144 454 3227 igitur
476 3145 648 3223 intuentes,
675 3149 813 3209 diffidere
832 3150 1112 3234 debetis,>neque,
1136 3174 1192 3234 spe
1215 3173 1295 3213 vana

119 3229 234 3305 inflati,
253 3253 323 3291 eum
341 3231 411 3291 loco
430 3232 518 3304 amici
536 3233 645 3294 colere.
675 3233 751 3295 Nam
770 3236 796 3295 si
813 3237 993 3298 necessitate
1012 3252 1134 3309 coactus
1153 3239 1297 3319 aliquan-

90 3316 93 3321 ’
112 3318 159 3377 do
178 3338 210 3377 se
224 3316 316 3378 vobis
334 3317 464 3377 amicum
482 3339 547 3381 esse
565 3319 700 3393 simulat,
719 3314 804 3380 care
823 3322 948 3404 gratiam
967 3323 1073 3384 haberi
1086 3336 1221 3385 ‘nonest
1238 3344 1293 3384 ae-

68 3456 71 3460 ,
118 3424 213 3482 quum
232 3390 473 3483 Cersohleptaes·
494 3426 596 3485 neque
613 3405 640 3466 si
658 3402 874 3480 Charidemus,
898 3407 1038 3488 privatim
1049 3409 1183 3490 paucula
1192 3408 1297 3468 ’duci-

32 3491 94 3554 434
116 3486 174 3548 bus
194 3501 224 3548 et
237 3488 414 3566 oratoribus
433 3481 539 3551 vestris
559 3490 733 3574 largiendo,
756 3492 826 3551 talia
845 3493 983 3566 conficit,
1007 3494 1295 3575 propterealaudie

117 3573 174 3634 bus
194 3586 241 3632 est
258 3575 429 3641 ornandus:
456 3575 510 3634 sed
536 3597 593 3657 pro
612 3597 649 3636 co
667 3576 786 3657 potius,
812 3579 911 3657 quod,
936 3580 1181 3661 quotiescunque
1200 3591 1296 3660 pote-

63 3654 72 3662 ’
116 3671 176 3720 stas
201 3659 234 3718 ei
255 3660 322 3719 data
344 3658 405 3739 fnit
430 3661 540 3741 agendi
559 3656 705 3742 quicquid
723 3662 788 3742 ip‘se
806 3662 913 3737 vellet,
938 3663 1046 3725 ubivis*
1065 3666 1154 3726 vobis
1178 3685 1296 3726 nocer-

50 3765 51 3769 *
107 3756 241 3807 ‘conatus
260 3745 431 3818 estsmulto
449 3745 544 3828 magis
562 3746 650 3808 irasci
668 3768 722 3808 vos
742 3747 771 3806 ei
789 3749 883 3808 decet
903 3745 1081 3810 Cum.·enim
1100 3751 1154 3811 alii
1171 3771 1295 3824 omnes,

115 3829 226 3910 quibus
241 3829 359 3910 'aliquid
377 3853 512 3910 unquam
524 3854 553 3891 a
577 3832 734 3915 republica
757 3832 1110 3910 nostrauibutumest,
1133 3857 1191 3917 pro
1213 3836 1295 3898 datis

15 3991 17 3997 ἲ
113 3914 271 3975 benefieiis
289 3914 432 3976 honorati
450 3916 530 4001 sinte
551 3922 631 3978 unus
650 3919 708 3978 iste
726 3918 809 3982 solus
830 3942 846 3980 e
865 3921 991 3981 caeteris
1009 3921 1169 3983 universis
1180 3921 1296 3983 ob¹in-

108 3999 205 4061 iuriae
222 4014 270 4064 est
286 3997 437 4076 ornatus,
467 4024 541 4082 quas
560 4004 654 4065 nobis*
667 4004 766 4065 facere
785 4018 912 4066 conatus
930 4007 967 4066 ad
986 4006 1100 4067 exitum
1118 4008 1294 4090 perducere

112 4087 302 4166 non-potuit.
320 4088 513 4168 Quamquam
531 4103 632 4150 autem
651 4091 691 4150 ita
710 4091 820 4151 merito
839 4091 941 4173 magui
959 4093 1095 4154 muneris
1109 4093 1208 4156 instar
1223 4111 1295 4154 esse

61 4224 66 4231 ,
112 4190 254 4257 concessa
277 4173 427 4234 scelerum
447 4172 577 4235 deb'ebat
600 4175 780 4257 impunitas,
798 4198 940 4256 quorum
964 4178 1030 4238 iure
1045 4201 1168 4261 poenas
1186 4181 1295 4242 dedis-

11 4300 22 4315 .
110 4264 180 4316 sets
206 4270 308 4318 tamen
328 4259 388 4320 hoc
406 4259 579 4326 oratoribus
597 4269 662 4343 no'n
685 4274 732 4320 est
749 4262 836 4337 satis,
871 4263 930 4324 nisi
947 4263 1096 4326 habeatur
1112 4267 1190 4328 civis
1209 4266 1295 4328 hene

29 4400 32 4405 .
73 4369 78 4378 ·
109 4343 338 4418 meritus,·-nisi
363 4365 495 4408 coronae
521 4359 552 4407 et
575 4346 706 4428 praemia
725 4348 929 4410 decernantur
944 4365 1072 4433 propter
1096 4354 1293 4437 corruptelas
