2722 4754
115 173 198 251 'oss
254 260 261 267 ,
342 166 1017 277 '‘unuosrnnursonamo

48 335 52 341 ’
136 338 236 416 minis,
255 340 288 399 Si
306 341 374 420 quis
393 337 554 414 occiderit,
574 354 680 400 contra
699 341 873 417 damnatos,
890 343 923 402 Si
942 341 1009 421 quis
1029 339 1181 403 homicida
1198 337 1306 414 suerit,

71 495 73 500 y
106 486 111 491 ,
135 427 168 486 in
186 426 387 506 appellatione
407 423 487 497 eius,
513 423 566 504 qui
585 422 719 485 criminis
735 446 804 486 reus
816 440 883 500 est,
901 448 1015 487 nomen
1032 425 1202 507 usurpasti,
1230 430 1311 507 sup-·

109 535 112 539 ·
134 511 258 607 plicium
277 530 359 580 vero,
379 509 461 586 quod
479 531 536 569 nec
554 509 586 568 in
605 511 760 571 convictos
777 512 957 591 permittunt
975 513 1068 594 leges,
1087 510 1118 570 id
1131 524 1167 570 tu
1185 510 1218 569 in
1239 516 1327 598 (εοερΧκ

134 595 172 654 de
192 593 302 671 quibus
321 592 456 651 nondum
476 593 622 655 iudicium
638 595 750 655 sactum
769 606 830 669 est,
848 596 989 670 statuisti,
1008 617 1056 670 eo,
1076 597 1158 675 quod
1179 607 1226 655 est
1246 594 1304 654 bo·
1349 648 1357 663 ,

20 726 24 735 ,
112 699 201 749 ¹rum
220 677 372 749 medium,
389 679 566 758 repudiato.
599 679 795 763 lnteriectpm
815 679 903 741 enim
922 693 967 741 est
984 680 1066 741 inter
1084 679 1304 749 crimeneius-

133 763 265 842 demque
283 761 495 842 probationem
524 762 687 823 iudicium:
722 764 752 824 id
772 766 856 843 quod
881 787 1030 846 nusquam
1052 765 1112 826 iste
1129 763 1306 848 scriptitin

112 909 115 914 ,
133 848 406 909 senatusconsulto.
441 846 547 907 Recita
564 862 727 928 sequentes
744 849 835 930 leges.
886 895 889 900 -

610 986 775 1051 'num

220 1103 251 1163 Si
271 1102 337 1182 quis
356 1113 457 1161 autem
476 1100 658 1162 homicidam
676 1100 907 1180 ceciderimus
923 1103 1022 1164 caedis
1040 1104 1073 1164 ei·
1087 1115 1176 1168 causa
1192 1104 1303 1166 luerit:

28 1199 32 1238 2
73 1202 75 1207 '
131 1168 166 1250 il
177 1186 413 1248 abstineatforo
431 1186 602 1275 collimitio,
621 1199 652 1246 et
670 1186 759 1260 ludis,
778 1198 817 1246 et.
826 1186 917 1247 sacris
936 1186 1212 1272 Amphictyonieis,
1230 1199 1327 1273 per-'

132 1273 204 1335 inde
222 1276 256 1332 ac
274 1272 302 1332 si
312 1271 542 1354 Atheniensem*
553 1271 722 1345 occidisset,
741 1270 912 1351 eodemque
929 1273 1054 1335 crimine
1072 1287 1228 1341 teneaturz
1246 1273 1318 1349 sed·

62 1377 64 1380 ·
96 1366 100 1371 “
132 1351 278 1419 iudicatio
290 1357 467 1437 *capitalium
487 1379 643 1417 causarum
661 1356 816 1417 iudicibus·
831 1350 1009 1417 reservetur.
1142 1412 1145 1419 .

85 1509 89 1518 ,
218 1439 477 1524 cognoscendum,
490 1442 577 1502 vobis
596 1453 652 1514 est,
669 1441 883 1513 Athenienses,
901 1442 975 1522 quid
993 1442 1082 1503 huius
1097 1443 1173 1526 legis
1192 1453 1305 1505 auctor

132 1527 191 1588 sibi
208 1526 347 1590 voluerit
364 1527 521 1592 ·Videbitis
541 1527 631 1600 enim,
651 1547 720 1586 eum
738 1527 909 1586 verecunde
929 1527 1030 1587 omnia
1049 1541 1080 1587 et
1097 1528 1234 1610 legitime
1243 1528 1304 1597 ,di-¹

131 1613 279 1674 stinxisse.
313 1612 347 1670 Si
359 1613 445 1690 quis,
462 1611 577 1692 inquit,
596 1610 741 1671 occiderit
754 1611 956 1684 homicidam,
973 1625 1027 1688 aut
1044 1614 1144 1673 caedis
1163 1608 1193 1673 ei
1210 1634 1305 1674 causa

131 1696 234 1771 luerit,
251 1696 444 1777 is'cabstineat
461 1698 529 1757 foro
548 1695 725 1769 collimitio,
744 1707 775 1754 et
792 1696 887 1768 ludis,
906 1709 936 1756 et
954 1697 1043 1757 sacris
1062 1695 1303 1782 Amphictyoni-

31 1796 34 1803 '
87 1789 93 1797 ⁴
132 1782 185 1858 cis,
203 1782 382 1864 perinde-ac
395 1782 421 1841 si
433 1780 652 1841 Atheniensem
671 1779 841 1853 occidisset,
860 1781 1029 1861 eodemque
1049 1782 1175 1843 crimine
1191 1795 1303 1844 tenea*

47 1873 107 1932 401
132 1879 197 1934 tur:
224 1869 277 1927 sed
296 1866 440 1927 iudicatio
457 1864 631 1946 capitalium
649 1865 973 1938 causarumiudicibus
991 1879 1190 1929 reservemus
1214 1867 1303 1942 Quid

131 1951 182 2013 bic
200 1952 312 2012 a'udio?
338 1952 391 2025 llle
411 1951 538 2023 censuit,
555 1950 656 2012 caedis
673 1951 891 2023 reumfactum
908 1957 941 2010 et
958 1952 1140 2024 convictum,
1158 1952 1184 2012 si
1203 1950 1303 2012 semel

132 2037 275 2120 effugerit
291 2048 383 2116 atque
409 2036 552 2107 evaserit,
578 2035 692 2095 iustum
718 2035 842 2114 quidem
859 2056 944 2109 csse,
972 2056 1008 2095 ex
1026 2032 1178 2098 interfecti
1201 2036 1304 2116 patria

132 2121 341 2183 exterminari:
367 2115 469 2181 occidi'
482 2119 657 2199 ubicunque
676 2138 742 2179 esse
760 2120 851 2179 nefas.
888 2119 980 2195 ‘Quid
996 2122 1180 2200 spectavitl'·
1198 2121 1321 2203 -tttud,

124 2207 226 2288 quod,
244 2206 271 2265 si
287 2211 427 2277 noseos,
446 2205 498 2283 qui
516 2206 576 2264 alio
594 2226 626 2265 se
644 2204 848 2283 recepissent,
866 2205 1094 2279 occideremus,
1110 2205 1161 2265 alii
1177 2226 1303 2287 perem-

84 2305 86 2310 '
131 2291 193 2353 turi
212 2303 313 2350 essent
326 2311 394 2364 eos,
413 2289 465 2368 qui
483 2289 543 2348 huc
560 2289 776 2372 confugissent.
812 2290 905 2363 Quod
923 2291 949 2350 si
965 2292 1070 2364 fieret,
1087 2292 1165 2363 sore,
1184 2303 1221 2351 ut
1237 2311 1304 2355 una

22 2450 27 2459 ⁴
130 2377 248 2455 reliqua
267 2375 446 2435 calamitosis
460 2373 601 2433 omnibus
616 2375 695 2434 salus
710 2373 876 2433 tolleretur.
894 2373 937 2434 Ea
954 2397 1030 2454 quae
1044 2376 1107 2437 est?
1121 2377 1166 2439 'Ut
1179 2396 1302 2447 eorum,

82 2480 86 2497 ²
131 2479 209 2541 quos
227 2460 387 2531 laeserint,
411 2459 505 2539 patria
524 2460 648 2532 cedant,
674 2459 707 2517 in
721 2457 852 2517 'aliorum
872 2459 1036 2534 ditionem,
1055 2461 1163 2541 quibus
1181 2460 1302 2521 nullam

58 2616 61 2621 Υ
130 2544 266 2609 fecerint·
274 2545 428 2621 iniuriam,
447 2544 613 2604 habitatum
630 2555 698 2602 tuto
717 2542 925 2625 commigrent.
960 2547 994 2604 ld
1012 2546 1105 2626 igitur
1121 2566 1161 2605 ne
1173 2546 1302 2607 accide-

25 2668 28 2674 -
50 2655 54 2665 ’
96 2664 102 2675 .
131 2642 190 2710 ret,
207 2648 286 2691 neae
303 2629 421 2688 infinita
439 2626 643 2688 calamitatum
655 2627 800 2707 supplicia
820 2628 1008 2703 exsisterent,
1026 2623 1162 2710 scripsit:
1180 2630 1213 2688 Si
1228 2629 1301 2708 quis

132 2713 314 2774 homicidam
341 2714 502 2785 occiderit,
530 2712 679 2772 abstineat
703 2712 771 2772 foro
798 2712 964 2773 collimitio.
1002 2714 1092 2789 ⁴Quid
1111 2735 1145 2773 ea
1161 2735 1221 2774 vox
1238 2712 1302 2777 sihi

130 2798 216 2865 vrrlt?
241 2796 367 2865 Finibus
385 2798 528 2879 regiqnis.
553 2796 599 2855 lbi
618 2797 699 2855 enirn
716 2797 766 2879 (ut
783 2797 857 2855 mihi
875 2795 1009 2880 videtur)
1027 2798 1157 2878 antiquis
1174 2809 1300 2878 tempo-

131 2882 215 2943 ribus
234 2881 457 2941 conveniebant
474 2881 606 2952 finitimi,
625 2893 656 2945 et
673 2903 689 2939 a
706 2880 793 2940 vobis
813 2893 844 2940 et
861 2881 898 2941 ab
915 2882 985 2941 urbi
1003 2882 1124 2942 vicinis:
1142 2884 1225 2942 unde
1244 2903 1299 2962 ap-

126 2966 255 3049 'pellavit
265 2965 579 3025 forum-collimitium.
596 2965 636 3024 Et
647 2986 767 3024 rursus:
783 2964 879 3024 Sacris
890 2965 1162 3050 Amphictyonicis.
1179 2967 1299 3041 Quam,

82 3065 88 3072 “
130 3046 237 3112 obrem
257 3062 288 3109 et
299 3049 341 3109 ‘ab
360 3050 407 3110 bis
426 3050 553 3110 exclusit
570 3049 773 3109 homicidam?
797 3051 839 3109 Ut
857 3066 1104 3130 quarumcunque
1121 3072 1229 3111 rerum.
1243 3071 1298 3111 oc-

131 3136 211 3195 cisus
229 3134 378 3215 particeps
396 3135 559 3208 fueratiis
575 3128 676 3193 caedis
694 3146 848 3202 auctorem
866 3127 1049 3214 prohiberet
1078 3136 1224 3208 Primum,
1241 3154 1297 3214 pa·
1348 3123 1352 3131 ¹

126 3220 188 3303 tria
207 3232 238 3278 et
256 3220 412 3293 omnibus,
432 3242 508 3300 quae
527 3220 560 3278 in
578 3240 612 3280 ea
629 3230 716 3291 sunt,
734 3219 966 3279 solennitatibus
985 3233 1017 3279 et
1033 3220 1139 3280 sacris:
1158 3231 1189 3278 et
1206 3218 1298 3280 colli-

130 3302 250 3364 mitium
267 3305 367 3364 sorum
384 3326 441 3385 pro
458 3304 589 3364 termino
619 3303 802 3384 designavit,
829 3317 895 3380 quo·
916 3304 1141 3384 prohibendum
1158 3324 1227 3364 eum
1245 3301 1296 3363 di-

130 3388 187 3448 cit:
212 3389 322 3466 deinde
347 3389 438 3449 sacris
454 3386 718 3470 'Amphictyonicis
741 3386 875 3468 (namet
897 3387 1024 3462 horum,
1047 3391 1139 3449 modo
1157 3387 1296 3447 Graecus

128 3485 211 3533 esset
228 3470 364 3545 occisus,
374 3473 522 3552 particeps
540 3469 652 3554 suerat)
668 3484 700 3532 et
712 3471 799 3530 ludis.
818 3472 1047 3545 Quamobrem?
1058 3473 1296 3547 -Quiacommu-

129 3577 184 3616 nes
202 3569 275 3615 sunt
294 3556 438 3616 omnibus
458 3557 510 3637 qui
535 3556 726 3615 celebrantur
750 3555 782 3615 in
802 3556 928 3638 Graecis
946 3557 1026 3616 ludi:
1051 3555 1198 3636 aquibus
1210 3552 1295 3633 ,quia

114 3676 116 3681 ,
127 3661 220 3701 nemo
234 3641 458 3715 excludebatur,
471 3640 595 3700 illorum
611 3641 700 3713 etiarn
713 3641 861 3720 particeps
874 3640 973 3700 luerat
987 3643 1104 3701 occisus
1116 3640 1176 3700 ille
1193 3636 1295 3698 Etiam

68 3732 72 3770 ἴ
119 3725 176 3785 his
193 3722 289 3806 igitur
312 3725 475 3799 abstineat,
500 3725 595 3785 ethis
621 3725 743 3804 quidem
769 3725 951 3784 homicidam
974 3726 1125 3805 prohibet
1167 3723 1202 3782 si
1218 3741 1295 3782 vero

29 3811 32 3817 ’
128 3821 211 3869 extra
230 3809 304 3869 haec
329 3811 475 3870 occiderit
500 3831 569 3870 eum
595 3809 721 3889 aliquis,
745 3822 797 3869 aut
814 3808 935 3869 alieubi·
950 3809 1037 3885 alibi:
1064 3810 1147 3869 idem
1169 3808 1203 3866 in
1212 3812 1297 3875 eum,

127 3892 310 3973 supplicium
329 3895 497 3970 constituit,
515 3894 608 3974 quod,
626 3893 652 3952 si
669 3892 889 3954 Atheniensem
908 3893 1074 3954 occidisset
1101 3893 1179 3952 Nam
1197 3887 1296 3974 exsuli

126 3997 242 4037 nomen
259 3977 387 4039 civitatis
405 3992 468 4039 no'n
484 3977 646 4059 impertiit,
664 3976 750 4037 cuius
768 3998 872 4058 expers
891 3990 954 4051 est,
977 3979 1032 4043 sed
1049 3977 1193 4040 facinoris
1201 4016 1220 4049 „
1228 3994 1294 4055 quo

127 4060 179 4121 ille
197 4046 393 4142 semetipsum
411 4063 573 4146 obligavit:
600 4075 841 4142 proptereaque,
865 4061 892 4120 si
911 4063 978 4141 quis
996 4061 1161 4143 occiderit,
1181 4058 1295 4140 inquit,

125 4143 319 4205 homicidam.
351 4148 479 4208 ‘Deinde
496 4147 551 4207 ubi
568 4145 693 4219 adiecit,
718 4147 830 4226 quibus
846 4146 938 4205 rebus
955 4147 996 4208 ‘sit
1018 4146 1234 4218 interdictum,
1258 4154 1296 4202 ut

36 4218 42 4229 ’
127 4227 310 4308 supplicium
327 4232 445 4293 ratione
468 4231 605 4314 legitima
622 4228 796 4311 infligatur,
822 4220 949 4310 civitatis
968 4252 1086 4291 nomen
1098 4231 1228 4320 posuit,
1244 4225 1294 4285 bis

24 4367 28 4379 ‚
126 4313 389 4379 verbis:·Perinde
402 4319 476 4403 acsi
488 4315 708 4389 Atheniensem
723 4313 1002 4382 occidisset.‚l⁷,alde
1017 4315 1183 4389 dissimilis,
1190 4311 1294 4379 ,Aete-

392 4599 394 4602 ·
483 4586 490 4613 l
