2722 4754
53 121 63 138 ’
128 172 194 249 ιιιι
268 189 305 227 ,ι
373 142 1054 284 ιιιιιιιιίιιιιιιιιοιιιιιο

78 355 84 361 ·
134 294 379 422 disputatione,
383 334 453 386 earm
472 303 510 380 hi
514 340 600 396 eos,
615 320 731 409 quiin
757 321 833 381 urhe
858 280 1029 395 manserant
1053 331 1084 379 et
1100 293 1159 383 aes
1167 315 1347 395 alienum

128 402 319 508 conflarant,
344 405 425 466 idern
445 417 477 464 et
494 383 660 467 dissolvere
684 396 845 481 iuberent,
870 407 915 466 illi
932 405 1135 467 communiter
1152 403 1357 464 Lacedae-

38 543 49 548 -
133 492 246 577 moniis
264 480 509 553 satislacicndur'n
525 504 694 564 censerent,
713 505 775 572 quo
780 490 825 550 id
843 491 989 572 primum
992 489 1172 562 concordiae
1192 488 1309 570 pignus

71 645 73 649 ,
135 572 228 639 esset:
251 577 357 650 aiunt,
376 576 531 677 populum
549 597 612 637 non
630 597 802 650 recusasse,
826 577 863 636 de
882 596 938 637 suo
957 576 1152 636 contribuere
1171 589 1204 633 et
1222 595 1310 634 sum-

73 671 75 675 ’
135 678 222 724 tuum
240 674 362 742 partem
369 684 408 722 ιιι
425 683 457 722 se
476 662 632 735 reclinare,
650 683 689 721 ne
701 662 829 742 quiden
842 661 889 735 iis,
908 683 984 742 quae
1003 671 1221 732 convenerant,
1238 657 1309 719 vio-

121 742 255 810 latetur.
296 745 438 807 Annon
423 747 524 830 igitur
540 747 702 808 absurdum
712 747 830 820 luerit,
848 745 1070 819 Athenienses,
1088 767 1142 807 tos
1160 759 1309 817 tum,ue

135 831 351 911 ιιιιιιιίιιιιιίιιῐι
369 833 507 909 conferre
526 830 686 912 pecuniam
698 832 736 891 in
754 826 861 890 eoruin
878 836 977 905 usu'm,
996 833 1049 912 qui
1066 851 1134 891 vos
1139 831 1309 890 affecerant

60 994 62 998 .
113 919 256 992 iniuria,
275 913 423 979 voluisse:
441 939 523 977 nune
541 931 625 990 vero,
643 938 712 976 curn
730 917 835 1017 liceat,
853 917 996 999 abrogata
1014 917 1098 999 lege,
1116 916 1182 976 sine
1201 925 1308 974 sumtu
1347 965 1357 971 .

64 1076 66 1080 ¹
136 1007 290 1071 insanum
316 1004 450 1063 tribuere
470 1002 534 1072 liis,
561 1025 614 1081 qur
604 1001 710 1061 bene
728 1002 829 1062 meriti
847 1015 936 1075 sunt,
962 1002 1050 1075 malle
1074 999 1200 1061 fallere?
1236 999 1307 1057 Hoc

106 1152 107 1156 ,
131 1089 212 1151 ιιιὶΙιὶ
240 1089 371 1170 quidem
387 1086 631 1169 indignissimum
652 1087 778 1147 videtur.
823 1087 869 1148 Ae
892 1108 992 1151 mores
1017 1100 1139 1146 nostrae
1165 1072 1323 1156 civitatis,

111 1229 115 1235 .
137 1175 359 1249 Athenienses,
378 1182 446 1233 cuin
466 1193 502 1230 ex
519 1171 622 1232 multis
641 1160 724 1247 aliis,
741 1186 806 1233 turn
826 1194 861 1233 ex
879 1172 945 1245 his,
964 1183 1050 1253 qua'e
1058 1171 1217 1242 recensui,
1236 1189 1305 1250 per-

137 1261 212 1342 spici
230 1271 332 1342 potest
350 1278 429 1317 esse·
434 1257 527 1330 tales,
551 1269 587 1317 ut
605 1279 639 1317 ea
657 1277 673 1317 a
691 1216 854 1324 mendaciis
873 1258 1046 1318 abhorreat
1053 1271 1085 1317 ct
1101 1257 1247 1317 humana
1252 1255 1305 1314 sit.

137 1359 172 1407 ut
190 1367 253 1405 non
272 1344 302 1404 id
319 1343 419 1407 solum
437 1355 571 1424 spectet,
603 1343 712 1444 quibus
736 1329 906 1405 rationibus
922 1343 1072 1404 aerarium
1090 1341 1306 1422 locupletetur,

113 1433 192 1492 'sed
217 1429 307 1490 illud
304 1430 427 1529 etiau‘r,
447 1429 530 1510 quid
544 1428 624 1488 lactu
650 1429 690 1491 sit
713 1422 884 1490 honestum
902 1430 1088 1511 Legislator
1111 1440 1213 1488 autem
1238 1425 1305 1526 iste,

114 1537 270 1598 -qnonam
295 1506 395 1574 aliis'
386 1537 417 1574 ιιι
442 1514 567 1577 rehus'
558 1514 682 1598 ingenio
709 1517 781 1587 sit,
792 1515 933 1614 equidem
951 1514 1072 1588 nescio,
1098 1533 1200 1592 neque
1220 1511 1306 1592 quie'

40 1619 49 1633 ’
139 1624 228 1683 qnam
252 1590 424 1704 improbum
439 1586 542 1685 (nibil
567 1601 648 1661 enirn
673 1599 718 1660 illi
741 1600 810 1659 tale
824 1600 962 1689 conscius
986 1602 1067 1679 siun)
1092 1599 1130 1658 'de
1156 1619 1193 1657 eo
1220 1597 1306 1656 dico.
1343 1598 1346 1609 “

67 1730 70 1738 -
140 1689 192 1747 sed
211 1687 355 1769 legem
326 1709 392 1767 erus
411 1689 533 1750 intuens
551 1689 656 1762 video,
688 1709 788 1750 mores
808 1681 885 1748 eius
891 1683 1061 1746 amoribus
1080 1682 1209 1746 civitatis
1227 1681 1307 1741 mul-

47 1845 50 1849 ,
140 1786 204 1833 tum
229 1751 386 1833 dissidere.
427 1773 548 1850 Quodsi
568 1797 615 1835 me
636 1775 782 1850 audietis,
806 1776 899 1877 longe
915 1766 1126 1872 praestabilius
1135 1767 1309 1844 uidebitur,

49 1914 56 1923 .
117 1871 174 1918 ⁴⁴nt
191 1858 216 1918 is
234 1857 266 1918 in
284 1858 455 1940 abroganda
474 1860 543 1944 lego
559 1873 688 1924 vestram
706 1862 920 1937 auctoritatem
924 1853 1033 1920 ualere
1051 1855 1197 1939 patiatur,
1215 1874 1309 1934 quatu

57 1987 60 2006 ι
138 1957 173 2003 ut
192 1964 256 2003 eam
275 1944 381 2004 vestris
392 1946 550 2046 suffragiis
567 1947 710 2026 perferat
725 1933 847 2006 Etenim
866 1968 934 2006 cum
949 1946 1020 2045 ip'si,
1037 1958 1103 2004 tum
1121 1940 1312 2038 reipublicae

67 2088 72 2095 ,
128 2018 365 2099 conducibilius
385 2031 468 2104 erit,
483 2044 520 2090 ut
517 2033 677 2133 Leptines
695 2055 712 2092 a
729 2032 891 2113 republica
902 2024 1082 2113 exemplum
1089 2041 1208 2128 ιιιοιιι,
1212 2032 1310 2123 quain

139 2127 174 2174 ut
192 2126 341 2175 nostram
345 2112 497 2176 civitatem
514 2117 579 2198 ipse
598 2141 645 2179 sur
637 2118 793 2179 {sutilem
812 2139 877 2177 esse
880 2118 976 2179 velit.
995 2116 1092 2176 Nam
1091 2112 1209 2173 etiamsi
1226 2110 1310 2191 opti-

56 2207 59 2222 ’“
129 2219 207 2261 “mars
226 2199 265 2260 sit
282 2199 395 2286 (qualis
412 2223 484 2262 sane
502 2223 566 2262 non
583 2203 676 2264 obsto‘
689 2224 750 2283 quo
768 2204 868 2263 minus
884 2199 1150 2284 perhibeatur),
1124 2221 1189 2258 erus
1206 2209 1313 2263 umen

96 2297 110 2341 '.
136 2301 241 2346 mores
260 2286 416 2386 publicis
408 2287 554 2347 institutis
572 2310 635 2349 non
655 2302 745 2354 erunt
762 2288 980 2349 antelerendi
993 2292 1109 2348 Verum
1128 2304 1204 2366 ego,
1226 2279 1314 2341 ludi

91 2392 208 2449 ces,
230 2372 342 2432 rectius
361 2393 416 2432 tos
434 2373 471 2431 de
490 2372 560 2432 hoc
566 2375 692 2457 negotio
711 2370 932 2434 deliberaturos
952 2371 1148 2444 arbitror,
1124 2394 1149 2430 ιι
1168 2363 1319 2435 conside·

140 2457 295 2530 raveritis,
319 2466 411 2538 qu'ae
408 2479 501 2518 causa
519 2459 574 2536 sit,
601 2481 656 2519 cur
673 2460 822 2538 honores,
847 2482 901 2539 qur
891 2458 1069 2559 aliquibus
1087 2478 1104 2514 a
1122 2451 1265 2516 libera
1236 2450 1315 2519 crvi-

140 2555 202 2602 tate
221 2543 386 2625 hahentur,
404 2543 507 2643 pluris
525 2545 614 2619 liant,-
633 2539 724 2645 quain
742 2546 821 2624 qui
813 2569 828 2605 a
848 2545 974 2605 caeteris
991 2541 1144 2624 imperiis,
1170 2560 1237 2599 eam
1243 2537 1315 2597 hac

81 2626 84 2637 '
141 2628 209 2709 lege
227 2629 302 2688 tolli
328 2628 464 2687 ‘'Nam
440 2651 464 2687 ιι
482 2629 656 2711 accipientis
675 2630 890 2710 compendium
909 2643 948 2689 et
957 2628 1105 2697 utilitates
1123 2632 1316 2724 spectentur,

46 2713 48 2721 '
142 2734 211 2772 curn
229 2713 366 2814 tyrannis
386 2727 417 2772 et
435 2714 608 2815 oligarehiis
625 2737 715 2776 nemo
735 2716 915 2776 liberalitate
934 2713 1131 2787 certatorit,
1129 2733 1198 2770 cum
1217 2708 1262 2768 eis
1281 2709 1317 2767 in

72 2806 73 2809 ’
101 2827 105 2831 ·
142 2804 266 2878 promtu
292 2798 366 2871 sit,
379 2820 450 2858 mox
475 2801 611 2879 quemvis
636 2801 836 2898 locupletare
849 2796 1033 2889 liberarum
1056 2818 1130 2858 iero
1156 2794 1314 2859 civitatum

57 2881 119 2937 293
143 2884 293 2949 honores
291 2880 413 2965 longe·
421 2885 501 2965 plus
517 2899 548 2946 et
572 2880 728 2968 dignitatis
757 2899 787 2946 et
814 2880 1001 2947 constantiae
1027 2884 1145 2945 habere
1167 2877 1318 2941 censendi

52 2986 66 3030 ,’
142 2982 230 3028 sunt:
257 2968 326 3048 quia
346 2981 376 3028 et
388 2967 481 3068 'illud
487 2971 673 3051 praeclarum
692 2985 754 3072 est,
778 2973 865 3032 nullo
883 2977 951 3032 cum
969 2972 1120 3054 dedecore
1140 2979 1193 3028 aut
1208 2986 1318 3033 assen-

142 3053 266 3113 tationis
268 3050 458 3154 suspicione
472 3056 644 3157 accipere,
663 3057 819 3117 sedenter
840 3079 909 3131 eos,
945 3079 1014 3117 cum
1033 3056 1158 3138 quibus
1161 3071 1265 3132 aequo
1276 3061 1319 3111 et

59 3198 61 3204 ,
142 3139 207 3220 pari
230 3135 297 3198 iure
312 3139 410 3213 visas,
438 3139 477 3199 ob
495 3141 615 3203 virtutis
632 3143 844 3223 praestantiam
862 3143 965 3225 magni
988 3142 1056 3202 fieri
1080 3154 1111 3201 et
1134 3135 1318 3218 aequalibus

143 3225 236 3284 ιιΙιιο
245 3224 438 3284 admirationi
457 3247 531 3291 esse.
562 3228 593 3287 id
613 3229 695 3307 quod
714 3228 805 3311 longe
822 3228 1005 3310 praeclarius
1016 3240 1086 3300 est,
1112 3246 1203 3307 quatu
1221 3245 1250 3282 a
1247 3221 1318 3281 <lo

95 3385 97 3389 .
144 3309 228 3368 mino
248 3309 376 3411 quidvis·
385 3312 545 3408 accepisse.
567 3312 643 3372 Nam
661 3325 697 3373 ut
714 3315 793 3393 apud
812 3314 890 3373 illos
899 3313 1141 3413 impendentium
1159 3300 1317 3391 periculo-

57 3434 60 3439 ·
95 3406 97 3411 '
123 3413 211 3458 'rum
231 3408 329 3460 metus
347 3395 453 3456 vineit
451 3398 624 3477 praesentis
643 3397 783 3459 beneficii
801 3398 1058 3480 magnitudinem.
1085 3398 1128 3457 sic
1144 3394 1227 3476 apud
1246 3413 1344 3474 uos,.

144 3479 302 3560 quicquid
308 3481 417 3561 aliquis
429 3484 646 3584 accepisset,
640 3504 746 3544 secure
747 3497 887 3572 tenere,
910 3485 1068 3566 superiore
1087 3495 1169 3543 certe
1189 3478 1320 3560 quidem

143 3577 294 3646 tempore,
311 3566 412 3629 licuit
439 3569 528 3628 Lex
518 3567 612 3651 igitur
628 3556 695 3642 ista,
713 3559 789 3649 quae
806 3569 984 3630 huiusmodi
1002 3569 1205 3629 donationum
1222 3565 1320 3623 fidem

70 3679 76 3691 x
105 3701 109 3706 .
146 3663 176 3710 et
194 3652 386 3712 securitatem
405 3652 502 3726 tollit,
527 3653 558 3713 id
576 3655 675 3724 tollit,
703 3676 764 3734 quo
782 3677 799 3714 a
816 3655 906 3724 nobis
925 3676 1068 3722 concessa
1088 3642 1169 3713 dona
1187 3648 1346 3743 caeteris·¹

145 3737 327 3798 aantecellere
345 3738 533 3803 ridebuntur.
577 3739 785 3800 Enimvero·
761 3763 785 3799 ιι
804 3763 841 3800 ex
866 3740 1033 3814 universis,
1059 3757 1248 3839 quoeunque
1266 3734 1321 3794 re-¹

59 3873 64 3879 .
145 3835 255 3903 gantur
272 3823 423 3904 imperio,
438 3823 608 3885 civitatibus
628 3847 744 3886 morem
762 3827 848 3886 illum
866 3839 898 3886 et
914 3838 1001 3890 vetus
1020 3825 1195 3885 institutum
1214 3833 1323 3880 sustu

52 3906 64 3912 ⁸
166 3930 226 3980 cs,
245 3930 284 3968 ne
300 3909 428 3990 recepti
434 3921 528 3983 status
547 3912 747 3972 conservandi
764 3911 908 3972 studiosis
927 3910 1023 3993 gratia
1039 3896 1204 3970 referatur:
1223 3905 1322 3966 anaxi-

63 4002 65 4006 '
110 3908 388 4151 ’Μ
371 3970 554 4076 praesidium
571 4018 632 4057 una
651 3997 841 4058 sustuleris.
850 3995 904 4056 At
927 3996 1003 4055 illud
1027 3997 1164 4058 sortasse·
1173 3993 1324 4074 Leptines

146 4083 254 4142 afferre
280 4102 296 4142 c
351 4079 457 4180 ιιίιιιι,
482 4093 518 4140 ut
542 4103 596 4142 vos
620 4083 657 4144 ab
684 4083 731 4143 his
755 4081 814 4142 alio
839 4083 977 4141 seducat·
999 4101 1097 4141 onera
1121 4078 1322 4179 publicorum

146 4188 321 4227 nurnerum
318 4176 409 4226 nume
427 4166 458 4226 in
477 4180 584 4227 tenues
603 4167 743 4228 homines
761 4166 916 4226 inclinata
913 4187 1007 4239 esse,
1034 4168 1127 4246 quae,
1152 4165 1177 4224 si
1197 4184 1254 4223 sua
1271 4163 1320 4222 lea
1353 4204 1356 4209 -

145 4265 208 4312 rata
226 4252 394 4337 habeatur,
400 4251 450 4311 ad
455 4251 704 4336 opulentissimos
722 4252 855 4317 reditura
874 4251 943 4312 sint
968 4251 1174 4312 Plausibiliter
1194 4248 1322 4328 quidem

146 4338 206 4398 hoe
224 4349 264 4399 et
273 4337 410 4420 speciose
431 4338 558 4434 dicitur:
593 4337 688 4400 sed
663 4360 689 4399 ιι
707 4337 839 4420 penitius
858 4337 1090 4419 introspiciatis,
1122 4336 1230 4395 inane
1233 4333 1352 4413 side
