2722 4754
931 57 938 83 l

25 157 56 280 ’
120 141 183 244 sl:
355 132 362 194 3
405 130 788 290 nnmosrnnmsj
806 136 1025 255 oris-rio

28 320 33 339 ⁸
66 402 68 410 ,
115 335 256 404 medium
281 347 328 396 est
352 333 528 395 hominibus
554 333 911 411 iniuriarum'studiosis.
946 332 985 391 Ei
1008 349 1099 403 vero,
1126 329 1181 409 qui
1206 326 1300 396 tedes
1336 356 1340 362 ·

110 420 302 496 constituit,
322 420 349 480 si
366 420 534 482 reddiderit
552 421 666 482 civitati
684 434 871 504 argentum,
884 415 1225 501 propterquodtades
1244 414 1301 474 de-
1338 494 1344 503 ¹

122 507 178 581 dit,
195 503 427 590 abire>(inquit)
446 506 535 569 liceat
551 508 687 569 vinculis.
702 508 822 566 «Rursus
841 505 892 568 hic
909 529 925 565 a
944 502 1057 572 malitia
1077 523 1130 561 sue
1149 521 1216 560 non
1233 499 1301 560 dis·

47 664 51 671 ,
124 593 232 666 cessit,
260 591 296 651 de
316 594 483 673 qua'paulo
502 607 576 655 aute
591 592 668 666 dixi,
692 613 749 652 nec
767 591 815 652 sui
833 590 946 651 oblitus
967 603 1029 662 est,
1054 608 1156 667 neque
1175 585 1311 669 scripsit,

123 677 367 741 aestimationem
384 678 445 738 litis
465 701 533 740 cum
551 678 739 739 accessione:
764 677 907 759 sedxubi,
926 676 1042 756 inquit,
1061 672 1233 758 reddiderit
1252 673 1303 731 ar-

87 813 91 822 .
123 777 269 849 gestum,
288 764 377 843 quod*
390 764 554 838 debuerat,
572 763 701 824 vinculis
721 763 882 823 liberetur:
909 763 956 822 sin
975 774 1135 843 argentum
1147 758 1302 822 nonssnu·
1357 836 1360 840 Α

123 849 261 922 merarit,
280 850 328 910 vel
346 850 428 931 ipse,
446 852 494 913 vel
512 847 620 923 vades,
638 869 723 908 nono
742 862 863 910 senatus
882 847 1112 921 conventu,is,
1131 844 1304 927 quispon-

81 994 84 999 .
123 936 213 1024 sionq
230 935 375 996 liberatus
395 949 457 1010 cst,
482 935 515 995 in
534 934 655 1005 vincula
668 935 868 1010 coniiciatur,
894 931 1119 994 vadiumbona
1136 930 1305 1014 publicen-

65 1090 67 1099 χ
122 1035 181 1085 tur.
200 1023 313 1082 lnhoc
330 1034 465 1082 extremo
491 1020 588 1102 capite
612 1021 677 1101 ipse
701 1042 767 1082 sese
791 1019 970 1081 iniuriarum
989 1018 1148 1079 manifeste
1168 1019 1305 1081 damnat

2 1115 18 1140 '⁴
123 1107 201 1168 Non*
215 1108 296 1167 enim
315 1106 346 1166 in
364 1095 557 1182 unitersum,
588 1107 673 1187 quasi
692 1107 723 1177 id
734 1115 831 1189 *turpe
849 1120 901 1167 aut
918 1107 1002 1169 nefas
1022 1096 1220 1179 existimabit,
1253 1101 1303 1162 ul-

57 1217 78 1224 ·’
124 1194 188 1254 lum
207 1193 302 1253 civem
321 1192 429 1252 vinciri
447 1193 559 1253 vetuit:
586 1193 723 1263 sedeam
743 1193 949 1266 occasionem,
974 1213 1030 1271 qua
1055 1203 1177 1251 sontem
1197 1209 1302 1250 coram

71 1303 73 1309 '
125 1279 385 1360 comprehendere
403 1278 528 1353 licebat,
553 1277 735 1354 suffuratus,
760 1298 873 1340 nomen
892 1276 1034 1358 supplicii
1051 1275 1195 1337 sumendi
1210 1272 1303 1342 “vobis

124 1363 243 1436 allectis
260 1363 370 1424 iniuria
388 1364 529 1446 reliquit,
547 1385 611 1424 rem
630 1365 725 1446 ipsam
743 1365 876 1438 sustulit,
896 1377 926 1423 et
944 1363 1005 1437 bis,
1024 1363 1077 1444 qui
1094 1375 1227 1424 vestram
1247 1380 1303 1441 pc-

126 1450 246 1512 cuniam
271 1449 301 1509 vi
327 1449 480 1525 detinent,
505 1449 687 1532 impunitate
704 1451 877 1533 proposita,
902 1462 1022 1516 tantum
1046 1470 1111 1508 non
1129 1445 1303 1528 adscripsit,

21 1535 103 1600 “463
127 1536 219 1605 licere
239 1535 283 1595 illi
297 1533 377 1594 diem
397 1537 497 1597 dicere
516 1536 678 1610 iudicibus,
698 1539 750 1617 qui
765 1536 891 1617 vinculis
910 1534 1086 1595 addixerint
1106 1529 1185 1599 Cum
1195 1545 1316 1606 autern,

127 1622 222 1682 multa
240 1620 447 1682 intolerabilia
461 1622 541 1695 sint,
560 1613 716 1706 quaelegi
733 1622 877 1684 inseruit:
904 1621 953 1695 id,
972 1621 1056 1701 quod
1074 1620 1235 1680 maximam
1253 1617 1306 1677 in·'

16 1783 22 1788 ,
126 1706 336 1789 dignationem
354 1708 501 1780 meretur,
516 1708 574 1768 iarn
593 1708 680 1769 vobis
699 1709 803 1769 dicam.
821 1708 897 1768 Nam
917 1728 994 1787 quae
1012 1727 1068 1787 per
1085 1719 1182 1767 totam
1194 1704 1299 1788 legent

125 1788 211 1865 dicit,
229 1791 266 1851 ad
286 1812 356 1851 eum
373 1793 528 1872 pertinent
547 1794 665 1867 omnia,
683 1795 737 1873 qui
754 1795 844 1855 vades
864 1792 1072 1854 constituerit:
1098 1792 1229 1864 civero,
1248 1789 1301 1869 qui

12 1944 17 1950 g
47 1930 50 1936 .
126 1898 191 1955 non
211 1876 551 1957 constituerit,.neque
565 1880 731 1953 meliores,
760 1887 861 1960 neque
880 1879 1066 1951 deteriores,
1095 1877 1148 1957 qui
1165 1874 1304 1956 denique

63 1972 66 1977 ’
126 1961 244 2043 nullam¹
259 1963 352 2022 vestri
369 1956 520 2023 rationem
538 1963 696 2038 habuerit,
714 1964 829 2024 nullam
848 1960 949 2043 neque
966 1983 1115 2044 poenam,
1132 1982 1235 2042 neque
1253 1961 1305 2021 ul-

57 2080 62 2122 j
126 2047 244 2108 tionem
263 2048 438 2128 adscripsit,
462 2050 525 2123 ,sed
543 2039 664 2113 tm'rtam¹
676 2050 761 2109 dedit
778 2050 1018 2135 impunitatem,
1044 2061 1155 2128 quanta
1172 2046 1303 2139 maiiqna

127 2133 192 2194 dari
210 2145 320 2213 potest.
336 2134 414 2209 Nam
434 2147 464 2194 et
480 2128 607 2215 tempus'
619 2136 710 2195 vades
729 2134 930 2195 constituenti
948 2133 1102 2214 diffinivit,
1117 2154 1233 2197 nonum
1252 2153 1306 2192 se-

128 2231 217 2279 natus
237 2231 430 2280 conventum.
455 2219 641 2299 quueinde
659 2233 762 2301 potest
779 2220 918 2303 intelligi.
931 2219 1124 2301 „ldscripsit
1141 2218 1307 2300 publican-

8 2307 16 2321 “
128 2303 172 2363 da·
185 2322 251 2362 esse
265 2302 350 2364 ¹bona
368 2305 507 2379 vadium,
528 2305 560 2364 si
586 2305 653 2384 quis
680 2327 743 2366 non
766 2305 908 2366 solverit:
938 2306 1003 2365 eius
1021 2326 1113 2377 uero,
1139 2308 1193 2384 qui
1210 2303 1332 2375 vades¹

28 2382 33 2390 χ
56 2464 58 2466 q
109 2402 193 2461 ‘non
212 2388 313 2462 dedit,
330 2389 408 2448 nulli
426 2390 534 2470 utique
551 2391 642 2450 vades
662 2412 727 2450 esse
745 2404 882 2471 possunt
907 2389 953 2450 Ac
971 2390 1196 2471 praesidibus:
1214 2387 1310 2449 vobis

40 2509 42 2513 ·
95 2501 110 2510 ·
128 2486 212 2536 sorte
231 2473 356 2534 delectis
375 2476 411 2534 ad
430 2476 627 2536 iudicandum
645 2477 863 2536 necessitatem
888 2476 1053 2556 imposuit,
1076 2470 1106 2534 si
1121 2477 1189 2556 quis
1209 2473 1309 2534 dede-

128 2559 183 2633 rit,
208 2558 391 2640 reeipiendi:
415 2555 632 2642 rempublicam
649 2561 841 2622 laedentibus
860 2562 973 2622 nullam
992 2562 1151 2643 adscripsit
1168 2558 1309 2620 necessi·
1345 2605 1353 2623 .

128 2644 232 2719 tatem,
250 2644 303 2704 sed
322 2657 465 2725 tanquam
485 2646 563 2707 bene
582 2646 696 2708 meritis
716 2648 876 2728 optionem
892 2647 979 2715 dedit
987 2689 1000 2719 ,-
1013 2659 1117 2707 utrum
1134 2648 1207 2708 dare
1224 2665 1311 2726 poe-

6 2807 10 2811 *
128 2730 348 2804 nasdebeant,
366 2752 423 2791 nec
441 2731 503 2792 ne?
519 2733 680 2807 Quaenam
700 2734 794 2817 igitur
811 2734 859 2793 lex
877 2733 933 2792 ista
952 2732 1051 2811 minus
1070 2732 1155 2792 utilis
1174 2745 1229 2809 aut
1248 2730 1309 2789 im-

41 2888 44 2893 *
128 2814 257 2896 probior
276 2817 440 2899 excogitari
458 2816 568 2896 queat?
598 2840 674 2899 quae
692 2820 823 2899 primum
843 2820 880 2878 de
898 2816 962 2891 bis,
987 2817 1186 2897 qui-antehac
1204 2817 1238 2876 in
1258 2817 1308 2876 iu-

130 2900 243 2960 dicium
261 2901 384 2961 adducti
401 2903 532 2976 fueraut,
551 2904 700 2963 contraria
717 2905 825 2965 vestris
842 2904 1002 2964 sententiis
1020 2904 1167 2984 imperat:
1181 2903 1308 2974 deinde,

130 3006 199 3054 cum
218 2986 274 3059 iis,
300 2985 403 3066 quiin
430 2985 578 3054 iudicium
603 2990 774 3050 adducendi
793 3003 881 3063 sunt,
907 2988 992 3048 litem
1019 2987 1178 3049 aestimare
1197 2988 1306 3049 iubeat

129 3067 246 3132 iuratos
272 3070 406 3146 iudices,
435 3072 661 3134 aestimationes
685 3074 757 3135 facit
782 3075 898 3134 irritas:
928 3086 1084 3154 praeterea
1109 3074 1231 3134 aerariis
1257 3094 1306 3145 ea,

80 3163 89 3171 “
131 3176 211 3243 quae
226 3157 371 3218 solvenda
389 3156 536 3232 fuissent,
563 3180 627 3218 non
645 3160 834 3228 solventibus
853 3160 968 3220 aditum
986 3160 1032 3220 ad·
1043 3159 1235 3242 magistratus
1253 3179 1305 3218 re-

125 3239 257 3321 linquit:
282 3246 319 3302 eo
339 3243 471 3323 denique
486 3264 544 3309 ,vos
562 3245 689 3327 redigit,
707 3259 743 3307 ut
759 3247 871 3307 frustra
887 3247 1003 3329 iurare,
1022 3245 1196 3319 aestimare,
1211 3243 1301 3304 iudi-

111 3347 214 3401 :care,
241 3327 473 3403 irasci,omnia
497 3329 596 3390 facere
619 3353 673 3392 vos
694 3332 854 3403 ostendat,p
880 3332 1031 3413 Equidem
1051 3331 1203 3404 existimo,
1230 3322 1313 3387 (]ὶ’ἰ-Ι
1348 3388 1350 3393 ,

103 3480 106 3492 ¹
130 3411 220 3487 tiam,
239 3414 293 3492 qui
309 3414 369 3473 fuit
385 3437 465 3475 unus
485 3436 501 3474 e
519 3416 643 3499 triginta
661 3419 814 3501 tyrannis,
833 3419 858 3478 si
877 3440 966 3497 quarn
985 3417 1065 3476 ferre
1084 3417 1179 3500 legem
1196 3414 1305 3486 uellet,

130 3517 195 3560 non
224 3497 311 3558 aliam
339 3499 432 3584 fuisse
451 3500 590 3573 laturum.
613 3506 687 3581 ¹lam
715 3516 810 3564 totam
839 3503 987 3563 confundi
1004 3502 1243 3583 rempublicam,
1273 3509 1307 3557 et

7 3584 10 3589 ’
96 3633 107 3648 .
131 3584 234 3645 omnia
253 3585 381 3668 negotia
395 3586 511 3647 destrui
530 3587 597 3670 lege
613 3589 698 3662 xista,
725 3603 756 3649 et
780 3591 874 3649 multa
892 3601 1069 3655 ornamenta
1087 3600 1210 3647 nostrae
1230 3583 1306 3643 civi-

130 3670 201 3731 tatis
226 3669 357 3748 aboleri:
383 3672 414 3732 id
434 3694 558 3752 quoque
581 3673 669 3734 facile
692 3695 746 3735 vos
771 3688 847 3756 puto
867 3675 1053 3757 cognituros.
1088 3673 1199 3752 Neque
1223 3669 1307 3728 enim
1343 3739 1348 3744 ,

79 3759 87 3766 “
117 3754 294 3838 ςἰςιιοηῐίε,
322 3771 458 3817 nostram
475 3759 582 3818 urbem
604 3760 849 3840 expeditionibus
869 3780 957 3841 saepe
976 3759 1090 3820 servari
1107 3772 1174 3819 tum
1192 3755 1308 3816 navali:

130 3839 209 3914 bus,
228 3854 293 3901 tum
312 3842 522 3941 pedestribus,
548 3859 579 3905 et
601 3867 656 3925 vos
675 3847 769 3906 multa
787 3847 994 3906 memorabilia
1012 3845 1142 3935 gessisse
1161 3842 1222 3902 iarn
1240 3839 1308 3900 aliis
1343 3892 1348 3898 .

131 3927 363 4010 conservandis,
388 3929 453 3990 aliis
477 3930 658 4010 puniendis,
682 3932 747 3991 aliis
771 3932 1010 3993 reconciliandis.
1047 3932 1222 4004 Haecyero
1243 3947 1307 4007 quo

27 4079 30 4083 ⁴
129 4025 219 4091 paeto
238 4011 474 4076 administranda
488 4017 584 4090 sunt?
602 4018 662 4077 Per
678 4019 942 4079 senatusconsulta
960 4030 991 4077 et
1008 4017 1110 4098 leges,
1127 4028 1164 4075 ut
1181 4013 1233 4074 alii
1250 4011 1308 4072 tri-

131 4095 204 4185 buta
228 4099 381 4177 pendere,
407 4101 458 4161 alii
481 4097 620 4162 triremes
646 4102 813 4178 instruere,
838 4103 896 4162 alii·
915 4103 1072 4185 navigare,
1098 4100 1150 4165 alii
1175 4098 1308 4181 singula,

103 4190 109 4205 ¹
129 4197 208 4261 quae
226 4203 303 4266 opus
322 4198 411 4260 sunt,
429 4200 581 4268 praestare
596 4188 770 4255 iubeantur.
802 4191 889 4264 Quae
907 4188 954 4268 uti
971 4190 1117 4267 fiant,*et
1132 4186 1167 4270 in
1183 4182 1305 4246 indiciis

41 4332 44 4339 ¹
114 4265 316 4346 ¹frequentes
330 4272 459 4347 adestis,
486 4276 517 4334 et
543 4276 580 4333 ad
606 4275 727 4337 vincula
750 4270 900 4336 'damnatis
927 4274 1043 4334 ordinis
1069 4272 1307 4354 perturbatores.

104 4360 105 4364 ’
130 4347 330 4437 Considerate
347 4378 421 4444 uero
439 4359 725 4445 praestantisistius
741 4359 799 4420 viri
816 4363 933 4444 legem,
951 4373 1142 4441 quantopere
1160 4355 1307 4438 impediat
1328 4382 1351 4394 ’-

870 4501 894 4529 l·
1048 4506 1064 4529 .“

1117 4545 1119 4548 “
1164 4541 1179 4568 l

462 4647 476 4680 ,Χ
