2722 4754
1137 122 1197 154 ’,Ι

152 235 193 291 ao
431 220 802 289 nsmosrnnttts
839 164 1027 287 niano

151 380 267 443 mentio
289 376 450 450 inciderit,
477 375 578 436 statim
596 375 717 455 quidam
737 395 864 458 surgens
883 371 976 433 dicit:
1009 370 1081 431 Non
1106 393 1172 433 esse
1197 388 1330 451 nugam

153 467 241 540 dum,
258 484 317 525 nec
333 460 557 522 decernendum
575 459 704 534 bellum,
722 473 812 539 atque
830 458 941 541 ordine
956 457 1151 517 collationem
1169 453 1321 516 instituit:

104 581 108 587 ·
151 550 188 610 ln
212 569 290 630 pace·
309 547 427 618 vivere,
463 566 551 625 quam
576 545 777 627 praeclarum,
805 554 845 604 et
868 562 1009 625 magnum
1035 542 1115 602 alere
1142 539 1320 615 exercitum,

131 638 133 642 ⁴
153 655 247 716 quarn¹
260 631 395 693 difficile!
414 642 445 690 et
463 626 583 710 quidam
601 630 732 709 diripere
749 628 858 688 volunt
875 628 1031 700 aerarium,
1049 628 1181 707 aliasque
1199 623 1318 685 fabulas

152 729 292 794 narrant,
307 728 343 775 ut
353 712 540 797 opinantur,
552 714 733 781 verissimas.
757 710 896 785 ⁸Verum,
914 728 1024 793 pacem'
1035 725 1071 772 ut
1087 711 1235 785 servetis,
1252 728 1317 768 non
1332 746 1353 768 .·

42 845 47 864 .
122 820 127 831 ’
151 798 238 864 vobis
257 811 339 860 certe
358 797 678 879 est‘persuadendum,
701 797 811 878 quibus
829 816 1005 877 persuasum
1024 809 1085 857 est:
1108 798 1165 857 sed
1182 795 1245 867 illi,
1264 793 1317 873 qui

127 888 198 948 ‘rei
220 883 343 946 militari
367 897 459 962 vacat.
502 880 561 943 Cui
582 905 759 964 persuasum
783 882 809 942 si
833 882 942 954 suerit,
968 881 1000 941 in
1022 881 1109 941 vohis
1134 902 1206 941 sane
1231 899 1317 939 mora
1344 908 1347 915 ν

18 1037 20 1040 ,
152 971 235 1032 nulla
253 969 319 1030 erit
353 968 482 1028 Molesta
500 981 601 1029 autem
619 969 813 1029 existimanda
831 980 920 1040 sunt,
942 986 1006 1026 non
1024 987 1101 1046 quae
1118 966 1251 1026 tuendae
1270 974 1315 1022 sa-'
1347 1012 1353 1020 .

91 1055 97 1061 ’
146 1055 223 1118 »lutis
242 1075 330 1130 eausa
347 1052 590 1120 insnmserimus:
601 1054 662 1117 ,sed
678 1073 722 1124 ea,
735 1073 815 1132 quae
826 1053 1029 1139 perferemus,
1047 1051 1109 1117 nisi
1124 1051 1199 1110 haec
1216 1049 1323 1109 facere'

130 1187 136 1199 ,
151 1138 353 1201 voluerimus:
382 1159 417 1200 ac
434 1137 563 1218 direptio
581 1137 688 1197 aerarii
705 1138 828 1205 inventa
845 1136 999 1209 custodia,
1032 1157 1090 1215 qua
1108 1144 1316 1206 conservetur,

151 1223 341 1306 prohibenda
359 1235 420 1295 est,
437 1243 501 1282 non
519 1222 692 1283 desertione
710 1220 856 1282 utilitatis.
900 1214 1090 1300 Quamquam
1107 1220 1239 1302 idipsum
1257 1217 1315 1289 ini-

81 1314 84 1326 '
153 1329 214 1389 quo
230 1306 333 1373 animo
350 1306 435 1380 lero,
468 1306 496 1366 si
519 1320 652 1366 vestrum
670 1307 849 1388 quibusdam
867 1305 1013 1387 pecuniae
1033 1306 1164 1386 direptio
1183 1317 1231 1363 est
1247 1323 1337 1364 mo-.

151 1394 242 1467 lesta,
264 1414 359 1471 quam
376 1389 471 1452 vobis¹
482 1404 513 1453 et
530 1392 684 1453 custodire
702 1405 733 1452 et
748 1392 938 1473 peculatores
956 1389 1065 1470 punire
1081 1390 1170 1450 licet:
1198 1388 1315 1467 Philip-

62 1524 70 1535 ,
126 1497 133 1511 ··
151 1476 208 1559 pus
227 1490 280 1537 aut
298 1474 456 1536 Graeciam
473 1475 645 1536 universam
664 1477 772 1542 ordine
789 1477 832 1537 sic
851 1476 1013 1556 diripiens,
1032 1495 1158 1554 eamque
1177 1476 1245 1538 cum
1261 1490 1313 1532 ve·
1340 1499 1345 1506 ·

103 1570 106 1579 “
151 1574 215 1635 stro
233 1561 368 1642 periculo
387 1560 543 1642 diripiens,
559 1582 624 1621 non
643 1576 688 1622 est
704 1562 861 1621 molestus.
888 1560 953 1634 Qui
970 1559 1126 1641 fitigitur,
1142 1557 1313 1636 Athenien-

152 1666 216 1719 ses,
237 1659 274 1706 ut
290 1667 375 1720 eum,
400 1647 531 1725 quitam
549 1659 650 1726 aperte
668 1647 792 1705 iniurias
810 1645 882 1704 lacit
899 1658 929 1705 et
945 1645 1037 1704 urbes
1056 1654 1199 1725 occupat,
1223 1662 1313 1703 nemo

95 1749 135 1810 94
152 1751 285 1808 unquam
310 1730 421 1789 iniuste
445 1730 544 1789 facere
567 1743 622 1790 aut
642 1751 764 1791 movere
789 1729 903 1790 bellum
928 1730 1062 1805 dixerita
1076 1729 1137 1807 qui
1153 1748 1237 1788 vero·
1251 1747 1313 1788 non

142 1814 356 1887 ,concedenda
374 1833 473 1893 neque
491 1814 761 1897 negligendanhaec
780 1834 845 1874 esse
863 1816 1001 1887 suadent,
1019 1833 1072 1872 eos
1084 1811 1313 1872 bellurnsacere

152 1898 273 1958 dicant?
299 1899 391 1972 Quod
416 1904 534 1958 causam
558 1913 765 1960 secuturarum
790 1920 806 1958 e
830 1898 1150 1960 bellodifficultatum
1174 1896 1314 1981 (necesse

152 1981 250 2070 enim,
266 2002 390 2041 neeesse
409 1996 454 2042 est
471 1983 580 2042 multas
598 1984 672 2042 oriri
691 1998 706 2043 e
725 1984 806 2044 bello
825 1983 993 2067 molestias)
1011 1983 1042 2043 iu
1062 2003 1130 2055 eos,
1147 1982 1201 2061 qui
1216 1993 1316 2041 vestra

151 2086 239 2126 causa
257 2066 370 2146 optima
386 2067 486 2127 dicere
504 2068 614 2141 solent,
632 2068 766 2128 universi
784 2063 922 2129 conferre
937 2069 1052 2130 volunt
1070 2064 1206 2126 Censent
1223 2065 1316 2139 enim,
1349 2070 1353 2076 '

67 2185 72 2192 ·
123 2149 178 2210 'si
200 2170 255 2210 vos
278 2151 471 2212 concorditer
492 2173 618 2232 unoque
636 2154 735 2213 animo
754 2153 928 2234 Philippum
944 2152 1148 2230 ulciscamini,
1179 2164 1210 2213 et
1228 2150 1315 2210 illum

151 2247 324 2313 superatum
340 2235 379 2294 iri
396 2256 413 2295 a
430 2234 532 2309 vobis,
544 2250 582 2317 et
599 2257 646 2311 se,
664 2259 680 2297 a
698 2258 759 2317 quo
777 2238 948 2299 mercedem
966 2237 1128 2318 accipiant,
1145 2257 1210 2295 non
1228 2235 1315 2295 habi-

151 2404 379 2489 convertamini‚
396 2418 462 2464 tum
480 2427 512 2466 se
529 2405 751 2478 iis,accusandis
765 2421 932 2488 utrumque
951 2419 1181 2479 consecuturos,
1200 2419 1231 2466 et
1248 2405 1314 2464 lau-

152 2487 304 2547 dationem
328 2510 344 2546 a
366 2488 452 2549 vohis
477 2503 508 2550 et
530 2489 722 2570 largitionem
746 2488 870 2552 ah'illo:
898 2507 963 2554 tum
981 2514 1035 2553 vos
1055 2492 1094 2552 oh
1110 2510 1164 2564 ea,
1189 2504 1317 2572 propter

151 2591 227 2649 quae
245 2572 304 2653 ipsi
320 2572 486 2634 mulctandi
505 2588 615 2648 essent,
632 2596 746 2655 poenas
764 2576 802 2635 de
820 2578 927 2637 vestris
946 2575 1157 2656 defensoribus
1175 2589 1315 2655 sumptu-

80 2711 84 2719 ,
147 2675 208 2714 ros.
249 2655 297 2715 Ac
314 2676 383 2736 spes
402 2659 524 2740 quidem
542 2658 671 2719 istorum
689 2660 745 2719 hae
762 2674 841 2720 sunt
884 2662 964 2727 Hinc
982 2662 1058 2721 illud
1076 2662 1131 2733 est,
1149 2674 1184 2720 ut
1201 2661 1315 2732 dicant,

148 2739 227 2799 velle
245 2740 363 2818 aliquos
381 2740 494 2801 bellum
509 2743 614 2802 facere.
632 2743 698 2826 Ego
714 2764 786 2807 vero
804 2746 991 2827 exploratum
1006 2747 1115 2820 haheo,
1133 2766 1201 2805 cum
1215 2744 1315 2835 Adhe'

119 2876 120 2879 ,
148 2823 301 2883 niensium
318 2845 409 2884 nemo
428 2825 542 2887 bellum
561 2828 758 2902 decrevisset,
793 2842 858 2890 tum
876 2830 933 2890 alia
950 2831 1059 2904 multa,
1094 2852 1171 2909 quae
1190 2841 1313 2901 nostrae
1336 2866 1339 2869 ,

148 2906 233 2966 urbis
251 2921 339 2981 sunt,
372 2922 477 2995 tenere
495 2911 688 2994 Philippum,
719 2926 784 2972 tum
802 2937 884 2974 nunc
902 2916 1010 2975 auxilia
1028 2915 1146 2975 misisse
1165 2911 1324 2977 Cardiam..

149 2991 243 3066 Quod
265 2991 291 3050 si
314 3012 370 3053 nos
388 2993 577 3059 dissimulare
594 2988 845 3070 volumus,'eum
869 2999 983 3060 bellum
1006 3020 1113 3083 gerere
1137 2999 1338 3059 uobiscumz'

148 3075 320 3135 mortalium
336 3078 480 3138 omnium
503 3080 716 3142 stolidissimus
742 3097 836 3157 esset,
859 3085 885 3144 si
908 3085 940 3144 id
958 3098 1143 3168 coargueret
1184 3084 1262 3142 Nam
1288 3083 1316 3142 si

147 3159 252 3220 violati
270 3174 408 3242 negant,
423 3165 497 3245 quid
516 3177 562 3225 est
579 3166 705 3226 violanti
722 3167 913 3228 faciendum?
939 3168 1000 3228 Sed
1016 3169 1072 3229 uhi
1089 3189 1144 3229 nos
1162 3169 1245 3250 ipsos
1264 3168 1314 3227 in-

38 3298 50 3307 ,
87 3267 102 3291 υ
147 3244 273 3318 vaserit,
299 3245 373 3324 quid
390 3260 455 3309 tum
473 3248 629 3310 dicemus?
654 3250 708 3310 llle
727 3252 851 3332 quidem
867 3274 899 3312 se
917 3253 1031 3324 bellum
1050 3274 1155 3336 gerere
1174 3252 1298 3334 negabit
1306 3275 1320 3311 τ’

62 3351 65 3358 ¹
147 3328 227 3388 sicut
249 3350 306 3390 nec
330 3329 432 3413 Oritis
449 3332 541 3406 dixit,
565 3334 711 3421 militibus
736 3337 768 3396 in
795 3357 900 3397 eorum
924 3359 999 3420 agro
1024 3337 1228 3400 versantibus:
1254 3357 1312 3397 nec

147 3413 307 3512 Pheraeis,
329 3415 504 3504 priusquam
522 3418 554 3477 in
572 3419 693 3479 moenia
710 3421 823 3484 faceret
840 3423 1001 3503 impetum:
1024 3446 1081 3484 nec
1100 3422 1254 3506 Olynthiis
1273 3421 1311 3480 ah

148 3497 248 3571 matio,
266 3499 364 3559 donec
381 3499 413 3560 in
430 3501 565 3580 ipsorum
583 3501 655 3586 agro
675 3527 742 3565 cum
761 3507 895 3569 exercitu
912 3510 1037 3568 adesset
1054 3508 1135 3568 Num
1151 3520 1216 3585 tum
1232 3527 1312 3586 quo-

148 3602 208 3659 que
227 3583 377 3656 dicemus,
409 3604 480 3660 eos,
509 3587 561 3668 qui
578 3589 639 3648 vim
650 3591 833 3670 propulsare
851 3591 988 3665 iubent,
1004 3592 1156 3653 concitare
1175 3591 1313 3652 bellum?

147 3665 280 3764 Proinde
298 3668 374 3728 illud
391 3682 501 3745 restat,
529 3685 564 3732 ut
582 3675 753 3737 serviamus.
785 3697 885 3755 neque
904 3678 985 3737 enim
1004 3677 1165 3757 quicquam
1184 3689 1231 3736 est
1248 3690 1311 3736 ter-¹

58 3783 62 3796 w
146 3761 230 3810 trum.
263 3752 372 3832 Neque
389 3773 461 3814 vero
480 3777 536 3816 nos
555 3756 590 3817 in
604 3758 732 3833 iisdem,
750 3761 860 3839 quibus
879 3762 947 3835 alii,
967 3761 1190 3822 discriminibus
1209 3781 1310 3822 versa-

60 3894 65 3900 ,
146 3856 231 3934 mur..
263 3834 334 3898 Non
353 3837 433 3897 enim
449 3841 591 3923 subigere
609 3857 743 3903 nostram
759 3844 949 3919 urbemvult
965 3846 1138 3926 Philippus:
1157 3868 1238 3918 non,
1256 3842 1323 3912 sed

145 3919 281 3981 funditus
307 3936 455 4001 evertere,
492 3925 570 3986 Satis
588 3927 669 3987 enim
689 3928 849 4011 intelligit,
879 3930 991 3991 servire
1016 3951 1070 3988 vos
1094 3950 1195 4010 neque
1220 3930 1311 4003 velle,

145 4024 261 4103 neque,
285 4007 311 4067 si
328 4006 445 4083 velitis,
463 4029 568 4090 posse:
596 4033 664 4073 nam
682 4013 829 4095 imperare
848 4006 1062 4075 consuevistis:
1093 4015 1217 4096 negotia
1235 4035 1308 4075 vero

145 4108 174 4146 er
191 4088 354 4166 facessere,
372 4093 398 4152 si
415 4094 505 4154 detur
522 4096 658 4169 occasio,
675 4099 892 4179 posseplura,
905 4121 993 4179 quam
1013 4113 1148 4159 caeteros
1159 4099 1308 4178 homines

49 4192 52 4196 ⁴
144 4193 257 4273 omnes.
293 4177 487 4267 Quapropter
493 4178 590 4243 vohis
607 4201 671 4241 non
688 4196 807 4262 parcet,
825 4184 851 4242 si
869 4184 901 4243 in
918 4197 1098 4264 potestatem
1116 4205 1200 4243 suam
1218 4185 1307 4250 rede-

32 4275 47 4349 ’ἱ
143 4272 228 4338 gerit
246 4261 402 4340 Tanquam
420 4261 514 4344 igitur
530 4264 569 4325 de
587 4264 646 4324 aris
665 4278 695 4324 et
712 4266 794 4326 focis·
807 4268 1023 4329 decertandum
1042 4269 1090 4342 sit,
1108 4267 1152 4326 sic
1170 4282 1306 4329 statuen·
1351 4308 1352 4315 κ

87 4426 91 4433 ἱ
109 4386 115 4421 ,κ
143 4342 215 4425 dum
234 4343 320 4404 vobis
339 4357 399 4407 est:
418 4345 519 4426 etqui
537 4369 570 4408 se
588 4347 632 4408 illi
641 4364 752 4433 ‚aperte
770 4352 989 4425 vendiderunt,
1008 4354 1079 4414 odio
1095 4340 1306 4433 prosequendi

292 4491 307 4507 ,a

384 4508 395 4532 t
