2722 4754
104 169 105 173 ‘
152 178 237 240 ιιι.
285 134 289 139 ’
327 129 335 138 ’
442 125 812 274 ιιιιιοιίἰιιιιι
840 121 1071 243 onemo

88 326 89 331 ¹
132 332 366 403 'Phormionem
385 328 579 390 absolverint.
612 329 680 413 Ego
696 351 801 406 vero,
795 329 1028 405 Athenienses,
1045 330 1122 393 scire
1141 352 1247 394 omnes
1266 355 1317 395 vos

121 465 124 472 .
151 419 307 489 existimo,
333 417 432 476 solere
454 429 509 475 vos
526 435 591 475 rem
616 428 732 504 gestam
756 434 820 476 non
837 418 937 478 minus
954 431 1111 519 spectare,
1138 440 1230 519 quarn
1246 441 1317 500 pro-

148 512 218 584 pter
236 515 301 563 e'am
318 502 410 563 saetas
429 501 631 582 exceptiones.
666 496 713 562 Ile
730 501 850 562 reb'us'
841 503 935 586 igitur
952 505 1025 584 ipsis
1044 504 1106 575 isti,
1124 504 1230 585 falso
1220 527 1252 565 m
1270 526 1316 565 me

108 584 325 653 'testimonio
338 587 443 663 dicto,
468 607 545 650 mea
550 587 590 647 'de
609 586 748 649 actione
756 587 847 648 verba
873 588 991 648 infirma
1014 590 1223 650 reddiderunt.
1258 590 1317 652 Sed

144 673 194 732 bis
214 673 332 733 omissis
359 674 495 754 ineptum
514 685 576 747 est,
606 694 674 733 cum
694 692 799 733 omnes
816 694 873 755 pro
898 674 1076 734 testimonio
1101 676 1229 736 mentiti
1249 677 1317 751 sint,

54 782 60 793 ·
147 758 215 839 quis
235 779 343 819 eorum
359 759 486 819 maxime
503 759 658 835 nocuerit,
673 760 842 841 declarare,
862 773 892 820 et
909 781 973 821 non
991 760 1094 840 potius
1112 761 1268 844 singulos,
1286 783 1317 825 se

146 863 215 904 vera
234 844 355 918 dixisse,
374 846 543 905 ostendere.
576 843 686 924 Neque
706 845 787 917 enim
805 867 830 904 ιι
822 844 941 905 alium
960 847 1109 906 atrociora
1130 847 1317 908 commisisse

146 930 378 1027 demonstrarit,
397 952 466 990 eum
480 928 601 990 absolvi
619 930 721 991 decet:
747 930 844 991 sed
819 953 854 990 ιι
851 931 933 1032 ipse
947 952 1017 990 vera
1028 949 1067 998 se
1088 932 1198 992 dixisse
1219 933 1318 992 declaa

51 1051 53 1054 -
144 1014 225 1074 rarit.
260 1016 391 1096 Propter
407 1016 518 1095 quod
509 1016 612 1097 agitur
621 1015 793 1096 Stephanus
813 1016 905 1076 exitio
920 1016 1062 1101 inprimis
1081 1019 1192 1101 diguus
1213 1031 1269 1091 est,
1287 1018 1315 1078 id

145 1120 247 1162 exure
266 1101 376 1161 audite.
397 1100 543 1200 Iniquum
559 1112 621 1172 est,
627 1100 804 1201 opprimere
824 1120 1020 1204 quemquam
1023 1101 1099 1162 salso
1117 1100 1315 1163 testimonio:

123 1187 197 1247 ‚sed
216 1186 340 1246 multo
331 1186 486 1287 rn'iquius,
505 1197 536 1246 et
553 1185 673 1268 gravius
691 1186 926 1288 ιίιιιιίιιιιὰιιιιι,
945 1186 1020 1246 id
987 1211 1021 1249 ιι
1030 1188 1117 1247 -fiat'
1102 1210 1140 1247 ιιι
1159 1202 1312 1288 cognatos.

141 1268 213 1332 Non
233 1273 314 1331 enim
332 1271 456 1352 scriptas
474 1272 686 1332 tantummodo
712 1271 795 1354 leges
813 1259 888 1332 talis
894 1265 1017 1347 bomo,
1037 1274 1118 1342 sed'
1107 1274 1206 1354 rpsius
1226 1274 1314 1334 etiam

54 1425 57 1431 ¹
142 1369 267 1416 naturae
293 1357 542 1418 coniunctionem
561 1358 684 1417 evertit:
713 1357 744 1426 id
764 1354 852 1439 quod
873 1359 965 1418 istum
990 1358 1100 1419 fecisse
1127 1361 1311 1419 ostendetur

141 1442 216 1502 Eius
241 1442 322 1501 euim
345 1456 442 1511 mater
468 1442 567 1503 soceri
593 1442 654 1501 mei
677 1463 766 1502 soror
791 1455 849 1502 est:
874 1440 1004 1524 proinde
1030 1464 1110 1504 uxor
1134 1466 1202 1503 mea
1221 1446 1248 1504 ei
1268 1439 1334 1505 est'

83 1583 84 1587 ,
141 1525 342 1599 consobrina,
368 1540 399 1587 et
416 1528 559 1587 liberi
532 1548 597 1588 ems
616 1540 647 1588 et
671 1527 732 1586 mei
750 1522 824 1607 sunt·
847 1528 971 1588 sobrini.
1006 1529 1165 1609 Numquid
1190 1531 1308 1610 putatis,

140 1603 286 1685 isium,'
261 1633 287 1672 ιι
304 1612 377 1691 quid
393 1625 528 1693 propter
536 1613 686 1695 rnopmus
689 1625 795 1672 contra
815 1613 949 1673 officium
964 1594 1062 1674 lacere
1082 1629 1222 1696 cognatas
1240 1637 1305 1677 suas

138 1697 272 1774 videret,
284 1695 329 1780 (id
350 1699 446 1777 quod
448 1698 562 1758 multi'
553 1719 621 1759 ιιιιι
624 1693 778 1780 feceruut)
796 1698 869 1780 dote
874 1700 955 1759 data
965 1719 1014 1758 eas
1029 1700 1228 1772 edocaturum,
1246 1702 1305 1781 qui,

75 1777 94 1826 ³-
139 1801 188 1845 ne
197 1804 249 1842 eae
268 1804 322 1842 sua
345 1795 576 1864 recuperarent,
600 1783 675 1843 falsa
697 1782 804 1843 testari
820 1783 933 1857 voluit,
962 1790 992 1845 et
1009 1784 1198 1865 plurisfecit
1213 1786 1306 1845 Phor-

137 1868 249 1946 mionis
263 1868 391 1943 divitias,
410 1891 500 1948 quam
514 1868 704 1951 cognationis
724 1869 999 1931 necessitudinem?
1017 1870 1217 1933 seduthaea
1231 1893 1247 1929 a
1261 1892 1306 1932 me

122 1953 287 2014 'veredici
312 1966 449 2029 constet,
474 1976 546 2036 cape
564 1952 674 2015 Diniae
698 1954 909 2029 testimouium
934 1967 966 2015 et
977 1955 1060 2038 lege.
1095 1951 1165 2037 Cita
1181 1955 1306 2017 Diuiam.

518 2102 924 2163 ιιιιιιιιιοιιιιιιι.

196 2207 346 2285 Dinias,
364 2208 548 2269 Tbeodmetr
565 2210 596 2269 F
604 2209 870 2283 ,Athmonensis,
894 2223 1076 2288 testatur,
1059 2230 1092 2272 se
1111 2211 1205 2270 liliam
1224 2232 1306 2271 suam

136 2288 333 2393 Apollodoro
343 2293 510 2376 legitimam
524 2313 651 2354 uxorem
667 2287 803 2355 dedisse:
822 2316 928 2376 neque
939 2319 1087 2398 unquam„
1093 2297 1235 2376 adfuisse,
1254 2297 1305 2356 ἰιιι

51 2437 52 2440 ,
128 2368 401 2476 animadvertisse,
426 2379 651 2460 Apollodorum
671 2381 709 2440 de
728 2380 869 2485 omnibus
888 2382 1103 2489 controversiis
1120 2404 1188 2442 cum
1205 2380 1303 2442 Phor-

133 2461 237 2522 mione
251 2464 446 2546 transegisse.
717 2482 720 2491 ’

58 2604 60 2611 ,
160 2548 313 2607 Estne
332 2549 467 2609 similis
457 2549 519 2610 asti
525 2548 649 2624 Diniae,
669 2551 809 2625 ludices,
828 2551 883 2631 qui
899 2566 960 2651 pro
973 2549 1036 2610 lilia
1052 2563 1092 2612 et'
1101 2552 1182 2613 filiae
1201 2550 1317 2610 liberis'

56 2639 63 2656 '
133 2631 238 2692 etme
234 2653 360 2734 genero
378 2647 504 2716 propter
530 2634 745 2735 cognationem
771 2658 828 2697 nec
845 2656 922 2697 vera
934 2636 966 2695 in
986 2634 1087 2696 istum
1095 2637 1203 2698 testari
1219 2636 1304 2696 vult?

134 2715 196 2776 Sed
212 2739 276 2778 non
294 2719 336 2779 ita
355 2720 549 2801 Stephanus*
549 2718 614 2822 'qui
622 2742 691 2780 non
709 2720 884 2783 dubitavit
876 2744 907 2782 m
925 2743 982 2781 nos
1000 2721 1124 2783 mentiri
1142 2743 1200 2804 pro
1219 2720 1306 2808 testi-t
1354 2749 1357 2753 ¹

51 2803 108 2860 206
132 2801 257 2876 monio,
281 2825 398 2885 neque,
423 2819 458 2866 ut
475 2806 629 2865 nemiuem
647 2806 758 2879 alium,
776 2816 807 2866 ιι
823 2820 949 2888 matrem
969 2828 1052 2869 suam
1071 2800 1215 2881 erubuit,
1234 2807 1301 2866 dum

131 2899 280 2970 cognatos
297 2896 450 2952 maternos
469 2891 681 2951 intextremam
701 2891 867 2952 coniiceret
884 2904 1099 2992 paupertatem.
1136 2893 1233 2969 'Quod
1251 2914 1300 2951 au-

56 2998 80 3010 *
129 2985 192 3033 tem
219 2975 335 3036 facinus
364 2962 607 3058 indignissimum
631 2977 763 3056 pertuli,
789 2989 820 3036 et
838 2974 921 3057 quod
933 2986 996 3036 me
1015 2977 1047 3036 iu
1070 2979 1189 3062 agenda
1217 2998 1299 3037 causa

85 3120 88 3125 ,
129 3057 398 3137 uehementissime
412 3061 597 3162 commovit,
605 3062 734 3136 ludices,
752 3062 783 3122 id
797 3062 894 3147 vobis
890 3061 1062 3142 explicabo
1072 3064 1158 3123 Nam
1172 3074 1205 3123 et
1216 3061 1304 3122 istius

98 3216 102 3219 ,
128 3142 359 3225 improbitatem
374 3147 469 3247 magis
487 3147 686 3228 perspicietis,
705 3160 736 3206 et
754 3142 821 3231 ego,
840 3147 1003 3228 deploratis
1023 3148 1104 3229 apud
1121 3164 1177 3208 vos
1195 3146 1299 3229 pleris-

128 3248 189 3309 que
213 3230 351 3303 iniuriis,
377 3232 466 3312 quasi
484 3252 581 3293 onere
607 3233 739 3312 quodam
757 3232 872 3293 levatus
897 3232 1031 3311 videbor.
1065 3233 1299 3325 Testimonium,

128 3315 213 3393 quod
230 3337 278 3376 me
297 3316 408 3376 babere
427 3317 587 3403 putabam,
612 3331 644 3378 et
662 3339 732 3419 quo
729 3339 829 3378 causa
847 3340 913 3378 mea
931 3317 1058 3378 maxime
1076 3309 1274 3389 nitebatur,
1264 3338 1296 3375 m
1317 3392 1320 3397 ἱ

57 3400 60 3404 ’
88 3417 90 3421 ·
128 3398 238 3474 echino
256 3422 319 3461 uon
337 3398 535 3485 reperiebam
570 3403 677 3462 Tum'
667 3403 779 3486 agitur,
798 3424 836 3462 eo
844 3391 933 3463 malo
952 3405 1117 3477 attonitus,
1135 3424 1197 3464 non
1215 3402 1298 3469 aliud

64 3544 68 3551 ,
126 3483 291 3559 habebam,
318 3509 407 3567 quarn
416 3500 460 3549 ut
484 3500 642 3569 putarem,
663 3488 871 3589 magistratum
897 3489 981 3549 sacta
992 3488 1095 3548 mihi
1086 3489 1198 3549 miuria
1216 3487 1297 3546 ecbi-

66 3636 81 3649 ⁴,
125 3591 201 3635 ιιιιιιι
218 3571 366 3633 movisse:
384 3595 483 3647 nunc,
501 3586 538 3633 ut
554 3586 660 3654 postea
679 3568 829 3655 comperi,
846 3574 953 3655 apud‘
944 3596 1044 3655 rpsum
1063 3573 1212 3634 arbitrum
1230 3571 1302 3632 ste:

81 3726 88 3737 ,
123 3655 259 3735 pbanum'
272 3655 302 3717 id
317 3659 474 3720 sustulisse
492 3658 625 3740 reperio,
643 3681 711 3719 cum
727 3681 795 3742 ego,
813 3673 848 3721 ut
863 3660 934 3721 testi
951 3660 1069 3720 cuidam
1087 3659 1296 3719 iusiurandum

124 3740 284 3819 deferrem,
302 3743 508 3811 surrexissem.
543 3745 583 3804 Et
601 3744 675 3805 baec
693 3766 718 3805 ι
728 3764 777 3816 me
796 3760 867 3806 vere
886 3745 945 3806 dici
962 3758 998 3805 ut
1011 3757 1147 3819 constet,
1166 3744 1295 3836 primum

69 3853 80 3881 «-
122 3826 210 3886 vobis
228 3828 425 3899 testabuntur
439 3829 489 3903 bi,
513 3829 566 3909 qui
585 3827 650 3891 istis
669 3830 851 3904 adfuerunt,
879 3831 992 3911 quique
1010 3831 1171 3891 viderunt:
1197 3850 1295 3910 neque

123 3901 206 3973 enim
224 3933 276 3974 eos
295 3913 465 3976 eiuraturos
486 3935 551 3975 esse
564 3926 655 3995 puto.
666 3914 721 3976 Sin
737 3932 770 3975 ea
786 3913 907 3977 luerint
918 3916 1117 3995 impudentia,
1136 3928 1172 3976 ιιι
1189 3914 1309 3976 facturi¹

51 4050 53 4061 ‚
117 3995 197 4056 sint:
223 4000 402 4078 provocatio
418 3999 506 4061 vo'bis
525 3999 661 4100 legetur,
686 4020 859 4100 perquam
869 4014 1024 4061 eteorum
1050 4001 1223 4081 periurium
1242 4021 1293 4098 pa

51 4140 53 4145 .
122 4079 182 4140 lam
198 4083 461 4163 deprehendetis,
479 4098 526 4162 et,
549 4086 642 4146 istum
659 4085 842 4176 surripuisse
867 4082 1096 4162 testimonium,
1123 4106 1223 4165 aeque
1243 4092 1291 4145 co'-

123 4169 283 4246 gnoscetis.
317 4171 360 4231 At
378 4172 532 4271 quisquis,
540 4155 768 4245 Athenienses,
793 4169 962 4232 alienorum
979 4171 1078 4230 sorem
1085 4170 1244 4252 appellari
1260 4189 1290 4229 se

102 4271 188 4325 ιιιοιι
203 4256 363 4329 recusavit,
381 4279 398 4317 a
416 4262 478 4337 q'r'ro
496 4256 582 4318 vobis
600 4255 763 4329 abhorrere
780 4256 916 4378 facinore
931 4255 1092 4343 videbitur.
1120 4256 1228 4317 Recita
1245 4267 1289 4316 te

118 4335 311 4416 stimonium,
327 4340 439 4431 deinde
457 4340 712 4435 provocationem
723 4342 858 4403 banc.-
