2722 4754
45 216 56 231 ‘
128 213 208 311 1²⁹⁴
396 158 1025 288 -onuos'runn1sonau10'‘

127 356 296 437 ¹rutrritum,¹
317 353 361 422 ut¹
374 380 465 422 nemo
488 361 626 422 omnium
648 356 806 420 hominum
827 356 1011 440 reipublicae
1037 355 1125 437 peius
1148 353 1245 427 velit,
1270 365 1303 413 et

81 464 84 477 ¹
120 450 228 531 'longe
246 447 332 506 aliam
351 447 388 507 de
407 466 444 507 eo
463 459 649 527 conceptam,
666 466 756 526 quam
774 442 943 517 conveniat,
962 440 1145 523 opinionem.
1164 430 1302 515 Quodsi,

44 526 50 541 ’
78 554 83 567 ’
135 532 355 605 Athenienses,
371 545 487 592 summa
504 531 578 592 haec
596 542 676 591 esset
692 527 886 588 Aristocratis
902 526 1029 599 iniuria,
1049 520 1302 605 quod-Charide-
1329 568 1332 581 .

95 643 98 649 ’
128 618 194 690 mi,
213 615 266 695 qui
283 613 353 674 talis
370 627 433 690 est,
450 617 570 697 qualem
587 635 656 676 eum
675 633 733 694 ego
752 632 817 673 esse
834 611 920 671 vobis
937 631 986 671 me
1004 624 1200 671 ostensurum
1219 606 1303 681 dico,
1352 648 1355 655 ·

108 713 248 762 tautam
266 698 299 757 in
317 700 440 761 decreto
456 701 605 761 rationem
623 699 731 772 habet,
753 709 806 772 ut,
824 696 849 757 si
867 695 940 775 quid
959 696 987 754 ei
1005 694 1180 768 accidisset,
1205 710 1304 778 pecu-

135 785 241 845 liarem
259 778 385 865 eamque
403 785 520 868 legibus
540 784 719 845 contrariam
735 781 886 851 ultionem
904 782 943 840 sit
960 780 1095 862 largitus,
1116 778 1147 838 id
1166 778 1226 837 iarn
1245 794 1303 838 vo·

120 868 184 930 tis
203 889 353 950 exponere
371 870 579 943 instituissem,
596 880 632 929 ut
648 865 871 948 intelligeretis,
887 865 979 947 longe
998 863 1112 937 abesse,
1127 875 1165 922 ut
1178 860 1234 922 ta'li
1253 880 1302 927 ae-

136 954 368 1015 natuscousulto
388 954 488 1013 ornari
506 966 670 1014 mereatur:
690 972 779 1012 ¹nunc
796 971 852 1031 per
873 949 972 1030 ipsum
997 944 1302 1031 senatusconsultum

74 1079 77 1089 ·
130 1039 221 1099 aliud
238 1039 357 1121 gravius
375 1038 517 1098 delictum
536 1036 744 1119 committitur,
762 1036 846 1115 quod
862 1034 949 1096 vobis
967 1033 1050 1116 prius
1064 1030 1301 1115 et'cognoscen·

139 1125 211 1199 dum
231 1133 286 1195 est,
306 1135 336 1181 et
349 1122 594 1202 praecavendum.
612 1121 751 1202 lnprimis
769 1130 870 1179 autem
889 1117 1035 1198 explicare
1053 1136 1187 1176 necesse
1195 1127 1244 1175 est
1255 1127 1303 1175 at·

31 1240 34 1246 ·
90 1200 97 1207 ’
139 1230 199 1288 que
216 1207 387 1281 ostendere,
401 1206 548 1286 ¹quidnam
561 1205 600 1267 sit
610 1205 698 1278 illud,¹
716 1202 799 1285 quod
813 1201 924 1275 effecit,
933 1214 976 1263 ¹ut
988 1199 1179 1262 Chersoneso
1193 1218 1304 1273 secure

138 1284 329 1375 potiremini:
354 1311 416 1372 quo
434 1291 575 1373 cognito,
593 1311 658 1351 eam
676 1289 897 1367 etiam-'quam
916 1282 1001 1359 dic'o,
1019 1285 1160 1345 iniuriam
1183 1282 1304 1369 perepi-

65 1448 68 1455 ,
141 1397 197 1437 cue
214 1372 352 1435 cernetis.
394 1375 462 1437 Hoc
479 1388 594 1450 autem,
611 1372 831 1448 Athenienses,
853 1372 896 1432 sic
914 1370 1012 1431 habet
1044 1367 1136 1454 Coty
1155 1369 1305 1430 defuncto

128 1450 308 1534 'Berisaden
323 1458 506 1534 Amadocus,
524 1457 747 1542 Cersobleptes,
764 1471 826 1519 tres
844 1478 899 1539 pro
917 1476 987 1534 uno,
994 1454 1137 1515 Thraciae
1155 1452 1246 1539 reges
1258 1453 1304 1515 fa-

140 1545 188 1609 cti·
199 1555 277 1604 sunt
320 1546 388 1620 Qua
407 1565 443 1605 ex
458 1565 492 1604 re
509 1545 541 1606 id
558 1544 705 1628 contigit,
720 1556 757 1604 ut
773 1543 837 1635 ipsi·
848 1543 930 1603 inter
946 1562 1012 1603 sese
1030 1539 1247 1601 dissentientes
1264 1538 1307 1600 ad

141 1650 195 1689 vos
207 1649 240 1688 se
253 1628 436 1704 conferrent,
453 1643 570 1710 vosque
584 1629 731 1691 colerent
744 1629 813 1694 Hoc
825 1626 928 1712 igitur,
945 1625 1160 1699 Athenienses,
1179 1620 1308 1705 quidam

135 1708 214 1786 'dum
230 1713 378 1793 repellere
396 1712 513 1787 volunt,
531 1727 572 1788 et,
588 1710 714 1793 reliquis
731 1712 853 1797 regibus
866 1711 1028 1795 abrogatis,
1036 1728 1189 1771 ¹summam
1206 1707 1307 1769 totius

141 1795 262 1879 imperii
274 1799 317 1873 ,ad
336 1794 565 1879 Cersobleptem
584 1799 760 1858 devolvere:
773 1797 894 1858 callide
920 1797 980 1857 hoe
1004 1792 1307 1859 senatusconsultum

131 1894 345 1957 extorserunt,
362 1882 388 1942 si
401 1882 492 1944 verba
503 1869 688 1965 spee'tentur,
705 1884 877 1944 seiunctum
889 1901 906 1941 a
919 1881 986 1943 talis
1001 1893 1126 1942 conatus
1145 1878 1308 1961 opinione,
1347 1874 1351 1889 '

90 2032 93 2037 Δ
136 1967 258 2048 reipsa
275 1967 403 2051 ma'xime
419 1968 457 2027 ad
474 1967 534 2029 hoc
551 1969 821 2042 accommodatum,
836 1979 873 2027 ut
889 1987 947 2049 ego
968 1965 1093 2027 docebo.
1112 1964 1204 2025 ·Nanr
1223 1984 1309 2038 cum,

142 2051 299 2111 'defuncto-
312 2072 419 2134 regum
436 2072 518 2126 uno,
530 2050 710 2125 ¹Berisade,
726 2052 867 2135 neglecto
892 2050 1087 2111 iureiurando
1113 2061 1144 2109 et
1167 2047 1311 2121 loedere,

130 2135 401 2216 'quodvobiscum
418 2136 544 2210 lecerat,
563 2133 774 2217 Cersobleptes
793 2136 906 2196 bellum
924 2148 957 2195 et
971 2135 1130 2194 Berisadae
1148 2132 1253 2192 liberis
1273 2145 1310 2193 et

41 2224 48 2237 “
73 2233 75 2237 ⁴
130 2219 300 2288 {Amadoco
317 2219 485 2282 intulissetr
503 2222 668 2303 constabat,
684 2217 844 2281 Berisadae
863 2220 965 2281 liberis
984 2219 1219 2279 Athenodorum
1239 2217 1311 2298 opi-

127 2303 321 2377 ¹tulatusum,
336 2303 493 2366 Amadoco
511 2305 667 2366 Simonem
680 2319 716 2364 et
729 2305 898 2365 Bianorem.
923 2304 999 2365 Nam
1017 2304 1069 2363 ille
1081 2303 1244 2364 Berisadae
1262 2302 1312 2362 al-

60 2405 120 2462 396
143 2388 224 2461 linis,
242 2388 275 2448 hi
287 2388 435 2448 Amadoci
452 2390 583 2449 luerunt
602 2386 647 2448 Co
669 2390 778 2449 'tantes
796 2389 899 2472 igitur,
917 2408 1048 2470 quonam
1066 2388 1159 2448 modo
1174 2382 1206 2446 bi
1223 2407 1312 2447 eom-

144 2471 245 2555 pesci,
262 2484 370 2552 atque,
394 2472 454 2533 illis
474 2468 617 2546 desertis,
669 2474 854 2547 haridemus,
872 2474 925 2554 qui
941 2494 1071 2555 regnum
1088 2469 1311 2552 Cersobleptae
1352 2496 1356 2501 ·

63 2587 70 2595 ’
143 2555 279 2618 stabilire
297 2556 439 2631 conatur,
457 2556 530 2632 citra
547 2553 716 2639 periculum
733 2558 909 2618 subvertere
926 2570 1031 2638 posset
1049 2557 1165 2616 omuiar
1189 2555 1221 2616 id
1239 2554 1311 2615 fieri

51 2652 55 2661 '
144 2661 234 2724 posse
251 2653 448 2722 repererunt,
472 2642 603 2723 primum
621 2644 743 2703 decreto
762 2664 779 2702 a
795 2642 881 2702 vobis
900 2643 1078 2723 impetrato,
1104 2641 1216 2720 siquis
1235 2660 1310 2701 eum
1332 2636 1335 2645 ¹

48 2733 52 2741 “
145 2725 320 2801 occidisset,
346 2738 381 2785 ut
397 2725 504 2793 liceret
520 2726 566 2787 illi
583 2726 708 2788 iniicere
726 2746 849 2800 manus,
875 2727 1003 2798 deinde,
1029 2726 1055 2785 si
1073 2722 1273 2785 Charidemus
1290 2745 1311 2782 a

143 2800 232 2871 vobis
250 2811 415 2890 imperator
432 2802 646 2893 designaretur.
674 2804 781 2890 Neque
800 2811 880 2882 enim
899 2822 1003 2872 contra
1021 2810 1236 2890 imperatorem
1249 2828 1309 2901 ye-
1339 2874 1346 2883 ,

136 2907 240 2955 strum
257 2915 338 2953 arum
354 2907 469 2954 temere
487 2895 599 2957 laturos
616 2917 683 2956 esse
700 2895 856 2964 Simonem
875 2908 906 2956 et
922 2895 1099 2966 Bianorem,
1122 2916 1139 2953 a
1156 2894 1245 2954 tobis
1263 2892 1309 2953 ci-

144 2979 237 3040 vitate
256 2979 395 3051 donatos,
412 2991 444 3038 et
460 2979 575 3060 alioqui
591 2981 684 3040 vestri
700 2979 872 3040 studiosos:
891 2992 921 3041 et
934 2993 1039 3039 natura
1057 2979 1153 3039 civem
1170 2990 1309 3039 vestrum

145 3062 380 3123 Athenodorum
403 3083 442 3123 ne
468 3063 504 3122 in
524 3064 657 3131 animum
682 3065 804 3144 quidem
819 3064 851 3125 id
877 3085 942 3143 psse
966 3064 1178 3137 inducturum,
1204 3081 1308 3142 neque
1337 3056 1346 3077 ¹

82 3201 87 3209 ,
143 3148 178 3207 id
192 3147 306 3206 crimen
323 3146 506 3221 subiturum,
522 3159 558 3207 ut
569 3150 832 3209 senatusconsulto
847 3150 1019 3210 adversatus
1033 3148 1203 3208 uideretur:
1222 3144 1308 3226 quod

146 3231 212 3292 sine
229 3230 291 3290 ulla
317 3230 506 3291 dubitatione
525 3232 567 3291 eis
585 3233 818 3315 impingeretur,
845 3234 870 3292 si
889 3232 962 3313 quid
981 3229 1161 3292 Charidemo
1179 3229 1308 3290 accidis·

50 3338 52 3345 ’
145 3327 199 3375 set
218 3315 287 3374 Hac'
299 3315 426 3397 ratione,
444 3315 544 3376 alteris
563 3317 675 3376 auxilio
693 3317 854 3390 destitutis,
871 3317 936 3377 istis
954 3329 1037 3377 tanta
1055 3316 1232 3397 impunitate
1251 3314 1307 3372 da-

145 3411 195 3472 ta,
209 3398 299 3459 facile
317 3419 408 3480 posse
424 3399 494 3460 illos
513 3400 599 3474 oiici,
621 3423 654 3461 se
671 3401 831 3482 imperium
850 3400 996 3462 obtinere.
1031 3402 1072 3460 Et
1088 3401 1165 3460 hane
1182 3399 1307 3458 illorum

84 3538 88 3543 .
145 3483 239 3543 fuisse
257 3496 400 3559 mentem,
418 3484 492 3546 hacc
510 3485 635 3546 consilia
652 3486 721 3545 illos
739 3486 952 3560 concinnasse,
970 3486 1034 3566 ipsa
1051 3486 1128 3545 lacta
1146 3482 1309 3544 clamitant.

145 3567 223 3627 Nam
240 3568 330 3650 simul
347 3582 380 3629 et
396 3569 511 3629 bellum
528 3569 705 3643 movebant,
730 3582 761 3630 et
779 3571 816 3630 ad
833 3590 887 3630 vos
906 3570 943 3629 ab
961 3571 1004 3630 eis
1030 3569 1154 3651 legatus·
1165 3564 1308 3627 veniebat

147 3651 375 3714 Aristomachus
400 3654 615 3734 Alopecensis:
640 3655 693 3734 qui
712 3676 779 3714 cum
798 3655 855 3715 alia
871 3655 951 3734 apud
968 3675 1021 3715 vos
1039 3654 1072 3712 in
1091 3653 1240 3712 concione
1258 3648 1307 3708 di-

146 3738 248 3810 cebat,
273 3749 340 3797 tum
357 3738 390 3797 in
415 3737 589 3798 honorifica
606 3739 829 3819 praedicatione
854 3752 886 3799 et
908 3739 1024 3819 prolixa
1042 3734 1258 3815 Cersobleptae
1276 3746 1310 3792 et
1344 3778 1352 3785 .

78 3831 81 3837 ’
142 3819 335 3895 -Ghan'demi,
364 3812 470 3883 eorum
496 3843 566 3904 erga
591 3845 645 3883 vos
669 3822 912 3885 benevolentiam
931 3836 961 3884 et
977 3822 1112 3882 studium
1130 3816 1311 3881 celebrabat„

146 3905 254 3971 Solum
279 3907 416 3968 omnium
438 3907 598 3968 hominum
616 3904 828 3970 Charidemum
854 3907 939 3968 vobis
958 3905 1167 3986 Amphipolim
1193 3904 1310 3963 donare

146 4011 237 4074 posse
255 3990 384 4065 dicebat,
402 4005 498 4072 utque
515 4011 584 4052 eum
603 3992 816 4073 imperatorem
834 3989 1188 4064 erearum-hortabatur.
1216 3988 1310 4046 Para-

130 4089 329 4138 tumentem
348 4076 391 4136 eis
409 4075 469 4137 iam
491 4077 638 4145 antehoc
662 4077 957 4139 senatusconsultum
984 4087 1015 4134 et
1032 4085 1102 4133 ante
1125 4071 1310 4154 dispositum

95 4167 99 4174 '
130 4173 231 4233 emt,
249 4172 302 4232 ut,
319 4161 346 4221 si
363 4161 594 4242 acquiesceretis
611 4162 643 4221 in
661 4160 933 4243 pollicitationibus
952 4172 987 4219 et
1000 4178 1072 4239 spe,
1095 4179 1187 4238 quam
1202 4166 1312 4223 osten-

42 4300 48 4317 ,
128 4244 228 4304 stabat
245 4245 493 4320 Aristomachus,
510 4248 611 4308 statim
629 4246 760 4326 populus
779 4245 934 4306 decretum
952 4236 1164 4323 comprobaret
1183 4238 1313 4304 et-nihit

145 4328 313 4412 impediret
349 4329 392 4391 At
412 4354 570 4412 quamnam
589 4330 775 4395 callidiorem
792 4343 844 4392 aut
859 4327 1038 4392 astutiorem
1055 4326 1207 4389 rationem
1226 4323 1313 4406 quis-
