<?xml version="1.0" encoding="UTF-8"?>
<!DOCTYPE html PUBLIC "-//W3C//DTD XHTML 1.0 Transitional//EN"
    "http://www.w3.org/TR/xhtml1/DTD/xhtml1-transitional.dtd">
<html xmlns="http://www.w3.org/1999/xhtml" xml:lang="en" lang="en">
 <head>
  <title>
</title>
<meta http-equiv="Content-Type" content="text/html;charset=utf-8" />
  <meta name='ocr-system' content='tesseract 3.04.00' />
  <meta name='ocr-capabilities' content='ocr_page ocr_carea ocr_par ocr_line ocrx_word'/>
</head>
<body>
  <div class='ocr_page' id='page_1' title='image "./demosthenisquae04schgoog_0478.png"; bbox 0 0 2722 4754; ppageno 0'>
   <div class='ocr_carea' id='block_1_1' title="bbox 362 170 1301 315">
    <p class='ocr_par' dir='ltr' id='par_1_1' title="bbox 362 170 1301 315">
     <span class='ocr_line' id='line_1_1' title="bbox 362 170 1301 315; baseline 0.003 -36"><span class='ocrx_word' id='word_1_1' title='bbox 362 170 968 315; x_wconf 12' lang='lat' dir='ltr'><strong>an&#39;vnnsnsnouo&#39;uunt</strong></span> <span class='ocrx_word' id='word_1_2' title='bbox 1014 192 1058 264; x_wconf 56' lang='grc' dir='ltr'><strong><em>Γ</em></strong></span> <span class='ocrx_word' id='word_1_3' title='bbox 1115 214 1118 221; x_wconf 84' lang='grc'><strong>’</strong></span> <span class='ocrx_word' id='word_1_4' title='bbox 1181 221 1242 282; x_wconf 71' lang='lat' dir='ltr'><strong>aas</strong></span> <span class='ocrx_word' id='word_1_5' title='bbox 1296 308 1301 314; x_wconf 86' lang='lat'>.</span> 
     </span>
    </p>
   </div>
   <div class='ocr_carea' id='block_1_2' title="bbox 34 372 1340 4463">
    <p class='ocr_par' dir='ltr' id='par_1_2' title="bbox 59 372 1339 1396">
     <span class='ocr_line' id='line_1_2' title="bbox 67 372 1242 457; baseline -0.001 -23"><span class='ocrx_word' id='word_1_6' title='bbox 67 386 159 455; x_wconf 80' lang='lat' dir='ltr'><strong>patre</strong></span> <span class='ocrx_word' id='word_1_7' title='bbox 177 392 246 444; x_wconf 81' lang='lat' dir='ltr'><strong>meo</strong></span> <span class='ocrx_word' id='word_1_8' title='bbox 267 374 334 457; x_wconf 74' lang='lat' dir='ltr'><strong>eise</strong></span> <span class='ocrx_word' id='word_1_9' title='bbox 352 372 496 456; x_wconf 82' lang='lat' dir='ltr'><strong>genitum.</strong></span> <span class='ocrx_word' id='word_1_10' title='bbox 539 374 612 448; x_wconf 84' lang='lat' dir='ltr'><strong>Quo</strong></span> <span class='ocrx_word' id='word_1_11' title='bbox 630 372 709 432; x_wconf 86' lang='lat' dir='ltr'><strong>lacto</strong></span> <span class='ocrx_word' id='word_1_12' title='bbox 728 373 773 433; x_wconf 91' lang='lat' dir='ltr'><strong>illi</strong></span> <span class='ocrx_word' id='word_1_13' title='bbox 791 393 915 434; x_wconf 89' lang='lat' dir='ltr'><strong>necesse</strong></span> <span class='ocrx_word' id='word_1_14' title='bbox 932 372 1008 446; x_wconf 87' lang='lat' dir='ltr'><strong>suit,</strong></span> <span class='ocrx_word' id='word_1_15' title='bbox 1032 373 1163 457; x_wconf 27' lang='lat' dir='ltr'><strong>istosxad</strong></span> <span class='ocrx_word' id='word_1_16' title='bbox 1188 396 1242 433; x_wconf 90' lang='lat' dir='ltr'><strong>cu-</strong></span> 
     </span>
     <span class='ocr_line' id='line_1_3' title="bbox 67 457 1326 537; baseline 0 -19"><span class='ocrx_word' id='word_1_17' title='bbox 67 460 163 519; x_wconf 84' lang='lat' dir='ltr'><strong>riales</strong></span> <span class='ocrx_word' id='word_1_18' title='bbox 191 457 405 531; x_wconf 76' lang='lat' dir='ltr'><strong>introducere,</strong></span> <span class='ocrx_word' id='word_1_19' title='bbox 432 459 533 537; x_wconf 84' lang='lat' dir='ltr'><strong>neque</strong></span> <span class='ocrx_word' id='word_1_20' title='bbox 557 459 618 519; x_wconf 90' lang='lat' dir='ltr'><strong>ulla</strong></span> <span class='ocrx_word' id='word_1_21' title='bbox 643 459 844 536; x_wconf 63' lang='lat' dir='ltr'><strong>reliqua‘tuit</strong></span> <span class='ocrx_word' id='word_1_22' title='bbox 867 460 1035 520; x_wconf 82' lang='lat' dir='ltr'><strong>excusatio:</strong></span> <span class='ocrx_word' id='word_1_23' title='bbox 1064 459 1243 531; x_wconf 69' lang='lat' dir='ltr'><strong>introduxit,</strong></span> <span class='ocrx_word' id='word_1_24' title='bbox 1324 523 1326 526; x_wconf 63' lang='grc'><strong>,</strong></span> 
     </span>
     <span class='ocr_line' id='line_1_4' title="bbox 68 541 1242 626; baseline -0.002 -22"><span class='ocrx_word' id='word_1_25' title='bbox 68 543 230 626; x_wconf 88' lang='lat' dir='ltr'><strong>ad&#39;optavit</strong></span> <span class='ocrx_word' id='word_1_26' title='bbox 254 541 318 624; x_wconf 79' lang='lat' dir='ltr'><strong>(u&#39;t,</strong></span> <span class='ocrx_word' id='word_1_27' title='bbox 345 562 436 622; x_wconf 88' lang='lat' dir='ltr'><strong>quae·</strong></span> <span class='ocrx_word' id='word_1_28' title='bbox 448 542 703 616; x_wconf 87' lang='lat' dir='ltr'><strong>intercesserunt,</strong></span> <span class='ocrx_word' id='word_1_29' title='bbox 729 543 893 624; x_wconf 83' lang='lat' dir='ltr'><strong>resecem),</strong></span> <span class='ocrx_word' id='word_1_30' title='bbox 911 545 949 602; x_wconf 82' lang='lat' dir='ltr'><strong>&#39;in</strong></span> <span class='ocrx_word' id='word_1_31' title='bbox 968 544 1069 603; x_wconf 88' lang='lat' dir='ltr'><strong>album</strong></span> <span class='ocrx_word' id='word_1_32' title='bbox 1085 542 1242 625; x_wconf 75' lang='lat' dir='ltr'><strong>inscripsit</strong></span> 
     </span>
     <span class='ocr_line' id='line_1_5' title="bbox 66 625 1330 712; baseline -0.001 -24"><span class='ocrx_word' id='word_1_33' title='bbox 66 628 248 711; x_wconf 61' lang='lat' dir='ltr'><strong>Apaturiis&#39;,</strong></span> <span class='ocrx_word' id='word_1_34' title='bbox 266 627 368 696; x_wconf 71' lang='lat' dir='ltr'><strong>&#39;istum</strong></span> <span class='ocrx_word' id='word_1_35' title='bbox 386 625 465 708; x_wconf 88' lang='lat' dir='ltr'><strong>apud</strong></span> <span class='ocrx_word' id='word_1_36' title='bbox 495 628 621 712; x_wconf 78' lang='lat' dir='ltr'><strong>curiales</strong></span> <span class='ocrx_word' id='word_1_37' title='bbox 639 629 808 702; x_wconf 79' lang='lat' dir='ltr'><strong>Boeotum,</strong></span> <span class='ocrx_word' id='word_1_38' title='bbox 835 627 964 686; x_wconf 91' lang='lat' dir='ltr'><strong>alterum</strong></span> <span class='ocrx_word' id='word_1_39' title='bbox 982 642 1082 687; x_wconf 88' lang='lat' dir='ltr'><strong>autem</strong></span> <span class='ocrx_word' id='word_1_40' title='bbox 1099 628 1256 709; x_wconf 69' lang='lat' dir='ltr'><strong>Pamphi·⁴</strong></span> <span class='ocrx_word' id='word_1_41' title='bbox 1327 663 1330 670; x_wconf 95' lang='lat'>·</span> 
     </span>
     <span class='ocr_line' id='line_1_6' title="bbox 69 709 1335 795; baseline -0.002 -21"><span class='ocrx_word' id='word_1_42' title='bbox 69 715 146 774; x_wconf 86' lang='lat' dir='ltr'><strong>lum.</strong></span> <span class='ocrx_word' id='word_1_43' title='bbox 164 715 231 795; x_wconf 75' lang='lat' dir='ltr'><strong>Ego</strong></span> <span class='ocrx_word' id='word_1_44' title='bbox 248 732 321 771; x_wconf 83' lang='lat' dir='ltr'><strong>vero</strong></span> <span class='ocrx_word' id='word_1_45' title='bbox 336 712 521 772; x_wconf 89' lang='lat' dir='ltr'><strong>Mantitbeus</strong></span> <span class='ocrx_word' id='word_1_46' title='bbox 540 711 703 792; x_wconf 89' lang='lat' dir='ltr'><strong>inscriptus</strong></span> <span class='ocrx_word' id='word_1_47' title='bbox 722 733 810 772; x_wconf 91' lang='lat' dir='ltr'><strong>eram.</strong></span> <span class='ocrx_word' id='word_1_48' title='bbox 829 709 906 771; x_wconf 71' lang='lat' dir='ltr'><strong>Cuin</strong></span> <span class='ocrx_word' id='word_1_49' title='bbox 924 730 1003 771; x_wconf 81' lang='lat' dir='ltr'><strong>vero·</strong></span> <span class='ocrx_word' id='word_1_50' title='bbox 1016 716 1065 772; x_wconf 80' lang='lat' dir='ltr'><strong>sic&#39;</strong></span> <span class='ocrx_word' id='word_1_51' title='bbox 1075 714 1243 787; x_wconf 88' lang='lat' dir='ltr'><strong>accidisset,</strong></span> <span class='ocrx_word' id='word_1_52' title='bbox 1324 764 1335 772; x_wconf 34' lang='lat' dir='ltr'><strong>r</strong></span> 
     </span>
     <span class='ocr_line' id='line_1_7' title="bbox 61 795 1242 880; baseline -0.001 -21"><span class='ocrx_word' id='word_1_53' title='bbox 61 812 109 859; x_wconf 76' lang='lat' dir='ltr'><strong>ut</strong></span> <span class='ocrx_word' id='word_1_54' title='bbox 127 799 402 880; x_wconf 71' lang='lat' dir='ltr'><strong>patenantequam</strong></span> <span class='ocrx_word' id='word_1_55' title='bbox 420 797 453 856; x_wconf 93' lang='lat' dir='ltr'><strong>in</strong></span> <span class='ocrx_word' id='word_1_56' title='bbox 470 797 669 877; x_wconf 85' lang='lat' dir='ltr'><strong>municipium</strong></span> <span class='ocrx_word' id='word_1_57' title='bbox 686 796 829 877; x_wconf 78' lang='lat' dir='ltr'><strong>adscripti</strong></span> <span class='ocrx_word' id='word_1_58' title='bbox 847 808 957 871; x_wconf 91' lang='lat' dir='ltr'><strong>essent,</strong></span> <span class='ocrx_word' id='word_1_59' title='bbox 975 795 1160 865; x_wconf 85' lang='lat' dir='ltr'><strong>moreretur:</strong></span> <span class='ocrx_word' id='word_1_60' title='bbox 1184 799 1242 858; x_wconf 90' lang='lat' dir='ltr'><strong>iste</strong></span> 
     </span>
     <span class='ocr_line' id='line_1_8' title="bbox 71 880 1243 963; baseline -0.002 -19"><span class='ocrx_word' id='word_1_61' title='bbox 71 886 112 944; x_wconf 75' lang='lat' dir='ltr'><strong>ael</strong></span> <span class='ocrx_word' id='word_1_62' title='bbox 132 882 300 963; x_wconf 81' lang='lat' dir='ltr'><strong>municipes</strong></span> <span class='ocrx_word' id='word_1_63' title='bbox 317 882 419 956; x_wconf 87' lang='lat' dir='ltr'><strong>venit,</strong></span> <span class='ocrx_word' id='word_1_64' title='bbox 439 895 469 941; x_wconf 89' lang='lat' dir='ltr'><strong>et</strong></span> <span class='ocrx_word' id='word_1_65' title='bbox 486 901 541 961; x_wconf 87' lang='lat' dir='ltr'><strong>pro</strong></span> <span class='ocrx_word' id='word_1_66' title='bbox 559 883 678 942; x_wconf 83' lang='lat' dir='ltr'><strong>lloeoto</strong></span> <span class='ocrx_word' id='word_1_67' title='bbox 697 903 729 942; x_wconf 86' lang='lat' dir='ltr'><strong>se</strong></span> <span class='ocrx_word' id='word_1_68' title='bbox 749 880 950 951; x_wconf 85' lang='lat' dir='ltr'><strong>Mantitheum</strong></span> <span class='ocrx_word' id='word_1_69' title='bbox 967 881 1117 941; x_wconf 70' lang='lat' dir='ltr'><strong>inscribit:</strong></span> <span class='ocrx_word' id='word_1_70' title='bbox 1148 884 1243 958; x_wconf 86' lang='lat' dir='ltr'><strong>Quod</strong></span> 
     </span>
     <span class='ocr_line' id='line_1_9' title="bbox 73 960 1336 1053; baseline 0 -25"><span class='ocrx_word' id='word_1_71' title='bbox 73 980 223 1049; x_wconf 86' lang='lat' dir='ltr'><strong>quantum</strong></span> <span class='ocrx_word' id='word_1_72' title='bbox 240 968 463 1038; x_wconf 73' lang='lat' dir='ltr'><strong>incommodet,</strong></span> <span class='ocrx_word' id='word_1_73' title='bbox 486 960 726 1046; x_wconf 70' lang='lat' dir='ltr'><strong>primummilti,</strong></span> <span class='ocrx_word' id='word_1_74' title='bbox 745 968 855 1028; x_wconf 90' lang='lat' dir='ltr'><strong>deinde</strong></span> <span class='ocrx_word' id='word_1_75' title='bbox 874 967 959 1030; x_wconf 85' lang='lat' dir='ltr'><strong>vobis</strong></span> <span class='ocrx_word' id='word_1_76' title='bbox 979 967 1084 1043; x_wconf 90' lang='lat' dir='ltr'><strong>etiam,</strong></span> <span class='ocrx_word' id='word_1_77' title='bbox 1108 966 1166 1051; x_wconf 82' lang='lat' dir='ltr'><strong>ego</strong></span> <span class='ocrx_word' id='word_1_78' title='bbox 1186 969 1241 1028; x_wconf 89' lang='lat' dir='ltr'><strong>do·</strong></span> <span class='ocrx_word' id='word_1_79' title='bbox 1315 1026 1336 1053; x_wconf 36' lang='grc' dir='ltr'><strong>Ι,</strong></span> 
     </span>
     <span class='ocr_line' id='line_1_10' title="bbox 59 1051 1283 1136; baseline -0.002 -22"><span class='ocrx_word' id='word_1_80' title='bbox 59 1052 245 1129; x_wconf 72' lang='lat' dir='ltr'><strong>·c&#39;cbo⁵,&#39;=ubi</strong></span> <span class='ocrx_word' id='word_1_81' title='bbox 264 1063 388 1126; x_wconf 84' lang='lat' dir='ltr'><strong>eorum,</strong></span> <span class='ocrx_word' id='word_1_82' title='bbox 407 1071 483 1131; x_wconf 88' lang='lat' dir='ltr'><strong>quae</strong></span> <span class='ocrx_word' id='word_1_83' title='bbox 502 1051 588 1136; x_wconf 83' lang='lat' dir='ltr'><strong>dico,</strong></span> <span class='ocrx_word' id='word_1_84' title='bbox 605 1065 699 1112; x_wconf 87' lang='lat' dir='ltr'><strong>testes</strong></span> <span class='ocrx_word' id='word_1_85' title='bbox 716 1053 897 1136; x_wconf 83' lang='lat' dir='ltr'><strong>produxero.</strong></span> <span class='ocrx_word' id='word_1_86' title='bbox 1131 1059 1136 1074; x_wconf 77' lang='lat'><strong>⁴</strong></span> <span class='ocrx_word' id='word_1_87' title='bbox 1270 1055 1283 1061; x_wconf 81' lang='grc'><strong>”</strong></span> 
     </span>
     <span class='ocr_line' id='line_1_11' title="bbox 170 1208 787 1274; baseline -0.006 -19"><span class='ocrx_word' id='word_1_88' title='bbox 170 1271 172 1274; x_wconf 9' lang='lat' dir='ltr'>y</span> <span class='ocrx_word' id='word_1_89' title='bbox 257 1270 260 1274; x_wconf 10' lang='grc' dir='ltr'>ᾗ</span> <span class='ocrx_word' id='word_1_90' title='bbox 560 1208 787 1255; x_wconf 72' lang='lat' dir='ltr'><strong>sescus.v</strong></span> 
     </span>
     <span class='ocr_line' id='line_1_12' title="bbox 156 1289 1339 1396; baseline -0.003 -29"><span class='ocrx_word' id='word_1_91' title='bbox 156 1310 265 1396; x_wconf 77' lang='lat' dir='ltr'><strong>-Quem</strong></span> <span class='ocrx_word' id='word_1_92' title='bbox 289 1307 382 1393; x_wconf 81' lang='lat' dir='ltr'><strong>igitur</strong></span> <span class='ocrx_word' id='word_1_93' title='bbox 399 1304 436 1370; x_wconf 84' lang='lat' dir='ltr'><strong>ad</strong></span> <span class='ocrx_word' id='word_1_94' title='bbox 454 1300 579 1372; x_wconf 82' lang='lat' dir='ltr'><strong>modum</strong></span> <span class='ocrx_word' id='word_1_95' title='bbox 597 1336 654 1373; x_wconf 94' lang='lat' dir='ltr'><strong>nos</strong></span> <span class='ocrx_word' id='word_1_96' title='bbox 672 1325 756 1393; x_wconf 90' lang='lat' dir='ltr'><strong>pater</strong></span> <span class='ocrx_word' id='word_1_97' title='bbox 772 1289 975 1394; x_wconf 82' lang='lat' dir='ltr'><strong>inscripserit,</strong></span> <span class='ocrx_word' id='word_1_98' title='bbox 1003 1332 1019 1370; x_wconf 95' lang='lat' dir='ltr'><strong>e</strong></span> <span class='ocrx_word' id='word_1_99' title='bbox 1043 1307 1244 1370; x_wconf 78' lang='lat' dir='ltr'><strong>testibusau-</strong></span> <span class='ocrx_word' id='word_1_100' title='bbox 1332 1321 1339 1327; x_wconf 84' lang='lat'>·</span> 
     </span>
    </p>

    <p class='ocr_par' dir='ltr' id='par_1_3' title="bbox 72 1392 1284 1736">
     <span class='ocr_line' id='line_1_13' title="bbox 77 1392 1284 1476; baseline -0.004 -22"><span class='ocrx_word' id='word_1_101' title='bbox 77 1392 203 1455; x_wconf 73' lang='lat' dir='ltr'><strong>dicistis.</strong></span> <span class='ocrx_word' id='word_1_102' title='bbox 238 1396 288 1454; x_wconf 88' lang='lat' dir='ltr'><strong>Me</strong></span> <span class='ocrx_word' id='word_1_103' title='bbox 306 1408 425 1469; x_wconf 89' lang='lat' dir='ltr'><strong>autem,</strong></span> <span class='ocrx_word' id='word_1_104' title='bbox 455 1398 536 1476; x_wconf 90' lang='lat' dir='ltr'><strong>quod</strong></span> <span class='ocrx_word' id='word_1_105' title='bbox 554 1399 619 1459; x_wconf 58' lang='lat' dir='ltr'><strong>iste&gt;</strong></span> <span class='ocrx_word' id='word_1_106' title='bbox 630 1398 805 1456; x_wconf 84' lang='lat' dir='ltr'><strong>violandum</strong></span> <span class='ocrx_word' id='word_1_107' title='bbox 823 1397 869 1459; x_wconf 92' lang='lat' dir='ltr'><strong>ius</strong></span> <span class='ocrx_word' id='word_1_108' title='bbox 888 1397 948 1459; x_wconf 92' lang='lat' dir='ltr'><strong>sibi</strong></span> <span class='ocrx_word' id='word_1_109' title='bbox 966 1395 1066 1468; x_wconf 78' lang='lat' dir='ltr'><strong>ducit,</strong></span> <span class='ocrx_word' id='word_1_110' title='bbox 1094 1392 1245 1454; x_wconf 81' lang='lat' dir='ltr'><strong>actionem</strong></span> <span class='ocrx_word' id='word_1_111' title='bbox 1283 1433 1284 1436; x_wconf 17' lang='grc' dir='ltr'>η</span> 
     </span>
     <span class='ocr_line' id='line_1_14' title="bbox 75 1469 1246 1564; baseline 0.002 -25"><span class='ocrx_word' id='word_1_112' title='bbox 75 1479 156 1561; x_wconf 83' lang='lat' dir='ltr'><strong>banc</strong></span> <span class='ocrx_word' id='word_1_113' title='bbox 174 1479 343 1554; x_wconf 79' lang='lat' dir='ltr'><strong>instituisse</strong></span> <span class='ocrx_word' id='word_1_114' title='bbox 362 1483 549 1556; x_wconf 89' lang='lat' dir='ltr'><strong>necessario,</strong></span> <span class='ocrx_word' id='word_1_115' title='bbox 579 1469 610 1541; x_wconf 90' lang='lat' dir='ltr'><strong>id</strong></span> <span class='ocrx_word' id='word_1_116' title='bbox 628 1483 687 1541; x_wconf 88' lang='lat' dir='ltr'><strong>iam</strong></span> <span class='ocrx_word' id='word_1_117' title='bbox 703 1481 870 1558; x_wconf 80' lang='lat' dir='ltr'><strong>ostendam.</strong></span> <span class='ocrx_word' id='word_1_118' title='bbox 905 1483 974 1564; x_wconf 79' lang='lat' dir='ltr'><strong>Ego</strong></span> <span class='ocrx_word' id='word_1_119' title='bbox 992 1482 1073 1541; x_wconf 89' lang='lat' dir='ltr'><strong>enim</strong></span> <span class='ocrx_word' id='word_1_120' title='bbox 1091 1499 1154 1538; x_wconf 90' lang='lat' dir='ltr'><strong>non</strong></span> <span class='ocrx_word' id='word_1_121' title='bbox 1172 1492 1246 1558; x_wconf 73' lang='lat' dir='ltr'><strong>pro-</strong></span> 
     </span>
     <span class='ocr_line' id='line_1_15' title="bbox 75 1561 1260 1651; baseline 0.002 -28"><span class='ocrx_word' id='word_1_122' title='bbox 75 1563 160 1623; x_wconf 81' lang='lat' dir='ltr'><strong>lecto</strong></span> <span class='ocrx_word' id='word_1_123' title='bbox 179 1564 272 1625; x_wconf 87' lang='lat' dir='ltr'><strong>bomo</strong></span> <span class='ocrx_word' id='word_1_124' title='bbox 291 1580 357 1624; x_wconf 89' lang='lat' dir='ltr'><strong>sum</strong></span> <span class='ocrx_word' id='word_1_125' title='bbox 369 1568 452 1626; x_wconf 67' lang='lat' dir='ltr'><strong>⁴adeo</strong></span> <span class='ocrx_word' id='word_1_126' title='bbox 470 1567 609 1648; x_wconf 83' lang='lat' dir='ltr'><strong>stupidus</strong></span> <span class='ocrx_word' id='word_1_127' title='bbox 628 1581 681 1626; x_wconf 89' lang='lat' dir='ltr'><strong>aut</strong></span> <span class='ocrx_word' id='word_1_128' title='bbox 697 1567 883 1651; x_wconf 81' lang='lat' dir='ltr'><strong>incogitans,</strong></span> <span class='ocrx_word' id='word_1_129' title='bbox 900 1580 950 1640; x_wconf 90' lang='lat' dir='ltr'><strong>ut,</strong></span> <span class='ocrx_word' id='word_1_130' title='bbox 975 1569 1043 1641; x_wconf 80' lang='lat' dir='ltr'><strong>cum</strong></span> <span class='ocrx_word' id='word_1_131' title='bbox 1061 1561 1260 1646; x_wconf 82' lang='lat' dir='ltr'><strong>patrimonii,</strong></span> 
     </span>
     <span class='ocr_line' id='line_1_16' title="bbox 72 1649 1245 1736; baseline -0.005 -25"><span class='ocrx_word' id='word_1_132' title='bbox 72 1651 164 1736; x_wconf 77' lang='lat' dir='ltr'><strong>&#39;quod</strong></span> <span class='ocrx_word' id='word_1_133' title='bbox 183 1670 272 1736; x_wconf 81' lang='lat' dir='ltr'><strong>omne</strong></span> <span class='ocrx_word' id='word_1_134' title='bbox 291 1651 383 1711; x_wconf 88' lang='lat' dir='ltr'><strong>fiebat</strong></span> <span class='ocrx_word' id='word_1_135' title='bbox 400 1654 520 1725; x_wconf 88' lang='lat' dir='ltr'><strong>meum,</strong></span> <span class='ocrx_word' id='word_1_136' title='bbox 549 1656 709 1732; x_wconf 83' lang='lat' dir='ltr'><strong>postquam</strong></span> <span class='ocrx_word' id='word_1_137' title='bbox 727 1653 801 1713; x_wconf 92' lang='lat' dir='ltr'><strong>istos</strong></span> <span class='ocrx_word' id='word_1_138' title='bbox 821 1654 978 1734; x_wconf 80' lang='lat' dir='ltr'><strong>adoptarat</strong></span> <span class='ocrx_word' id='word_1_139' title='bbox 995 1664 1098 1731; x_wconf 89' lang='lat' dir='ltr'><strong>pater,</strong></span> <span class='ocrx_word' id='word_1_140' title='bbox 1124 1649 1245 1708; x_wconf 82' lang='lat' dir='ltr'><strong>tertiam</strong></span> 
     </span>
    </p>

    <p class='ocr_par' dir='ltr' id='par_1_4' title="bbox 35 1732 1310 2585">
     <span class='ocr_line' id='line_1_17' title="bbox 35 1732 1246 1821; baseline -0.002 -28"><span class='ocrx_word' id='word_1_141' title='bbox 35 1787 46 1808; x_wconf 39' lang='lat' dir='ltr'>x</span> <span class='ocrx_word' id='word_1_142' title='bbox 76 1735 198 1796; x_wconf 83' lang='lat' dir='ltr'><strong>auferre</strong></span> <span class='ocrx_word' id='word_1_143' title='bbox 222 1749 337 1816; x_wconf 87' lang='lat' dir='ltr'><strong>partem</strong></span> <span class='ocrx_word' id='word_1_144' title='bbox 363 1737 581 1821; x_wconf 87' lang='lat' dir='ltr'><strong>concesserim,</strong></span> <span class='ocrx_word' id='word_1_145' title='bbox 605 1737 754 1820; x_wconf 76' lang='lat' dir='ltr'><strong>iuraque</strong></span> <span class='ocrx_word' id='word_1_146' title='bbox 779 1739 1032 1819; x_wconf 86' lang='lat' dir='ltr'><strong>reacquiescam,</strong></span> <span class='ocrx_word' id='word_1_147' title='bbox 1058 1737 1097 1795; x_wconf 93' lang='lat' dir='ltr'><strong>de</strong></span> <span class='ocrx_word' id='word_1_148' title='bbox 1121 1732 1246 1793; x_wconf 79' lang='lat' dir='ltr'><strong>nomine</strong></span> 
     </span>
     <span class='ocr_line' id='line_1_18' title="bbox 77 1816 1245 1904; baseline -0.003 -24"><span class='ocrx_word' id='word_1_149' title='bbox 77 1818 167 1880; x_wconf 85' lang='lat' dir='ltr'><strong>litem</strong></span> <span class='ocrx_word' id='word_1_150' title='bbox 185 1821 409 1893; x_wconf 39' lang='lat' dir='ltr'><strong>intenderemz·</strong></span> <span class='ocrx_word' id='word_1_151' title='bbox 423 1817 482 1881; x_wconf 80' lang='lat' dir='ltr'><strong>nisi</strong></span> <span class='ocrx_word' id='word_1_152' title='bbox 506 1823 634 1882; x_wconf 83' lang='lat' dir='ltr'><strong>mutatio</strong></span> <span class='ocrx_word' id='word_1_153' title='bbox 659 1824 791 1882; x_wconf 88' lang='lat' dir='ltr'><strong>nominis</strong></span> <span class='ocrx_word' id='word_1_154' title='bbox 816 1836 847 1882; x_wconf 89' lang='lat' dir='ltr'><strong>et</strong></span> <span class='ocrx_word' id='word_1_155' title='bbox 864 1822 1094 1904; x_wconf 67' lang='lat' dir='ltr'><strong>mibi‘magnam</strong></span> <span class='ocrx_word' id='word_1_156' title='bbox 1113 1816 1245 1902; x_wconf 75' lang='lat' dir='ltr'><strong>ignomi-</strong></span> 
     </span>
     <span class='ocr_line' id='line_1_19' title="bbox 56 1900 1304 1989; baseline -0.004 -25"><span class='ocrx_word' id='word_1_157' title='bbox 56 1900 162 1989; x_wconf 62' lang='lat' dir='ltr'><strong>fniam</strong></span> <span class='ocrx_word' id='word_1_158' title='bbox 179 1920 300 1987; x_wconf 87' lang='lat' dir='ltr'><strong>pareret</strong></span> <span class='ocrx_word' id='word_1_159' title='bbox 315 1909 513 1989; x_wconf 81' lang='lat' dir='ltr'><strong>ignaviaeque</strong></span> <span class='ocrx_word' id='word_1_160' title='bbox 532 1907 695 1987; x_wconf 83' lang='lat' dir='ltr'><strong>probrum,</strong></span> <span class='ocrx_word' id='word_1_161' title='bbox 723 1921 753 1968; x_wconf 90' lang='lat' dir='ltr'><strong>et</strong></span> <span class='ocrx_word' id='word_1_162' title='bbox 777 1909 857 1968; x_wconf 91' lang='lat' dir='ltr'><strong>idem</strong></span> <span class='ocrx_word' id='word_1_163' title='bbox 883 1909 974 1968; x_wconf 91' lang='lat' dir='ltr'><strong>istum</strong></span> <span class='ocrx_word' id='word_1_164' title='bbox 993 1907 1106 1965; x_wconf 88' lang='lat' dir='ltr'><strong>habere</strong></span> <span class='ocrx_word' id='word_1_165' title='bbox 1130 1903 1245 1964; x_wconf 80' lang='lat' dir='ltr'><strong>nornen</strong></span> <span class='ocrx_word' id='word_1_166' title='bbox 1302 1955 1304 1959; x_wconf 81' lang='grc'>,</span> 
     </span>
     <span class='ocr_line' id='line_1_20' title="bbox 76 1985 1277 2074; baseline -0.003 -24"><span class='ocrx_word' id='word_1_167' title='bbox 76 2003 207 2074; x_wconf 84' lang='lat' dir='ltr'><strong>propter</strong></span> <span class='ocrx_word' id='word_1_168' title='bbox 224 1993 316 2051; x_wconf 85' lang='lat' dir='ltr'><strong>multa</strong></span> <span class='ocrx_word' id='word_1_169' title='bbox 334 1992 406 2051; x_wconf 84' lang='lat' dir='ltr'><strong>ferri</strong></span> <span class='ocrx_word' id='word_1_170' title='bbox 425 1985 488 2051; x_wconf 87' lang='lat' dir='ltr'><strong>non</strong></span> <span class='ocrx_word' id='word_1_171' title='bbox 506 2005 617 2072; x_wconf 89' lang='lat' dir='ltr'><strong>posset.</strong></span> <span class='ocrx_word' id='word_1_172' title='bbox 659 1992 794 2051; x_wconf 89' lang='lat' dir='ltr'><strong>Primum</strong></span> <span class='ocrx_word' id='word_1_173' title='bbox 808 1992 912 2064; x_wconf 86' lang='lat' dir='ltr'><strong>¹enim,</strong></span> <span class='ocrx_word' id='word_1_174' title='bbox 928 1993 964 2056; x_wconf 75' lang='lat' dir='ltr'><strong>¹si</strong></span> <span class='ocrx_word' id='word_1_175' title='bbox 982 1991 1103 2071; x_wconf 91' lang='lat' dir='ltr'><strong>publica</strong></span> <span class='ocrx_word' id='word_1_176' title='bbox 1121 1988 1245 2070; x_wconf 80' lang='lat' dir='ltr'><strong>privatis</strong></span> <span class='ocrx_word' id='word_1_177' title='bbox 1272 2014 1277 2021; x_wconf 66' lang='lat'><strong><em>¹</em></strong></span> 
     </span>
     <span class='ocr_line' id='line_1_21' title="bbox 75 2071 1310 2157; baseline -0.006 -20"><span class='ocrx_word' id='word_1_178' title='bbox 75 2076 273 2156; x_wconf 80' lang='lat' dir='ltr'><strong>anteferenda</strong></span> <span class='ocrx_word' id='word_1_179' title='bbox 300 2071 472 2156; x_wconf 55' lang='lat' dir='ltr'><strong>sunt&#39;,.quo</strong></span> <span class='ocrx_word' id='word_1_180' title='bbox 499 2078 596 2136; x_wconf 89' lang='lat' dir='ltr'><strong>nobis</strong></span> <span class='ocrx_word' id='word_1_181' title='bbox 614 2077 785 2157; x_wconf 84' lang='lat' dir='ltr'><strong>respublica</strong></span> <span class='ocrx_word' id='word_1_182' title='bbox 808 2077 964 2157; x_wconf 80' lang='lat' dir='ltr'><strong>mandabit</strong></span> <span class='ocrx_word' id='word_1_183' title='bbox 986 2075 1148 2148; x_wconf 80' lang='lat' dir='ltr'><strong>modo,··si</strong></span> <span class='ocrx_word' id='word_1_184' title='bbox 1172 2072 1247 2152; x_wconf 87' lang='lat' dir='ltr'><strong>quid</strong></span> <span class='ocrx_word' id='word_1_185' title='bbox 1308 2081 1310 2084; x_wconf 52' lang='lat'><strong>⁴</strong></span> 
     </span>
     <span class='ocr_line' id='line_1_22' title="bbox 78 2155 1283 2232; baseline -0.007 -10"><span class='ocrx_word' id='word_1_186' title='bbox 78 2161 140 2222; x_wconf 90' lang='lat' dir='ltr'><strong>erit</strong></span> <span class='ocrx_word' id='word_1_187' title='bbox 159 2161 354 2221; x_wconf 88' lang='lat' dir='ltr'><strong>obeundum?</strong></span> <span class='ocrx_word' id='word_1_188' title='bbox 385 2162 466 2220; x_wconf 88' lang='lat' dir='ltr'><strong>Num</strong></span> <span class='ocrx_word' id='word_1_189' title='bbox 484 2162 525 2221; x_wconf 87' lang='lat' dir='ltr'><strong>ita</strong></span> <span class='ocrx_word' id='word_1_190' title='bbox 543 2164 710 2223; x_wconf 87' lang='lat' dir='ltr'><strong>decernent</strong></span> <span class='ocrx_word' id='word_1_191' title='bbox 728 2161 870 2232; x_wconf 87' lang='lat' dir='ltr'><strong>tribules,</strong></span> <span class='ocrx_word' id='word_1_192' title='bbox 888 2173 924 2219; x_wconf 91' lang='lat' dir='ltr'><strong>ut</strong></span> <span class='ocrx_word' id='word_1_193' title='bbox 942 2162 979 2220; x_wconf 87' lang='lat' dir='ltr'><strong>de</strong></span> <span class='ocrx_word' id='word_1_194' title='bbox 997 2159 1082 2219; x_wconf 90' lang='lat' dir='ltr'><strong>aliis?</strong></span> <span class='ocrx_word' id='word_1_195' title='bbox 1112 2155 1246 2225; x_wconf 84' lang='lat' dir='ltr'><strong>Proinde</strong></span> <span class='ocrx_word' id='word_1_196' title='bbox 1276 2163 1283 2182; x_wconf 89' lang='lat'><strong>&#39;·</strong></span> 
     </span>
     <span class='ocr_line' id='line_1_23' title="bbox 75 2240 1278 2326; baseline -0.005 -20"><span class='ocrx_word' id='word_1_197' title='bbox 75 2245 301 2319; x_wconf 86' lang='lat' dir='ltr'><strong>Mantitheum,</strong></span> <span class='ocrx_word' id='word_1_198' title='bbox 320 2244 450 2306; x_wconf 77' lang='lat' dir='ltr'><strong>Mantiac</strong></span> <span class='ocrx_word' id='word_1_199' title='bbox 468 2246 783 2326; x_wconf 84' lang='lat' dir='ltr'><strong>filium,·Thoricium</strong></span> <span class='ocrx_word' id='word_1_200' title='bbox 795 2265 843 2305; x_wconf 89' lang='lat' dir='ltr'><strong>me</strong></span> <span class='ocrx_word' id='word_1_201' title='bbox 862 2240 1044 2317; x_wconf 80' lang='lat' dir='ltr'><strong>decernent,</strong></span> <span class='ocrx_word' id='word_1_202' title='bbox 1063 2244 1089 2303; x_wconf 93' lang='lat' dir='ltr'><strong>si</strong></span> <span class='ocrx_word' id='word_1_203' title='bbox 1103 2242 1247 2315; x_wconf 79' lang='lat' dir='ltr'><strong>aedilem,</strong></span> <span class='ocrx_word' id='word_1_204' title='bbox 1275 2282 1278 2287; x_wconf 89' lang='lat'><em>-</em></span> 
     </span>
     <span class='ocr_line' id='line_1_24' title="bbox 58 2328 1309 2415; baseline -0.005 -24"><span class='ocrx_word' id='word_1_205' title='bbox 58 2344 133 2391; x_wconf 58' lang='lat' dir='ltr'><strong>*aut</strong></span> <span class='ocrx_word' id='word_1_206' title='bbox 151 2331 425 2415; x_wconf 80' lang='lat' dir='ltr'><strong>gymnasiarchum,</strong></span> <span class='ocrx_word' id='word_1_207' title='bbox 443 2344 494 2390; x_wconf 89' lang='lat' dir='ltr'><strong>aut</strong></span> <span class='ocrx_word' id='word_1_208' title='bbox 512 2333 748 2405; x_wconf 89' lang='lat' dir='ltr'><strong>convivatorcm,</strong></span> <span class='ocrx_word' id='word_1_209' title='bbox 768 2331 919 2399; x_wconf 69' lang='lat' dir='ltr'><strong>autaliud</strong></span> <span class='ocrx_word' id='word_1_210' title='bbox 938 2329 1091 2410; x_wconf 86' lang='lat' dir='ltr'><strong>quippiam</strong></span> <span class='ocrx_word' id='word_1_211' title='bbox 1109 2328 1246 2408; x_wconf 85' lang='lat' dir='ltr'><strong>reliquo·</strong></span> <span class='ocrx_word' id='word_1_212' title='bbox 1265 2393 1286 2413; x_wconf 57' lang='lat'>„</span> <span class='ocrx_word' id='word_1_213' title='bbox 1305 2354 1309 2363; x_wconf 63' lang='lat'><strong><em>¹</em></strong></span> 
     </span>
     <span class='ocr_line' id='line_1_25' title="bbox 76 2413 1270 2490; baseline -0.004 -15"><span class='ocrx_word' id='word_1_214' title='bbox 76 2435 154 2476; x_wconf 87' lang='lat' dir='ltr'><strong>rum</strong></span> <span class='ocrx_word' id='word_1_215' title='bbox 167 2421 336 2484; x_wconf 87' lang='lat' dir='ltr'><strong>muncrum&#39;</strong></span> <span class='ocrx_word' id='word_1_216' title='bbox 346 2416 541 2476; x_wconf 80' lang='lat' dir='ltr'><strong>decreverint</strong></span> <span class='ocrx_word' id='word_1_217' title='bbox 574 2417 760 2490; x_wconf 80' lang='lat' dir='ltr'><strong>Quaautem</strong></span> <span class='ocrx_word' id='word_1_218' title='bbox 778 2438 811 2476; x_wconf 91' lang='lat' dir='ltr'><strong>re</strong></span> <span class='ocrx_word' id='word_1_219' title='bbox 829 2414 1141 2488; x_wconf 61' lang='lat' dir='ltr'><strong>discernetur,1mene</strong></span> <span class='ocrx_word' id='word_1_220' title='bbox 1160 2420 1198 2471; x_wconf 85' lang='lat' dir='ltr'><strong>a&#39;u</strong></span> <span class='ocrx_word' id='word_1_221' title='bbox 1216 2413 1270 2470; x_wconf 73' lang='lat' dir='ltr'><strong>te&#39;&#39;</strong></span> 
     </span>
     <span class='ocr_line' id='line_1_26' title="bbox 60 2501 1246 2585; baseline -0.005 -24"><span class='ocrx_word' id='word_1_222' title='bbox 60 2501 293 2585; x_wconf 53' lang='lat' dir='ltr'><strong>decreverint?</strong></span> <span class='ocrx_word' id='word_1_223' title='bbox 316 2504 363 2559; x_wconf 89' lang='lat' dir='ltr'><strong>Tu</strong></span> <span class='ocrx_word' id='word_1_224' title='bbox 383 2502 463 2560; x_wconf 88' lang='lat' dir='ltr'><strong>euim</strong></span> <span class='ocrx_word' id='word_1_225' title='bbox 481 2522 529 2560; x_wconf 89' lang='lat' dir='ltr'><strong>me</strong></span> <span class='ocrx_word' id='word_1_226' title='bbox 549 2502 647 2574; x_wconf 90' lang='lat' dir='ltr'><strong>dices,</strong></span> <span class='ocrx_word' id='word_1_227' title='bbox 664 2519 725 2584; x_wconf 58' lang='lat' dir='ltr'><strong>ego⁴</strong></span> <span class='ocrx_word' id='word_1_228' title='bbox 739 2515 778 2562; x_wconf 90' lang='lat' dir='ltr'><strong>te.</strong></span> <span class='ocrx_word' id='word_1_229' title='bbox 805 2503 868 2560; x_wconf 87' lang='lat' dir='ltr'><strong>lam</strong></span> <span class='ocrx_word' id='word_1_230' title='bbox 886 2504 959 2562; x_wconf 85' lang='lat' dir='ltr'><strong>vcio</strong></span> <span class='ocrx_word' id='word_1_231' title='bbox 977 2520 1033 2560; x_wconf 90' lang='lat' dir='ltr'><strong>nos</strong></span> <span class='ocrx_word' id='word_1_232' title='bbox 1052 2511 1175 2581; x_wconf 88' lang='lat' dir='ltr'><strong>praetor</strong></span> <span class='ocrx_word' id='word_1_233' title='bbox 1191 2503 1246 2555; x_wconf 83' lang='lat' dir='ltr'><strong>vo-</strong></span> 
     </span>
    </p>

    <p class='ocr_par' dir='ltr' id='par_1_5' title="bbox 42 2582 1321 2669">
     <span class='ocr_line' id='line_1_27' title="bbox 42 2582 1321 2669; baseline -0.005 -21"><span class='ocrx_word' id='word_1_234' title='bbox 42 2582 131 2648; x_wconf 65' lang='lat' dir='ltr'><strong>·&#39;cat‘</strong></span> <span class='ocrx_word' id='word_1_235' title='bbox 155 2598 206 2647; x_wconf 84' lang='lat' dir='ltr'><strong>ant</strong></span> <span class='ocrx_word' id='word_1_236' title='bbox 230 2585 322 2661; x_wconf 88' lang='lat' dir='ltr'><strong>alius,</strong></span> <span class='ocrx_word' id='word_1_237' title='bbox 346 2587 426 2666; x_wconf 90' lang='lat' dir='ltr'><strong>apud</strong></span> <span class='ocrx_word' id='word_1_238' title='bbox 445 2607 641 2665; x_wconf 82' lang='lat' dir='ltr'><strong>quem—causa</strong></span> <span class='ocrx_word' id='word_1_239' title='bbox 666 2592 712 2646; x_wconf 81' lang='lat' dir='ltr'><strong>est</strong></span> <span class='ocrx_word' id='word_1_240' title='bbox 728 2587 850 2669; x_wconf 83' lang='lat' dir='ltr'><strong>agenda.</strong></span> <span class='ocrx_word' id='word_1_241' title='bbox 893 2586 1107 2664; x_wconf 72' lang='lat' dir='ltr'><strong>Non&#39;praesto</strong></span> <span class='ocrx_word' id='word_1_242' title='bbox 1133 2589 1248 2653; x_wconf 82' lang='lat' dir='ltr'><strong>suiuus,</strong></span> <span class='ocrx_word' id='word_1_243' title='bbox 1318 2657 1321 2664; x_wconf 11' lang='grc' dir='ltr'>ἲ</span> 
     </span>
    </p>

    <p class='ocr_par' dir='ltr' id='par_1_6' title="bbox 34 2666 1248 2754">
     <span class='ocr_line' id='line_1_28' title="bbox 34 2666 1248 2754; baseline -0.007 -21"><span class='ocrx_word' id='word_1_244' title='bbox 34 2710 38 2715; x_wconf 90' lang='lat'>-</span> <span class='ocrx_word' id='word_1_245' title='bbox 80 2687 147 2732; x_wconf 90' lang='lat' dir='ltr'><strong>non</strong></span> <span class='ocrx_word' id='word_1_246' title='bbox 166 2671 440 2743; x_wconf 85' lang='lat' dir='ltr'><strong>obimusmandata</strong></span> <span class='ocrx_word' id='word_1_247' title='bbox 459 2692 591 2730; x_wconf 89' lang='lat' dir='ltr'><strong>munera.</strong></span> <span class='ocrx_word' id='word_1_248' title='bbox 621 2674 698 2731; x_wconf 86' lang='lat' dir='ltr'><strong>Uter</strong></span> <span class='ocrx_word' id='word_1_249' title='bbox 715 2672 809 2754; x_wconf 85' lang='lat' dir='ltr'><strong>igitur</strong></span> <span class='ocrx_word' id='word_1_250' title='bbox 825 2672 928 2753; x_wconf 84' lang='lat' dir='ltr'><strong>legum</strong></span> <span class='ocrx_word' id='word_1_251' title='bbox 946 2670 1052 2751; x_wconf 87' lang='lat' dir='ltr'><strong>poenis</strong></span> <span class='ocrx_word' id='word_1_252' title='bbox 1066 2666 1248 2727; x_wconf 79' lang='lat' dir='ltr'><strong>tenebitur?</strong></span> 
     </span>
    </p>

    <p class='ocr_par' dir='ltr' id='par_1_7' title="bbox 47 2753 1340 3177">
     <span class='ocr_line' id='line_1_29' title="bbox 47 2753 1340 2836; baseline -0.002 -20"><span class='ocrx_word' id='word_1_253' title='bbox 47 2784 55 2795; x_wconf 87' lang='lat'><strong>·</strong></span> <span class='ocrx_word' id='word_1_254' title='bbox 83 2759 156 2834; x_wconf 81' lang='lat' dir='ltr'><strong>Quo</strong></span> <span class='ocrx_word' id='word_1_255' title='bbox 175 2769 275 2816; x_wconf 80' lang='lat' dir='ltr'><strong>autem</strong></span> <span class='ocrx_word' id='word_1_256' title='bbox 292 2770 379 2836; x_wconf 90' lang='lat' dir='ltr'><strong>pacto</strong></span> <span class='ocrx_word' id='word_1_257' title='bbox 398 2756 593 2836; x_wconf 89' lang='lat' dir='ltr'><strong>imperatores</strong></span> <span class='ocrx_word' id='word_1_258' title='bbox 611 2757 793 2829; x_wconf 77' lang='lat' dir='ltr'><strong>inscribant,</strong></span> <span class='ocrx_word' id='word_1_259' title='bbox 816 2757 854 2815; x_wconf 77' lang='lat' dir='ltr'><strong>‘si</strong></span> <span class='ocrx_word' id='word_1_260' title='bbox 877 2757 908 2814; x_wconf 93' lang='lat' dir='ltr'><strong>in</strong></span> <span class='ocrx_word' id='word_1_261' title='bbox 927 2756 1056 2815; x_wconf 87' lang='lat' dir='ltr'><strong>classem</strong></span> <span class='ocrx_word' id='word_1_262' title='bbox 1069 2753 1249 2823; x_wconf 75' lang='lat' dir='ltr'><strong>inscribant,</strong></span> <span class='ocrx_word' id='word_1_263' title='bbox 1339 2811 1340 2814; x_wconf 74' lang='grc'>,</span> 
     </span>
     <span class='ocr_line' id='line_1_30' title="bbox 48 2832 1248 2922; baseline -0.003 -20"><span class='ocrx_word' id='word_1_264' title='bbox 48 2832 53 2838; x_wconf 51' lang='grc'><strong><em>’</em></strong></span> <span class='ocrx_word' id='word_1_265' title='bbox 80 2854 137 2913; x_wconf 84' lang='lat' dir='ltr'><strong>aut</strong></span> <span class='ocrx_word' id='word_1_266' title='bbox 160 2841 185 2901; x_wconf 93' lang='lat' dir='ltr'><strong>si</strong></span> <span class='ocrx_word' id='word_1_267' title='bbox 210 2839 326 2900; x_wconf 83' lang='lat' dir='ltr'><strong>triremi</strong></span> <span class='ocrx_word' id='word_1_268' title='bbox 349 2841 535 2922; x_wconf 84' lang='lat' dir='ltr'><strong>praelectum</strong></span> <span class='ocrx_word' id='word_1_269' title='bbox 560 2841 758 2914; x_wconf 90' lang='lat' dir='ltr'><strong>constituent,</strong></span> <span class='ocrx_word' id='word_1_270' title='bbox 784 2854 837 2900; x_wconf 86' lang='lat' dir='ltr'><strong>aut</strong></span> <span class='ocrx_word' id='word_1_271' title='bbox 859 2842 885 2900; x_wconf 86' lang='lat' dir='ltr'><strong>si</strong></span> <span class='ocrx_word' id='word_1_272' title='bbox 910 2860 968 2920; x_wconf 79' lang='lat' dir='ltr'><strong>qua</strong></span> <span class='ocrx_word' id='word_1_273' title='bbox 993 2840 1050 2901; x_wconf 85' lang='lat' dir='ltr'><strong>erit</strong></span> <span class='ocrx_word' id='word_1_274' title='bbox 1074 2836 1248 2919; x_wconf 73' lang='lat' dir='ltr'><strong>expeditio?</strong></span> 
     </span>
     <span class='ocr_line' id='line_1_31' title="bbox 81 2923 1340 3008; baseline -0.009 -22"><span class='ocrx_word' id='word_1_275' title='bbox 81 2925 149 3002; x_wconf 74' lang='lat' dir='ltr'><strong>Qui</strong></span> <span class='ocrx_word' id='word_1_276' title='bbox 165 2924 378 3008; x_wconf 79' lang='lat' dir='ltr'><strong>cognoscetur,</strong></span> <span class='ocrx_word' id='word_1_277' title='bbox 394 2939 464 3007; x_wconf 79' lang='lat' dir='ltr'><strong>uter</strong></span> <span class='ocrx_word' id='word_1_278' title='bbox 482 2926 521 2984; x_wconf 89' lang='lat' dir='ltr'><strong>sit</strong></span> <span class='ocrx_word' id='word_1_279' title='bbox 539 2926 695 2986; x_wconf 86' lang='lat' dir='ltr'><strong>delectus?</strong></span> <span class='ocrx_word' id='word_1_280' title='bbox 719 2927 820 3002; x_wconf 81' lang='lat' dir='ltr'><strong>Quid,</strong></span> <span class='ocrx_word' id='word_1_281' title='bbox 831 2923 942 3005; x_wconf 78' lang='lat' dir='ltr'><strong>siquis</strong></span> <span class='ocrx_word' id='word_1_282' title='bbox 961 2925 1036 2985; x_wconf 90' lang='lat' dir='ltr'><strong>alius</strong></span> <span class='ocrx_word' id='word_1_283' title='bbox 1055 2924 1248 3006; x_wconf 73' lang='lat' dir='ltr'><strong>magistratus</strong></span> <span class='ocrx_word' id='word_1_284' title='bbox 1335 2970 1340 2975; x_wconf 80' lang='grc'><em>.</em></span> 
     </span>
     <span class='ocr_line' id='line_1_32' title="bbox 53 3003 1267 3094; baseline -0.003 -23"><span class='ocrx_word' id='word_1_285' title='bbox 53 3031 65 3051; x_wconf 80' lang='lat'><strong><em>¹</em></strong></span> <span class='ocrx_word' id='word_1_286' title='bbox 80 3011 233 3071; x_wconf 83' lang='lat' dir='ltr'><strong>mandarit</strong></span> <span class='ocrx_word' id='word_1_287' title='bbox 256 3006 365 3070; x_wconf 80' lang='lat' dir='ltr'><strong>munus</strong></span> <span class='ocrx_word' id='word_1_288' title='bbox 389 3009 559 3091; x_wconf 90' lang='lat' dir='ltr'><strong>publicum,</strong></span> <span class='ocrx_word' id='word_1_289' title='bbox 586 3023 621 3069; x_wconf 89' lang='lat' dir='ltr'><strong>ut</strong></span> <span class='ocrx_word' id='word_1_290' title='bbox 637 3025 773 3090; x_wconf 85' lang='lat' dir='ltr'><strong>praetor,</strong></span> <span class='ocrx_word' id='word_1_291' title='bbox 798 3032 851 3071; x_wconf 84' lang='lat' dir='ltr'><strong>rex</strong></span> <span class='ocrx_word' id='word_1_292' title='bbox 875 3010 1085 3083; x_wconf 82' lang='lat' dir='ltr'><strong>sacrificulus,</strong></span> <span class='ocrx_word' id='word_1_293' title='bbox 1103 3003 1267 3094; x_wconf 74' lang='lat' dir='ltr'><strong>praelecti.</strong></span> 
     </span>
     <span class='ocr_line' id='line_1_33' title="bbox 80 3089 1248 3177; baseline -0.003 -20"><span class='ocrx_word' id='word_1_294' title='bbox 80 3089 243 3157; x_wconf 81' lang='lat' dir='ltr'><strong>ludordm:</strong></span> <span class='ocrx_word' id='word_1_295' title='bbox 261 3090 338 3177; x_wconf 79' lang='lat' dir='ltr'><strong>qpae</strong></span> <span class='ocrx_word' id='word_1_296' title='bbox 354 3108 428 3154; x_wconf 90' lang='lat' dir='ltr'><strong>nota</strong></span> <span class='ocrx_word' id='word_1_297' title='bbox 447 3095 519 3169; x_wconf 87' lang='lat' dir='ltr'><strong>erit,</strong></span> <span class='ocrx_word' id='word_1_298' title='bbox 537 3095 598 3154; x_wconf 91' lang='lat' dir='ltr'><strong>utri</strong></span> <span class='ocrx_word' id='word_1_299' title='bbox 615 3095 806 3173; x_wconf 78' lang='lat' dir='ltr'><strong>mandarint?</strong></span> <span class='ocrx_word' id='word_1_300' title='bbox 828 3095 1013 3157; x_wconf 82' lang='lat' dir='ltr'><strong>Adscribent</strong></span> <span class='ocrx_word' id='word_1_301' title='bbox 1029 3095 1193 3168; x_wconf 78' lang='lat' dir='ltr'><strong>nimirum,</strong></span> <span class='ocrx_word' id='word_1_302' title='bbox 1210 3094 1248 3153; x_wconf 71' lang='lat' dir='ltr'><strong>il-&#39;</strong></span> 
     </span>
    </p>

    <p class='ocr_par' dir='ltr' id='par_1_8' title="bbox 47 3177 1335 3359">
     <span class='ocr_line' id='line_1_34' title="bbox 47 3177 1335 3263; baseline -0.005 -22"><span class='ocrx_word' id='word_1_303' title='bbox 47 3204 63 3225; x_wconf 59' lang='lat' dir='ltr'>f</span> <span class='ocrx_word' id='word_1_304' title='bbox 75 3179 146 3241; x_wconf 90' lang='lat' dir='ltr'><strong>lum</strong></span> <span class='ocrx_word' id='word_1_305' title='bbox 167 3178 356 3263; x_wconf 64' lang='lat' dir='ltr'><strong>ePlan&#39;gone</strong></span> <span class='ocrx_word' id='word_1_306' title='bbox 374 3193 494 3252; x_wconf 89' lang='lat' dir='ltr'><strong>natum,</strong></span> <span class='ocrx_word' id='word_1_307' title='bbox 518 3177 591 3239; x_wconf 88' lang='lat' dir='ltr'><strong>site</strong></span> <span class='ocrx_word' id='word_1_308' title='bbox 609 3181 833 3262; x_wconf 79' lang='lat' dir='ltr'><strong>inscripserint:</strong></span> <span class='ocrx_word' id='word_1_309' title='bbox 859 3181 906 3241; x_wconf 88' lang='lat' dir='ltr'><strong>sin</strong></span> <span class='ocrx_word' id='word_1_310' title='bbox 923 3202 1001 3256; x_wconf 87' lang='lat' dir='ltr'><strong>me,</strong></span> <span class='ocrx_word' id='word_1_311' title='bbox 1012 3179 1117 3244; x_wconf 83' lang='lat' dir='ltr'><strong>matris</strong></span> <span class='ocrx_word' id='word_1_312' title='bbox 1136 3183 1251 3243; x_wconf 84' lang='lat' dir='ltr'><strong>nomen</strong></span> <span class='ocrx_word' id='word_1_313' title='bbox 1274 3181 1335 3237; x_wconf 71' lang='lat'><strong>125</strong></span> 
     </span>
     <span class='ocr_line' id='line_1_35' title="bbox 82 3257 1249 3359; baseline -0.001 -33"><span class='ocrx_word' id='word_1_314' title='bbox 82 3266 234 3337; x_wconf 83' lang='lat' dir='ltr'><strong>adiicient.</strong></span> <span class='ocrx_word' id='word_1_315' title='bbox 262 3265 382 3353; x_wconf 62' lang='lat' dir='ltr'><strong>⁵Ecquis</strong></span> <span class='ocrx_word' id='word_1_316' title='bbox 399 3286 533 3343; x_wconf 87' lang='lat' dir='ltr'><strong>unquam</strong></span> <span class='ocrx_word' id='word_1_317' title='bbox 552 3265 686 3343; x_wconf 85' lang='lat' dir='ltr'><strong>audivit?</strong></span> <span class='ocrx_word' id='word_1_318' title='bbox 709 3279 760 3325; x_wconf 90' lang='lat' dir='ltr'><strong>aut</strong></span> <span class='ocrx_word' id='word_1_319' title='bbox 778 3286 836 3359; x_wconf 70' lang='lat' dir='ltr'><strong>pua</strong></span> <span class='ocrx_word' id='word_1_320' title='bbox 855 3266 922 3348; x_wconf 84' lang='lat' dir='ltr'><strong>lege</strong></span> <span class='ocrx_word' id='word_1_321' title='bbox 941 3265 1008 3327; x_wconf 88' lang='lat' dir='ltr'><strong>talis</strong></span> <span class='ocrx_word' id='word_1_322' title='bbox 1021 3268 1180 3352; x_wconf 61' lang='lat' dir='ltr'><strong>,appendix</strong></span> <span class='ocrx_word' id='word_1_323' title='bbox 1197 3257 1249 3326; x_wconf 89' lang='lat' dir='ltr'><strong>ad-</strong></span> 
     </span>
    </p>

    <p class='ocr_par' dir='ltr' id='par_1_9' title="bbox 61 3346 1326 4291">
     <span class='ocr_line' id='line_1_36' title="bbox 61 3346 1250 3436; baseline -0.002 -25"><span class='ocrx_word' id='word_1_324' title='bbox 61 3426 63 3430; x_wconf 24' lang='lat'>·</span> <span class='ocrx_word' id='word_1_325' title='bbox 82 3351 235 3432; x_wconf 81' lang='lat' dir='ltr'><strong>scribetur</strong></span> <span class='ocrx_word' id='word_1_326' title='bbox 251 3363 303 3409; x_wconf 88' lang='lat' dir='ltr'><strong>aut</strong></span> <span class='ocrx_word' id='word_1_327' title='bbox 319 3346 433 3429; x_wconf 83' lang='lat' dir='ltr'><strong>aliquid</strong></span> <span class='ocrx_word' id='word_1_328' title='bbox 452 3349 550 3422; x_wconf 87' lang='lat' dir='ltr'><strong>aliud,</strong></span> <span class='ocrx_word' id='word_1_329' title='bbox 569 3370 658 3428; x_wconf 79' lang='lat' dir='ltr'><strong>quam</strong></span> <span class='ocrx_word' id='word_1_330' title='bbox 676 3362 763 3430; x_wconf 89' lang='lat' dir='ltr'><strong>pater</strong></span> <span class='ocrx_word' id='word_1_331' title='bbox 779 3362 810 3410; x_wconf 86' lang='lat' dir='ltr'><strong>et</strong></span> <span class='ocrx_word' id='word_1_332' title='bbox 826 3350 1049 3436; x_wconf 84' lang='lat' dir='ltr'><strong>municipium?</strong></span> <span class='ocrx_word' id='word_1_333' title='bbox 1076 3351 1162 3431; x_wconf 76' lang='lat' dir='ltr'><strong>Q&#39;uae</strong></span> <span class='ocrx_word' id='word_1_334' title='bbox 1181 3374 1250 3414; x_wconf 92' lang='lat' dir='ltr'><strong>cum</strong></span> 
     </span>
     <span class='ocr_line' id='line_1_37' title="bbox 82 3435 1250 3517; baseline 0.002 -22"><span class='ocrx_word' id='word_1_335' title='bbox 82 3437 228 3515; x_wconf 89' lang='lat' dir='ltr'><strong>utrinque</strong></span> <span class='ocrx_word' id='word_1_336' title='bbox 248 3436 308 3494; x_wconf 90' lang='lat' dir='ltr'><strong>sint</strong></span> <span class='ocrx_word' id='word_1_337' title='bbox 323 3436 449 3507; x_wconf 81' lang='lat' dir='ltr'><strong>eadem,</strong></span> <span class='ocrx_word' id='word_1_338' title='bbox 467 3455 573 3517; x_wconf 82' lang='lat' dir='ltr'><strong>magna</strong></span> <span class='ocrx_word' id='word_1_339' title='bbox 592 3435 707 3497; x_wconf 82' lang='lat' dir='ltr'><strong>orietur</strong></span> <span class='ocrx_word' id='word_1_340' title='bbox 723 3435 921 3517; x_wconf 60' lang='lat' dir='ltr'><strong>perturbatio.</strong></span> <span class='ocrx_word' id='word_1_341' title='bbox 964 3437 1001 3501; x_wconf 74' lang='lat' dir='ltr'><strong>A&#39;</strong></span> <span class='ocrx_word' id='word_1_342' title='bbox 1016 3444 1037 3500; x_wconf 80' lang='lat' dir='ltr'><strong>e&#39;</strong></span> <span class='ocrx_word' id='word_1_343' title='bbox 1049 3458 1141 3512; x_wconf 84' lang='lat' dir='ltr'><strong>vero,</strong></span> <span class='ocrx_word' id='word_1_344' title='bbox 1160 3437 1189 3499; x_wconf 83' lang='lat' dir='ltr'><strong>si</strong></span> <span class='ocrx_word' id='word_1_345' title='bbox 1202 3438 1250 3497; x_wconf 75' lang='lat' dir='ltr'><strong>iu·</strong></span> 
     </span>
     <span class='ocr_line' id='line_1_38' title="bbox 83 3463 1264 3608; baseline -0.001 -26"><span class='ocrx_word' id='word_1_346' title='bbox 83 3524 142 3582; x_wconf 90' lang='lat' dir='ltr'><strong>dex</strong></span> <span class='ocrx_word' id='word_1_347' title='bbox 161 3522 272 3580; x_wconf 90' lang='lat' dir='ltr'><strong>citetur</strong></span> <span class='ocrx_word' id='word_1_348' title='bbox 288 3519 489 3590; x_wconf 77' lang='lat' dir='ltr'><strong>Mantitlreus,</strong></span> <span class='ocrx_word' id='word_1_349' title='bbox 514 3520 644 3580; x_wconf 84' lang='lat' dir='ltr'><strong>Mantiae</strong></span> <span class='ocrx_word' id='word_1_350' title='bbox 663 3522 708 3593; x_wconf 80' lang='lat' dir='ltr'><strong>F,</strong></span> <span class='ocrx_word' id='word_1_351' title='bbox 733 3520 912 3586; x_wconf 79' lang='lat' dir='ltr'><strong>Thoricius:</strong></span> <span class='ocrx_word' id='word_1_352' title='bbox 940 3463 1014 3607; x_wconf 71' lang='lat' dir='ltr'><strong>quid</strong></span> <span class='ocrx_word' id='word_1_353' title='bbox 1031 3506 1185 3608; x_wconf 68' lang='lat' dir='ltr'><strong>agemus?</strong></span> <span class='ocrx_word' id='word_1_354' title='bbox 1200 3520 1264 3582; x_wconf 86' lang='lat' dir='ltr'><strong>An·</strong></span> 
     </span>
     <span class='ocr_line' id='line_1_39' title="bbox 82 3602 1251 3694; baseline 0 -28"><span class='ocrx_word' id='word_1_355' title='bbox 82 3605 303 3684; x_wconf 74' lang='lat' dir='ltr'><strong>ambulabimus</strong></span> <span class='ocrx_word' id='word_1_356' title='bbox 322 3605 475 3684; x_wconf 78' lang='lat' dir='ltr'><strong>uterquc?</strong></span> <span class='ocrx_word' id='word_1_357' title='bbox 490 3604 558 3679; x_wconf 83' lang='lat' dir='ltr'><strong>Qui</strong></span> <span class='ocrx_word' id='word_1_358' title='bbox 575 3605 653 3663; x_wconf 88' lang='lat' dir='ltr'><strong>enim</strong></span> <span class='ocrx_word' id='word_1_359' title='bbox 674 3606 887 3687; x_wconf 83' lang='lat' dir='ltr'><strong>dignoscetur,</strong></span> <span class='ocrx_word' id='word_1_360' title='bbox 905 3624 979 3674; x_wconf 90' lang='lat' dir='ltr'><strong>tune</strong></span> <span class='ocrx_word' id='word_1_361' title='bbox 998 3634 1036 3674; x_wconf 89' lang='lat' dir='ltr'><strong>an</strong></span> <span class='ocrx_word' id='word_1_362' title='bbox 1056 3631 1113 3694; x_wconf 80' lang='lat' dir='ltr'><strong>ego</strong></span> <span class='ocrx_word' id='word_1_363' title='bbox 1132 3603 1189 3669; x_wconf 88' lang='lat' dir='ltr'><strong>sim</strong></span> <span class='ocrx_word' id='word_1_364' title='bbox 1208 3602 1251 3667; x_wconf 83' lang='lat' dir='ltr'><strong>ci-</strong></span> 
     </span>
     <span class='ocr_line' id='line_1_40' title="bbox 71 3689 1253 3780; baseline -0.003 -27"><span class='ocrx_word' id='word_1_365' title='bbox 71 3691 186 3771; x_wconf 74' lang='lat' dir='ltr'><strong>tatus?</strong></span> <span class='ocrx_word' id='word_1_366' title='bbox 222 3691 289 3772; x_wconf 84' lang='lat' dir='ltr'><strong>Age</strong></span> <span class='ocrx_word' id='word_1_367' title='bbox 315 3711 407 3765; x_wconf 88' lang='lat' dir='ltr'><strong>vcro,</strong></span> <span class='ocrx_word' id='word_1_368' title='bbox 441 3691 531 3749; x_wconf 92' lang='lat' dir='ltr'><strong>deum</strong></span> <span class='ocrx_word' id='word_1_369' title='bbox 555 3689 772 3773; x_wconf 76' lang='lat' dir='ltr'><strong>immortalem,</strong></span> <span class='ocrx_word' id='word_1_370' title='bbox 809 3694 978 3780; x_wconf 64' lang='lat' dir='ltr'><strong>si&#39;publice</strong></span> <span class='ocrx_word' id='word_1_371' title='bbox 1004 3699 1041 3756; x_wconf 74' lang='lat' dir='ltr'><strong>de</strong></span> <span class='ocrx_word' id='word_1_372' title='bbox 1067 3689 1253 3778; x_wconf 62' lang='lat' dir='ltr'><strong>quancunque</strong></span> 
     </span>
     <span class='ocr_line' id='line_1_41' title="bbox 69 3771 1313 3873; baseline 0.002 -37"><span class='ocrx_word' id='word_1_373' title='bbox 69 3776 261 3866; x_wconf 75' lang='lat' dir='ltr'><strong>&#39;magistratu</strong></span> <span class='ocrx_word' id='word_1_374' title='bbox 279 3775 332 3834; x_wconf 89' lang='lat' dir='ltr'><strong>fiet</strong></span> <span class='ocrx_word' id='word_1_375' title='bbox 350 3774 462 3849; x_wconf 84' lang='lat' dir='ltr'><strong>sortio,</strong></span> <span class='ocrx_word' id='word_1_376' title='bbox 478 3775 580 3851; x_wconf 72' lang='lat' dir='ltr'><strong>¹utde</strong></span> <span class='ocrx_word' id='word_1_377' title='bbox 607 3771 729 3854; x_wconf 82' lang='lat' dir='ltr'><strong>seiratu&#39;,</strong></span> <span class='ocrx_word' id='word_1_378' title='bbox 758 3783 924 3856; x_wconf 69' lang='lat' dir='ltr'><strong>serviratu,</strong></span> <span class='ocrx_word' id='word_1_379' title='bbox 948 3782 1092 3873; x_wconf 72' lang='lat' dir='ltr'><strong>reliquisa</strong></span> <span class='ocrx_word' id='word_1_380' title='bbox 1119 3779 1173 3862; x_wconf 88' lang='lat' dir='ltr'><strong>qui</strong></span> <span class='ocrx_word' id='word_1_381' title='bbox 1190 3778 1251 3840; x_wconf 88' lang='lat' dir='ltr'><strong>dis-</strong></span> <span class='ocrx_word' id='word_1_382' title='bbox 1311 3808 1313 3812; x_wconf 29' lang='lat' dir='ltr'>v</span> 
     </span>
     <span class='ocr_line' id='line_1_42' title="bbox 82 3858 1326 3943; baseline 0 -13"><span class='ocrx_word' id='word_1_383' title='bbox 82 3873 277 3930; x_wconf 73' lang='lat' dir='ltr'><strong>cerneretur,</strong></span> <span class='ocrx_word' id='word_1_384' title='bbox 308 3872 379 3919; x_wconf 83' lang='lat' dir='ltr'><strong>uter</strong></span> <span class='ocrx_word' id='word_1_385' title='bbox 404 3873 542 3919; x_wconf 78' lang='lat' dir='ltr'><strong>nostrum</strong></span> <span class='ocrx_word' id='word_1_386' title='bbox 566 3858 606 3919; x_wconf 85' lang='lat' dir='ltr'><strong>sit</strong></span> <span class='ocrx_word' id='word_1_387' title='bbox 631 3868 769 3929; x_wconf 82' lang='lat' dir='ltr'><strong>creatus?</strong></span> <span class='ocrx_word' id='word_1_388' title='bbox 795 3869 854 3928; x_wconf 87' lang='lat' dir='ltr'><strong>nisi</strong></span> <span class='ocrx_word' id='word_1_389' title='bbox 878 3868 958 3929; x_wconf 80' lang='lat' dir='ltr'><strong>torte</strong></span> <span class='ocrx_word' id='word_1_390' title='bbox 981 3880 1071 3941; x_wconf 84' lang='lat' dir='ltr'><strong>nota,</strong></span> <span class='ocrx_word' id='word_1_391' title='bbox 1092 3879 1130 3943; x_wconf 82' lang='lat' dir='ltr'><strong>ut</strong></span> <span class='ocrx_word' id='word_1_392' title='bbox 1151 3865 1250 3926; x_wconf 71' lang='lat' dir='ltr'><strong>&#39;aeneo</strong></span> <span class='ocrx_word' id='word_1_393' title='bbox 1310 3919 1326 3930; x_wconf 70' lang='grc'>.</span> 
     </span>
     <span class='ocr_line' id='line_1_43' title="bbox 63 3940 1252 4034; baseline 0.007 -32"><span class='ocrx_word' id='word_1_394' title='bbox 63 3946 148 4031; x_wconf 31' lang='grc' dir='ltr'><strong>,γεεί</strong></span> <span class='ocrx_word' id='word_1_395' title='bbox 166 3958 217 4005; x_wconf 89' lang='lat' dir='ltr'><strong>aut</strong></span> <span class='ocrx_word' id='word_1_396' title='bbox 230 3945 322 4021; x_wconf 87' lang='lat' dir='ltr'><strong>alteri</strong></span> <span class='ocrx_word' id='word_1_397' title='bbox 340 3943 469 4026; x_wconf 91' lang='lat' dir='ltr'><strong>cuipiam</strong></span> <span class='ocrx_word' id='word_1_398' title='bbox 486 3944 549 4021; x_wconf 81' lang='lat' dir='ltr'><strong>rei,</strong></span> <span class='ocrx_word' id='word_1_399' title='bbox 566 3948 750 4018; x_wconf 76' lang='lat' dir='ltr'><strong>adiicietur:</strong></span> <span class='ocrx_word' id='word_1_400' title='bbox 782 3974 872 4015; x_wconf 78' lang='lat' dir='ltr'><strong>acne</strong></span> <span class='ocrx_word' id='word_1_401' title='bbox 891 3974 926 4014; x_wconf 87' lang='lat' dir='ltr'><strong>ea</strong></span> <span class='ocrx_word' id='word_1_402' title='bbox 944 3951 1067 4034; x_wconf 81' lang='lat' dir='ltr'><strong>quidem</strong></span> <span class='ocrx_word' id='word_1_403' title='bbox 1085 3951 1183 4032; x_wconf 78' lang='lat' dir='ltr'><strong>utrius</strong></span> <span class='ocrx_word' id='word_1_404' title='bbox 1202 3940 1252 4030; x_wconf 77' lang='lat' dir='ltr'><strong>sit,</strong></span> 
     </span>
     <span class='ocr_line' id='line_1_44' title="bbox 81 4029 1253 4118; baseline 0.007 -30"><span class='ocrx_word' id='word_1_405' title='bbox 81 4033 194 4114; x_wconf 82' lang='lat' dir='ltr'><strong>vulgus</strong></span> <span class='ocrx_word' id='word_1_406' title='bbox 213 4042 364 4111; x_wconf 76' lang='lat' dir='ltr'><strong>agnoscet.</strong></span> <span class='ocrx_word' id='word_1_407' title='bbox 398 4029 531 4090; x_wconf 86' lang='lat' dir='ltr'><strong>Proinde</strong></span> <span class='ocrx_word' id='word_1_408' title='bbox 551 4052 609 4118; x_wconf 85' lang='lat' dir='ltr'><strong>ego</strong></span> <span class='ocrx_word' id='word_1_409' title='bbox 629 4041 828 4100; x_wconf 86' lang='lat' dir='ltr'><strong>me&#39;crcatum</strong></span> <span class='ocrx_word' id='word_1_410' title='bbox 846 4039 1045 4110; x_wconf 88' lang='lat' dir='ltr'><strong>contendam,</strong></span> <span class='ocrx_word' id='word_1_411' title='bbox 1069 4049 1103 4097; x_wconf 89' lang='lat' dir='ltr'><strong>tu</strong></span> <span class='ocrx_word' id='word_1_412' title='bbox 1121 4040 1194 4118; x_wconf 71' lang='lat' dir='ltr'><strong>vero</strong></span> <span class='ocrx_word' id='word_1_413' title='bbox 1212 4049 1253 4098; x_wconf 89' lang='lat' dir='ltr'><strong>te.</strong></span> 
     </span>
     <span class='ocr_line' id='line_1_45' title="bbox 81 4114 1252 4213; baseline 0.006 -39"><span class='ocrx_word' id='word_1_414' title='bbox 81 4117 251 4197; x_wconf 79' lang='lat' dir='ltr'><strong>Reliquum</strong></span> <span class='ocrx_word' id='word_1_415' title='bbox 270 4114 336 4188; x_wconf 78' lang='lat' dir='ltr'><strong>erit,</strong></span> <span class='ocrx_word' id='word_1_416' title='bbox 354 4126 389 4174; x_wconf 91' lang='lat' dir='ltr'><strong>ut</strong></span> <span class='ocrx_word' id='word_1_417' title='bbox 406 4134 462 4174; x_wconf 90' lang='lat' dir='ltr'><strong>nos</strong></span> <span class='ocrx_word' id='word_1_418' title='bbox 481 4115 515 4179; x_wconf 92' lang='lat' dir='ltr'><strong>in</strong></span> <span class='ocrx_word' id='word_1_419' title='bbox 533 4119 855 4193; x_wconf 65' lang='lat' dir='ltr'><strong>iudiciumteniamus.</strong></span> <span class='ocrx_word' id='word_1_420' title='bbox 874 4124 1004 4204; x_wconf 82' lang='lat' dir='ltr'><strong>Propter&#39;</strong></span> <span class='ocrx_word' id='word_1_421' title='bbox 1020 4122 1119 4213; x_wconf 80' lang='lat' dir='ltr'><strong>igitur</strong></span> <span class='ocrx_word' id='word_1_422' title='bbox 1132 4122 1252 4207; x_wconf 80' lang='lat' dir='ltr'><strong>singula</strong></span> 
     </span>
     <span class='ocr_line' id='line_1_46' title="bbox 82 4199 1284 4291; baseline 0.002 -25"><span class='ocrx_word' id='word_1_423' title='bbox 82 4202 177 4273; x_wconf 77' lang='lat' dir='ltr'><strong>huius</strong></span> <span class='ocrx_word' id='word_1_424' title='bbox 204 4199 322 4282; x_wconf 67' lang='lat' dir='ltr'><strong>generis</strong></span> <span class='ocrx_word' id='word_1_425' title='bbox 347 4199 455 4260; x_wconf 42' lang='lat' dir='ltr'><strong>&#39;civitas</strong></span> <span class='ocrx_word' id='word_1_426' title='bbox 476 4201 622 4274; x_wconf 85' lang='lat' dir='ltr'><strong>iudicium</strong></span> <span class='ocrx_word' id='word_1_427' title='bbox 648 4204 738 4268; x_wconf 89' lang='lat' dir='ltr'><strong>nobis</strong></span> <span class='ocrx_word' id='word_1_428' title='bbox 763 4207 960 4268; x_wconf 85' lang='lat' dir='ltr'><strong>convocabit?</strong></span> <span class='ocrx_word' id='word_1_429' title='bbox 987 4207 1033 4271; x_wconf 80' lang='lat' dir='ltr'><strong>Ac</strong></span> <span class='ocrx_word' id='word_1_430' title='bbox 1052 4201 1094 4291; x_wconf 79' lang='lat' dir='ltr'><strong>co</strong></span> <span class='ocrx_word' id='word_1_431' title='bbox 1117 4207 1253 4291; x_wconf 87' lang='lat' dir='ltr'><strong>quidem,</strong></span> <span class='ocrx_word' id='word_1_432' title='bbox 1282 4206 1284 4209; x_wconf 62' lang='grc'><strong>’</strong></span> 
     </span>
    </p>

    <p class='ocr_par' dir='ltr' id='par_1_10' title="bbox 42 4286 1318 4463">
     <span class='ocr_line' id='line_1_47' title="bbox 42 4286 1318 4376; baseline 0.005 -30"><span class='ocrx_word' id='word_1_433' title='bbox 42 4337 45 4340; x_wconf 18' lang='grc' dir='ltr'><strong>Α</strong></span> <span class='ocrx_word' id='word_1_434' title='bbox 82 4288 244 4368; x_wconf 79' lang='lat' dir='ltr'><strong>quod‘par</strong></span> <span class='ocrx_word' id='word_1_435' title='bbox 261 4297 292 4352; x_wconf 86' lang='lat' dir='ltr'><strong>et</strong></span> <span class='ocrx_word' id='word_1_436' title='bbox 308 4306 439 4364; x_wconf 86' lang='lat' dir='ltr'><strong>aequum</strong></span> <span class='ocrx_word' id='word_1_437' title='bbox 459 4296 520 4363; x_wconf 82' lang='lat' dir='ltr'><strong>est&#39;,</strong></span> <span class='ocrx_word' id='word_1_438' title='bbox 543 4305 578 4352; x_wconf 87' lang='lat' dir='ltr'><strong>ut</strong></span> <span class='ocrx_word' id='word_1_439' title='bbox 595 4292 636 4365; x_wconf 83' lang='lat' dir='ltr'><strong>is,</strong></span> <span class='ocrx_word' id='word_1_440' title='bbox 661 4292 746 4354; x_wconf 90' lang='lat' dir='ltr'><strong>cuius</strong></span> <span class='ocrx_word' id='word_1_441' title='bbox 764 4286 830 4354; x_wconf 79' lang='lat' dir='ltr'><strong>sors</strong></span> <span class='ocrx_word' id='word_1_442' title='bbox 848 4291 1166 4376; x_wconf 61' lang='lat' dir='ltr'><strong>exierit,frnalg²istralu</strong></span> <span class='ocrx_word' id='word_1_443' title='bbox 1179 4294 1252 4354; x_wconf 85' lang='lat' dir='ltr'><strong>iun·</strong></span> <span class='ocrx_word' id='word_1_444' title='bbox 1315 4301 1318 4305; x_wconf 90' lang='grc'><strong>’</strong></span> 
     </span>
     <span class='ocr_line' id='line_1_48' title="bbox 81 4369 1313 4463; baseline 0.003 -29"><span class='ocrx_word' id='word_1_445' title='bbox 81 4379 191 4455; x_wconf 84' lang='lat' dir='ltr'><strong>gatn&#39;r,</strong></span> <span class='ocrx_word' id='word_1_446' title='bbox 207 4369 429 4435; x_wconf 81' lang='lat' dir='ltr'><strong>fraudabimur:</strong></span> <span class='ocrx_word' id='word_1_447' title='bbox 454 4375 531 4436; x_wconf 80' lang='lat' dir='ltr'><strong>alter</strong></span> <span class='ocrx_word' id='word_1_448' title='bbox 547 4390 651 4439; x_wconf 85' lang='lat' dir='ltr'><strong>antem</strong></span> <span class='ocrx_word' id='word_1_449' title='bbox 665 4378 794 4461; x_wconf 71' lang='lat' dir='ltr'><strong>alterum</strong></span> <span class='ocrx_word' id='word_1_450' title='bbox 810 4378 910 4440; x_wconf 81' lang='lat' dir='ltr'><strong>verbis</strong></span> <span class='ocrx_word' id='word_1_451' title='bbox 927 4370 1208 4463; x_wconf 80' lang='lat' dir='ltr'><strong>insectabimur,&#39;ct</strong></span> <span class='ocrx_word' id='word_1_452' title='bbox 1225 4379 1252 4438; x_wconf 85' lang='lat' dir='ltr'><strong>is</strong></span> <span class='ocrx_word' id='word_1_453' title='bbox 1285 4400 1290 4404; x_wconf 83' lang='lat'><strong>·</strong></span> <span class='ocrx_word' id='word_1_454' title='bbox 1309 4421 1313 4428; x_wconf 87' lang='lat'><em>-</em></span> 
     </span>
    </p>
   </div>
   <div class='ocr_carea' id='block_1_3' title="bbox 0 0 1374 4754">
    <p class='ocr_par' dir='ltr' id='par_1_11' title="bbox 0 0 1374 4754">
     <span class='ocr_line' id='line_1_49' title="bbox 0 0 1374 4754; baseline 0 0"><span class='ocrx_word' id='word_1_455' title='bbox 0 0 1374 4754; x_wconf 95' lang='lat' dir='ltr'><strong> </strong></span> 
     </span>
    </p>
   </div>
  </div>
 </body>
</html>
