2722 4754
314 138 983 285 ,ιιοιιιιιι-ιιιιοιιιιιιιιχΙ
1094 141 1096 145 ⁴
1165 188 1227 247 ιιι

59 357 110 404 ret
128 343 208 402 inter
224 339 372 401 Boeotios
390 320 588 411 trierarchos,
612 357 675 417 quo
694 349 918 418 exspectarent,
936 336 1010 398 dum
1026 333 1174 396 iudicium
1190 337 1229 395 de

58 451 105 488 se
96 428 232 488 iactum
260 439 355 497 esset,
389 445 482 496 neve,
507 422 645 483 Boeotiis
669 422 844 505 triremibus
868 422 1005 483 abductis
1034 420 1230 498 etnsilitihus

16 544 19 582 ς
60 514 147 596 prius
168 512 308 592 dilapsis,
326 509 384 568 sibi
403 527 456 567 vos
474 507 593 590 gravius
613 507 825 575 irasceremini,
861 503 948 568 Cives
967 509 1048 569 enim
1067 507 1229 586 malaper
1297 531 1301 535 ·

59 595 321 674 ferebantaequis
341 593 447 652 animis
467 591 730 673 etperdurabant.
745 592 866 650 Boeoti
884 606 984 653 nartem
1003 593 1170 676 negabant,
1195 611 1229 651 se
1264 628 1274 646 0

60 681 309 754 mansuros,nis1
301 678 504 757 quotidiana
524 678 646 738 daretur
663 676 812 736 alimonia.
830 676 937 744 Tum
928 679 1022 760 igitur
1040 690 1160 739 coactus
1180 697 1229 735 eas
1272 686 1298 737 ¹.

62 768 146 829 mille
166 766 320 825 drachmas
339 763 376 823 ab
394 761 587 860 Antiphane,
607 785 657 841 qur
650 761 847 842 appellebat
865 776 1009 840 quaestor
1025 761 1167 843 Philippi‘
1177 784 1229 821 na·
1285 774 1287 781 '

60 852 210 923 ιιιιιιιιιι,
228 863 334 908 ιιιιιιιιο
355 848 456 920 sumit,
476 859 506 906 et
522 848 653 906 Boeotio
672 847 791 906 narium
812 847 882 907 duci
900 848 957 907 dat
992 850 1033 906 Ut
1050 861 1151 907 autem
1171 847 1255 916 huc,
1288 924 1291 929 Ι

60 949 206 1007 venerat,
224 948 283 994 tam
297 928 461 1031 Philippus
481 953 570 1010 quam
587 931 777 1012 Antiphanes
797 953 845 991 eas
848 924 947 992 -ιιιιιιι
967 933 1136 1002 drachmas,
1156 954 1229 1010 quas

64 1025 95 1083 ei
113 1017 334 1085 mutuarantin
354 1010 508 1089 Calauria,
533 1017 569 1076 ab
590 1038 626 1078 eo
645 1016 863 1098 reposcebant,
888 1038 1109 1099 moramaegre
1127 1017 1229 1075 leren—
1313 1044 1317 1052 ¹

62 1122 119 1168 tes.
155 1110 213 1165 lste
232 1123 304 1164 tero
329 1102 469 1170 inimicos
488 1121 560 1162 suos
578 1115 735 1176 metuens,
759 1123 797 1162 ne
816 1102 1032 1176 resciscerent,
1056 1124 1129 1182 quas
1147 1101 1230 1160 nissle

62 1190 245 1253 drachmas'
237 1212 268 1250 ιιι
287 1187 454 1246 referendis
472 1187 642 1246 rationibus
659 1188 696 1246 de
710 1187 832 1248 militari
844 1188 972 1267 pecunia
990 1187 1130 1248 Boeotiis
1146 1185 1230 1246 navi-

61 1279 120 1337 bus
135 1296 278 1356 expensas
291 1267 473 1344 tulisset,''11s
485 1271 657 1352 Philippum
677 1270 858 1332 creditorem
877 1273 1018 1344 fraudari,
1036 1273 1125 1333 simul
1140 1271 1229 1331 etiam

61 1362 236 1455 Philippum
255 1358 379 1428 teritus,
397 1377 435 1416 ne
454 1357 485 1415 in
504 1376 536 1415 se
554 1357 762 1415 testimonium
781 1357 923 1415 dicerct'
913 1379 945 1415 m
963 1357 1096 1445 iudicio,
1113 1369 1230 1436 patrem
1311 1399 1314 1416 .

63 1469 165 1507 mcum
185 1444 257 1518 adit,
274 1456 309 1502 ut
321 1442 494 1521 Philippum
508 1440 654 1512 absolvat,
671 1440 793 1520 sibique
801 1440 871 1500 illas
886 1441 968 1500 mille
988 1428 1143 1501 drachmas
1161 1463 1229 1513 mu-

37 1526 43 1533 ’
62 1545 185 1604 tuetur,
213 1542 295 1602 οιιι,
314 1548 388 1606 quas
405 1525 547 1612 Philippo
565 1525 714 1585 redderet
749 1527 840 1585 Pater
856 1547 942 1586 meus
961 1549 1028 1587 ιιιιι
1047 1527 1180 1599 rideret,
1199 1537 1230 1584 et

64 1628 178 1696 quanto
198 1614 230 1675 in
249 1604 429 1672 discrimine
449 1623 619 1671 versaretur
633 1610 711 1684 iste,
735 1622 766 1670 et
769 1625 895 1690 quanta
919 1613 1046 1692 pecnnia
1069 1611 1230 1682 laboraret,
1238 1644 1246 1661 *-

63 1702 154 1762 simul
174 1702 262 1760 ctiam
290 1697 429 1767 misertus
448 1695 531 1768 eius,
556 1695 687 1755 adducto
714 1715 751 1754 eo
770 1696 807 1756 ad
825 1716 978 1783 mensam,
1003 1697 1230 1768 Phormionem,

65 1809 119 1866 qur
110 1785 174 1845 ad
192 1805 325 1843 mensam
344 1780 483 1854 sedebat,
508 1780 590 1839 mille
618 1780 772 1840 drachmas
790 1780 932 1862 Philippo
956 1803 1114 1854 numerare
1133 1780 1231 1852 iussit,
1275 1800 1279 1807 ·

66 1885 97 1930 et
116 1868 285 1928 debitorem
303 1865 500 1943 Timotheum
527 1864 702 1926 inscribere
735 1865 818 1926 Haec
835 1887 907 1924 vere
924 1889 938 1926 a
959 1888 1007 1926 me
1027 1867 1086 1926 dici
1103 1881 1139 1927 ut
1157 1888 1231 1926 con-

64 1968 134 2025 stet,
152 1953 368 2016 Phormionem
386 1950 473 2011 vohis
491 1963 622 2022 testem,
636 1950 689 2029 qui
706 1949 865 2030 pecuniam
884 1950 986 2026 dedit,
1004 1951 1159 2025 adducam,
1176 1948 1245 2010 uhi‘

64 2039 152 2098 etde
170 2038 229 2097 alio
255 2048 411 2096 contractu
428 2034 515 2094 vobis
542 2035 729 2097 disseruero:
754 2047 805 2108 ut,
831 2035 940 2096 eodem
966 2037 1143 2097 testimonio
1161 2035 1231 2096 uni-
1304 2083 1307 2089 .

64 2142 154 2182 verso
172 2142 241 2181 aere
260 2120 359 2180 alieno
383 2119 526 2200 cognito,
548 2118 692 2192 videatis,
717 2140 764 2178 me
781 2139 851 2179 vera
869 2119 964 2198 loqui.
998 2122 1124 2182 Vocabo
1142 2120 1231 2181 robis

65 2206 157 2267 etiam
174 2203 398 2285 Antiphanem,
427 2226 480 2282 qur
471 2203 579 2262 'mille
596 2203 663 2262 illas
681 2203 835 2263 drachmas
855 2199 1073 2264 Calaurianas'
1063 2205 1114 2265 isti
1132 2204 1231 2266 credi·
1310 2262 1316 2271 ,

65 2292 119 2364 dit,
138 2291 252 2370 quique
271 2289 382 2362 adluit,
401 2309 468 2345 cum
484 2286 643 2387 Philippus
662 2285 712 2346 hic
730 2309 745 2346 a
764 2301 860 2368 patre
856 2309 935 2348 meo
953 2312 1095 2350 nummos
1112 2291 1231 2370 recipe-
1319 2290 1324 2297 ’

64 2389 119 2435 ret
156 2378 228 2450 Quo
246 2373 346 2452 minus
365 2371 445 2432 enim
465 2372 529 2431 eius
554 2371 762 2437 testimonium
781 2374 860 2453 apud
879 2373 1025 2434 arbitrum
1051 2376 1230 2456 proferrem,
1316 2419 1321 2424 ·

67 2461 130 2520 eius
150 2458 263 2519 fallacia
283 2458 393 2517 lactum
413 2468 474 2540 est:
495 2456 600 2536 quise
620 2457 726 2534 quovis
744 2458 819 2517 mihi
837 2471 990 2538 tempore,
1009 2462 1124 2539 quatde
1143 2481 1231 2519 causa

65 2543 323 2627 pronuntiandum
343 2554 431 2615 esset,
449 2540 657 2602 testimonium
676 2543 826 2603 dicturum
843 2544 1047 2623 polliceretur.
1083 2541 1231 2605 Cumau-

66 2644 127 2695 tem
147 2624 304 2688 arbitrium
322 2628 424 2685 ficret:
451 2628 542 2687 domo
562 2627 721 2690 arcessitus
738 2626 817 2710 (non
836 2628 917 2688 enim
942 2650 974 2688 se
993 2628 1132 2712 stitcrat)
1144 2629 1231 2690 testi-

20 2715 202 2795 ·trnonium
222 2713 366 2784 deseruit,
383 2724 418 2770 nt
436 2711 485 2772 isti
504 2709 730 2794 gratificaretur.
760 2714 828 2795 Ego
845 2734 919 2773 vero
938 2735 1005 2774 cum
1025 2735 1230 2787 numerassem

67 2811 172 2860 contra
190 2820 269 2865 eum
279 2795 415 2857 destituti
434 2796 601 2876 testimonii
618 2797 743 2857 nomine
762 2797 942 2871 drachmam,
960 2812 995 2859 ut
1010 2799 1077 2882 lege
1093 2800 1230 2859 iubetur:

66 2884 180 2944 arbiter
197 2880 376 2944 sententiam
404 2866 628 2941 damnatoriam
643 2903 707 2941 non
726 2882 813 2954 tulit,
838 2884 892 2943 sed
910 2883 985 2943 abiit
1002 2885 1170 2944 absoluto
1161 2896 1231 2956 rsto,

66 2992 133 3041 cum
148 2969 210 3054 iam
238 2988 361 3047 uespera
385 2980 470 3026 esset.
504 2965 620 3025 Nunc'
611 2989 643 3025 ιιι
660 2967 867 3051 Antiphanem
885 2969 947 3028 dati
972 2969 1073 3029 damni
1097 2948 1231 3050 peculia·
1252 2975 1315 3034 254

66 3076 135 3114 rem
149 3045 300 3114 actionem
320 3052 448 3150 institui,
466 3052 549 3131 quod
568 3051 641 3111 mibi
660 3053 717 3111 nec'
735 3052 943 3113 testimonium
961 3054 1046 3126 dixit,
1063 3076 1163 3134 neque
1182 3060 1230 3113 se-'

52 3141 200 3211 ‚cundum
218 3139 315 3220 legem
336 3135 475 3197 eiurarit:
501 3148 533 3197 ct
550 3135 689 3214 postulo,
715 3151 750 3197 ut
766 3138 929 3198 adscendat
947 3151 978 3197 et
994 3138 1109 3199 iuratus
1128 3160 1257 3199 coram

67 3222 154 3283 tobis
173 3223 261 3295 dicat,
279 3221 427 3302 primum,
444 3245 482 3280 an
500 3220 532 3279 ιιι
551 3216 688 3280 Calauria
706 3221 870 3283 Timotheo
889 3223 971 3313 mille
990 3224 1143 3284 drachmas
1163 3247 1231 3283 mu-

66 3304 170 3380 tuarit,
189 3308 308 3378 deinde,
326 3329 363 3364 an
381 3306 539 3386 Philippus
559 3306 677 3367 easdem
696 3306 745 3366 hic
762 3329 778 3366 a
797 3319 881 3387 patre
899 3329 967 3368 meo
987 3309 1143 3389 receperit
1172 3309 1277 3372 Μ-

67 3415 126 3473 quc
146 3395 221 3452 adeo
246 3414 351 3472 parum
376 3390 482 3465 abluit,
501 3390 574 3470 quin
592 3390 649 3449 iste
667 3391 737 3470 ipse
750 3393 829 3471 apud
854 3390 999 3453 arbitrum
1024 3394 1231 3466 confiteretur,

66 3477 234 3538 reddidisse
246 3490 359 3556 patrem
376 3497 476 3535 meum
486 3475 627 3556 Philippo
642 3475 725 3535 mille
737 3477 905 3537 drachmas:
923 3479 977 3537 scd
992 3498 1041 3538 eas
1052 3491 1152 3538 tamen
1168 3500 1230 3538 non

66 3563 125 3623 sibi
144 3575 251 3622 mutuo
270 3561 362 3620 luisse
387 3561 469 3620 datas
487 3559 600 3632 aicbat,
626 3561 679 3619 sed
697 3561 829 3621 Boeotio
855 3557 1023 3636 navarcho,
1046 3563 1099 3642 qui
1118 3585 1174 3644 pro
1193 3563 1229 3634 iis

66 3670 115 3708 aes
134 3647 378 3730 oppignerasset
406 3648 439 3704 ln
458 3667 518 3725 quo
539 3665 607 3705 eum
626 3666 688 3704 non
707 3645 817 3705 dixisse
836 3667 960 3719 verum,
983 3649 1054 3718 sed,
1080 3670 1147 3708 cum
1166 3649 1231 3728 ipse

67 3746 221 3793 mutuatus
240 3732 296 3805 sit,
314 3730 467 3805 fraudare,
492 3750 621 3811 egonus
640 3729 776 3815 docebo,
801 3730 856 3790 nbi
873 3744 904 3792 et
920 3733 1070 3813 reliquom
1090 3755 1140 3793 aes
1158 3733 1232 3794 alie·
1268 3794 1270 3799 ,

67 3841 139 3877 nom
163 3774 340 3899 singulaiim
367 3815 456 3883 vobis
480 3835 658 3895 exposuero
692 3815 767 3874 Nam
795 3837 863 3875 cum
888 3816 1008 3878 Alcetas
1034 3831 1065 3878 et
1082 3820 1169 3879 lason
1194 3817 1253 3877 adx

67 3902 158 3962 istum
178 3861 387 3982 Septembri
368 3919 481 3976 mense,
499 3900 586 3959 hstio
605 3912 769 3980 praetore,
763 3901 811 3959 ad
826 3901 973 3974 iudicium
987 3902 1108 3962 illud
1082 3924 1110 3963 er
1127 3926 1163 3984 pa
1166 3910 1230 3963 t-ro

67 3987 198 4046 cinaturi
216 3985 379 4058 venissent,
398 3999 428 4045 et
446 3985 477 4047 in
497 3985 561 4045 cius
580 3985 719 4045 aedesio
738 3985 881 4059 Piraeeo,
900 4009 984 4066 quae
994 4001 1067 4048 sunt
1083 3987 1115 4049 in
1134 3987 1231 4068 Equi-

69 4072 245 4143 domitorio,
264 4070 319 4130 sub
339 4071 548 4159 crepusculum
567 4071 630 4131 sere
650 4069 859 4144 dirertissent,
877 4093 986 4152 neque
995 4072 1061 4152 ipse
1079 4095 1130 4135 eos
1150 4074 1231 4134 exei-

66 4177 140 4236 pere
160 4177 215 4235 pro
235 4155 380 4237 dignitate
398 4169 518 4235 posset:
538 4155 630 4215 misso
649 4156 686 4214 ad
704 4169 818 4236 patrem
839 4177 939 4217 meum
957 4157 1158 4231 Aeschrionc,
1176 4180 1266 4240 pe».

68 4237 213 4321 dissequo
231 4261 297 4313 suo,
315 4252 462 4331 petere
437 4239 524 4300 iussit
541 4224 682 4327 stragula,
700 4255 824 4313 vestem,
840 4241 955 4321 phialas
967 4255 1129 4325 argenteas
1146 4245 1233 4317 duas,
1252 4251 1309 4347 m
1319 4256 1328 4319 t

68 4338 114 4387 ιι
116 4327 229 4387 minam
252 4325 396 4419 argenti
392 4338 535 4386 mnt.uam
568 4324 658 4386 Pater
675 4347 748 4387 vero
765 4326 867 4431 meus,
892 4349 974 4389 eum
979 4348 1017 4389 ex
1032 4329 1232 4407 Aeschrione,
