2722 4754
61 271 63 274 Α
106 149 249 245 ωὛ
285 268 287 271 ¹
409 142 795 269 ’'uuu'o-s'r'unurs
832 133 1060 242 oua'rro·

72 339 74 344 ’
140 337 369 420 rebuspublicis
388 329 508 393 nocere.
537 333 645 393 Nullae
666 333 865 394 enim-rerum
885 329 1108 416 vicissitudines
1127 350 1240 413 essent,
1258 330 1322 399 uisi
1352 399 1355 403 ,

131 423 329 486 'constitutos'
346 421 380 479 in
405 417 550 504 periculis
576 419 675 489 bonae
694 431 759 479 tum
784 419 919 479 actiones
945 432 1011 480 tum
1030 421 1131 504 leges,
1154 438 1221 484 tum
1241 424 1347 495 boui·

62 548 83 557 .,
131 511 202 573 ‘viri
230 523 262 568 et
279 506 421 566 accurata
433 503 512 562 ratio
530 526 634 583 rerqm
653 502 789 564 omnium
809 505 965 587 erigerent
981 519 1012 566 et
1028 508 1251 588 proveherent:
1280 508 1346 569 tis

90 592 95 603 ¹
144 588 233 666 vero,
268 593 301 651 ui
318 589 485 650 felicissimi
503 589 655 662 videntur,
676 589 776 648 omnia
796 588 870 672 haee
888 592 1025 673 neglecta
1042 594 1186 673 paulatim
1207 594 1320 655 efflue-

96 740 98 745 ,
130 693 220 741 rent
277 692 330 736 'am
349 675 487 757 plerique
506 676 679 754 mortalium
696 676 787 743 rectis
807 675 942 735 consiliis
961 691 993 736 et
1009 678 1165 760 vigilantia
1181 672 1319 741 minimis

144 767 240 827 etiam.
254 764 286 822 iu
303 762 394 835 rebus
413 782 486 842 opes
504 774 619 840 parant,
638 760 692 819 sed
711 781 760 847 eas
779 761 886 841 iisdem
908 761 1077 824 rationibus
1096 766 1177 826 tueri
1195 765 1326 826 nolunt:

130 847 238 926 'Quod
256 870 396 928 negnunc
412 846 500 906 vobis
525 868 583 905 usu
601 846 718 920 veniat,
746 848 916 906 cavendum·
931 860 992 907 est:
1016 855 1119 929 neque
1139 852 1325 911 existiman-²

61 937 62 940 ’
93 952 96 961 “
144 937 236 1008 dum,
258 935 348 994 talem
366 933 467 1014 legem
491 932 645 991 ferendam
673 951 861 1012 esse„quae
878 937 1155 996 nostramurbem
1173 951 1205 997 et
1222 935 1317 997 rebus

143 1021 296 1091 secundis·
310 1018 431 1097 infamia
449 1016 583 1096 repleat,
613 1029 645 1076 et
662 1031 773 1077 mutata
801 1020 923 1097 fortuna
942 1020 1068 1094 efficiat,
1095 1042 1134 1080 ne
1154 1020 1317 1103 quisquam

60 1145 63 1154 ·
103 1104 107 1113 ’
135 1096 193 1181 ‘sit
210 1105 264 1186 qui
282 1097 373 1164 nobis
390 1102 581 1162 benefactum
601 1102 680 1162 velit
698 1101 806 1183 Neque
822 1124 894 1163 vero
910 1104 941 1187 id
953 1105 1053 1164 solum
1073 1110 1239 1185 cavendum
1260 1108 1317 1182 es't,

120 1211 122 1215 ·
142 1191 374 1261 Athenienses,
394 1209 433 1247 ne
452 1186 564 1246 iniuria
582 1187 767 1263 laedantur,¹
785 1189 838 1269 qui
864 1189 1003 1269 privatim
1023 1192 1107 1252 vobis
1128 1193 1316 1253 benefacere
1339 1214 1344 1227 ¹

138 1278 325 1348 voluerunt,
354 1286 435 1358 etse
460 1271 571 1333 talibus
599 1284 630 1332 et
647 1275 740 1335 tantis
764 1275 953 1356 temporibus
981 1276 1071 1336 utiles
1098 1278 1316 1359 praebuerunt,

46 1409 51 1419 ,,
144 1364 243 1445 qualia
261 1361 354 1443 paulo
373 1372 443 1420 ante
461 1357 607 1445 Phormio
633 1361 789 1420 recensuit
806 1362 837 1420 et
864 1382 922 1442 ego
940 1362 1033 1420 modo
1054 1363 1127 1422 diri:
1154 1366 1208 1424 sed
1226 1363 1317 1424 multi

89 1483 94 1491 ·
144 1451 234 1510 e'tiam
252 1447 313 1520 alii,
331 1444 384 1525 qui
401 1456 480 1505 totas
500 1444 645 1520 civitates,
664 1447 774 1526 patrias
793 1436 878 1518 suas‘,
895 1447 1046 1526 Laconico
1066 1448 1147 1508 ltello
1167 1450 1316 1513 societate

142 1534 302 1597 nobiscum
316 1527 550 1605 coniunxerunt,
564 1544 628 1593 tum
643 1532 783 1607 dicendo,
799 1532 875 1612 quae
889 1532 1075 1613 reipublicae
1089 1548 1206 1613 vestrae
1221 1535 1315 1619 prod-
1353 1577 1355 1585 ι

126 1627 261 1692 essent,
288 1617 512 1699 tum-agendo:
547 1639 678 1696 quorum
705 1619 800 1697 aliqui
825 1617 866 1678 ob
891 1617 1135 1699 benevolentiam
1163 1643 1234 1704 erga
1260 1640 1315 1680 vos

84 1743 100 1779 χ
141 1707 237 1792 patria
255 1716 366 1764 carent.
396 1702 439 1762 Ac
457 1702 626 1763 interillos
647 1700 877 1764 Corinthiorum
896 1705 1121 1786 exsules-primi
1141 1717 1316 1766 occurrunt

64 1786 71 1793 ’
143 1789 248 1876 Cogor
262 1784 367 1855 ¹autem
379 1810 420 1872 ¹ea
438 1787 539 1848 dicere
557 1790 637 1869 apud
655 1811 720 1863 vos,
744 1810 821 1868 quae
840 1789 904 1870 ipse
924 1810 939 1848 e
958 1802 1030 1849 natu
1049 1790 1214 1853 maioribus
1234 1790 1317 1851 inter

53 1932 56 1949 1
142 1900 196 1940 vos
215 1875 333 1937 audivi:
353 1897 386 1934 ac
404 1877 541 1948 caetera,
559 1875 589 1949 iu
610 1875 722 1954 quibus
740 1875 829 1934 nobis
848 1875 967 1934 utiliter
984 1875 1204 1951 inservierunt,
1223 1876 1316 1937 omit·

63 1962 66 1967 ’
140 1979 211 2026 tam
246 1963 309 2023 Sed
327 1983 395 2020 cum
413 1980 556 2040 magnum
574 1959 650 2019 illud
669 1961 1001 2020 cumlncedaemoniis
1026 1963 1178 2043 proelium
1196 1959 1316 2027 ad‘Co-

141 2049 278 2128 rintbum
296 2045 553 2107 committeretur:
572 2046 811 2106 deliberantibus
830 2046 886 2119 bis,
906 2046 1009 2126 quiin
1027 2037 1103 2108 urbe
1124 2053 1316 2130 ersut'5·post

53 2203 57 2213 „
142 2144 275 2218 pugnam
294 2133 337 2192 de'
349 2130 497 2191 militibus
515 2129 594 2190 intra
612 2131 733 2190 moenia
752 2153 815 2191 non
833 2132 1027 2212 recipiendis,
1045 2128 1098 2193 sed
1112 2135 1149 2194 de
1168 2133 1315 2194 caducea-

57 2242 119 2310 30⁰
142 2221 260 2282 toribus
280 2218 316 2278 nd
333 2216 590 2282 Lacedaemonios
608 2216 780 2280 mittendis:
799 2212 917 2277 hicum
935 2218 1090 2292 viderent,
1109 2232 1243 2280 nostram
1262 2241 1316 2278 ur-

102 2327 109 2372 .'
142 2307 352 2372 bemndversa
369 2302 493 2362 fortuna
511 2322 613 2375 usam,
638 2314 669 2360 et
685 2302 1019 2372 Lacedaemonios‘iter
1036 2305 1147 2364 nos'tris
1166 2303 1316 2365 interclu-

141 2393 227 2465 sisse,
245 2411 309 2449 non
327 2386 529 2468 prodiderunt
541 2408 604 2459 eos,
623 2408 722 2466 neque
741 2389 868 2448 seorsim
887 2410 958 2469 sqae
973 2389 1063 2449 saluti
1082 2390 1317 2461 consuluerunt,

86 2542 89 2547 ,
142 2479 213 2551 sed,
242 2473 377 2556 quamvis
395 2472 532 2533 universi
550 2474 800 2554 Peloponnenses
828 2473 933 2534 armati
950 2474 983 2534 in
1009 2475 1185 2557 propinquo
1203 2487 1318 2547 esseut,

87 2618 90 2631 ,
141 2575 244 2647 portas
263 2559 363 2637 nobis,
381 2557 474 2619 invita
494 2571 524 2618 et
535 2562 724 2641 'repugnante
741 2559 948 2632 multitudine,
966 2554 1160 2641 aperuerunt,
1179 2584 1214 2623 ae
1227 2580 1317 2642 prae·
1335 2608 1339 2622 .

44 2697 48 2707 ,
111 2654 117 2662 “
142 2653 287 2731 optarunt
303 2653 372 2706 cum
389 2644 516 2716 vestris,
546 2645 601 2726 qui
618 2665 654 2703 eo
672 2656 811 2726 tempore
828 2644 1014 2721 militabant,
1040 2647 1065 2708 si
1083 2657 1132 2707 re's
1150 2647 1193 2707 ita
1210 2647 1316 2718 ferret,
1334 2687 1344 2715 r,

141 2733 262 2816 quidvis
280 2731 382 2814 potius
402 2729 538 2812 perpeti,
558 2746 647 2810 quam
667 2730 935 2811 extra-periculum
953 2731 1019 2791 sine
1037 2732 1123 2811 vobis
1143 2732 1316 2794 incolumes

105 2857 107 2861 .
143 2814 280 2890 evadere,
299 2815 494 2896 exercituque
506 2817 537 2875 in
553 2815 661 2875 urbem
679 2815 857 2876 introducto
872 2830 937 2876 tum
951 2819 1099 2897 vos,tum
1117 2818 1220 2879 socios
1238 2831 1345 2877 con-.¹

91 2912 106 2941 '⁸
142 2897 307 2964 servarunt.
348 2902 485 2974 Deinde,
509 2923 582 2983 pace
600 2924 669 2962 cum
686 2902 932 2971 Lacedaemoniis
950 2903 1028 2963 sacta
1047 2888 1355 2976 ducertnulcidas‘

136 2990 184 3049 ‘ob
202 2988 276 3048 baec
292 2988 370 3047 lacta
389 2987 422 3047 in
440 2986 578 3046 exsilium
596 2987 654 3047 acti
673 2999 777 3047 sunta
794 2989 1049 3066 Lacedaemoniis.
1068 2993 1133 3049 Vos
1152 2982 1227 3049 vero
1247 3007 1316 3048 sus-
1339 3010 1344 3018 ·

81 3124 83 3129 .
101 3083 106 3088 ’
142 3074 237 3155 ceptis
251 3072 294 3132 eis
313 3073 466 3133 bonorum
484 3072 618 3133 virorum
631 3072 729 3133 functi
749 3073 820 3138 estis
840 3073 950 3134 officio.
967 3075 1152 3134 Decrevistis
1172 3072 1255 3134 enim
1270 3073 1314 3134 eis

119 3186 121 3190 ’
142 3160 254 3240 omnia,
272 3158 382 3238 quibus
401 3157 587 3242 indigebant
604 3158 695 3218 Nunc
712 3180 800 3233 vero,
807 3154 852 3218 xan
868 3181 902 3219 ea
913 3174 978 3220 rata
992 3181 1056 3221 esse
1076 3160 1217 3234 debeant,
1236 3146 1315 3219 deli-

133 3231 301 3306 beramus·?
320 3243 381 3303 Sed
395 3243 509 3304 isthaec
518 3245 582 3325 ipsa
597 3244 775 3304 deliberatio
787 3245 884 3326 turpis
895 3246 983 3306 vobis
996 3247 1098 3306 sutura
1110 3234 1165 3320 est,
1177 3244 1315 3305 ubicun-

141 3351 201 3410 que
216 3327 352 3396 auditum
366 3323 700 3413 fuerit,'Atbenienses.
710 3330 893 3404 consultare,
910 3344 1014 3391 utrum
1027 3330 1231 3412 relinquenda
1251 3329 1316 3389 sint
1345 3348 1351 3355 ·

141 3439 185 3490 ea,
205 3437 281 3494 quae
300 3413 378 3475 bene
397 3415 512 3475 meritis
531 3412 599 3475 data¹
616 3416 738 3476 suerint
756 3419 817 3476 lam
834 3416 908 3476 olim
929 3418 1009 3477 enim
1028 3417 1102 3479 baec
1121 3430 1152 3477 et
1168 3415 1317 3477 meditate

45 3525 60 3570 ¹,
141 3514 172 3562 et
189 3502 308 3563 decreta
327 3521 393 3562 esse
412 3501 579 3595 oportebat.
597 3501 658 3561 Sed
672 3502 735 3563 boc
754 3523 878 3583 quoque
896 3500 1317 3567 senatusconsultumrecite.
1338 3526 1351 3533 ·

426 3618 1023 3723 scurruscousunrum
1097 3690 1101 3699 ,

190 3830 192 3837 J
225 3761 312 3835 Quae
328 3753 495 3829 Corinthiis
514 3770 640 3840 propter
656 3778 711 3818 vos
726 3757 758 3817 in
774 3758 911 3818 exsilium
930 3759 1005 3819 actis
1023 3757 1214 3830 decrevistis,
1230 3755 1315 3817 ludi-

53 3858 56 3862 ’
129 3868 200 3921 ces,
218 3845 292 3905 haec
310 3857 388 3904 sunt
424 3843 544 3919 Quodsi
563 3844 630 3924 quis
648 3843 700 3903 illa
717 3857 855 3925 tempora
873 3844 996 3917 intuens
1014 3845 1094 3930 (sive
1113 3843 1315 3914 interfuisset,
1353 3897 1355 3908 ,

124 3932 202 3993 ¹sive
220 3930 353 4010 aliquem
369 3929 415 3989 rei
440 3951 568 4012 gnarum
592 3942 881 4001 commemorantem
906 3929 1086 4012 audivisset)
1103 3951 1187 3990 nunc
1212 3929 1315 4011 legem

137 4010 227 4092 benc,
244 4015 304 4075 illis
323 4015 510 4097 temporibus
530 4017 596 4076 data
615 4016 695 4076 dona
713 4015 904 4096 eripientem,
922 4014 1057 4076 audiret:
1076 4027 1206 4097 quantae
1225 4012 1315 4074 mali-

41 4182 47 4187 ,
107 4108 109 4113 ’
138 4102 198 4163 tiae
216 4101 292 4184 legis
311 4101 397 4174 istius
415 4101 631 4182 approbatores
649 4101 881 4162 condemnaret!
906 4102 979 4177 Qui,
995 4116 1125 4186 urgente
1145 4098 1326 4185 necessita

39 4208 43 4217 ·
138 4200 189 4261 te,
206 4199 266 4246 tam
286 4186 410 4246 humani
428 4188 578 4261 essemus,
597 4210 630 4247 ac
648 4186 726 4247 nibil
743 4207 807 4246 nou
824 4188 1009 4248 laceremus:
1025 4200 1101 4268 post.
1112 4207 1210 4262 vero,
1222 4197 1313 4246 voto-

89 4315 96 4328 ,
138 4295 207 4333 rum
227 4273 363 4335 omnium
382 4271 453 4332 lacti
472 4272 705 4355 compotes,.ita
724 4271 834 4354 ingrati
853 4285 884 4332 et
901 4273 1044 4334 malitiosi
1064 4268 1339 4354 deprehendere-x

88 4346 95 4377 l
137 4381 217 4441 mur,
235 4372 279 4436 ut,
297 4379 361 4418 non
379 4358 517 4421 contenti
535 4358 680 4440 spoliasse
696 4377 760 4432 eos,
778 4357 830 4437 qui
846 4359 927 4423 dona
943 4358 1255 4442 accepissent,etiam
1268 4357 1313 4416 le-
