2722 4754
121 156 308 299 laea„
427 187 1026 297 nunos'rnnmsonarro
1238 141 1243 154 ,

51 402 56 408 -
142 350 322 425 scultantes:
349 354 448 456 quid
442 353 597 416 Arcades?
631 354 704 435 quid
722 330 989 440 Αιιιιιιιίοιιοιιιιιῗ
1020 324 1082 434 quo
1107 322 1325 438 proficiscatur

20 443 28 455 “
47 445 51 452 “
140 443 263 524 Philipp
266 442 358 502 ns?
340 442 461 500 vivatne
480 462 524 502 an
537 432 668 517 obierit?
686 441 823 500 Nonne
814 454 854 501 ata
869 440 1016 503 iacimus?
1034 442 1102 524 Ego
1120 463 1195 508 aero
1210 440 1243 500 id
1258 451 1324 511 non

72 569 78 575 ·
123 536 265 599 uereor,
289 549 328 585 an
346 525 427 586 vivat
444 525 620 606 Philippus:
648 526 724 586 illud
742 548 868 600 vereor,
894 548 932 586 ne
950 527 1137 608 reipublicae
1161 526 1301 597 odium
1292 549 1334 591 tn

141 614 343 672 facinorosos
351 627 382 672 et
398 611 530 672 vindicta
550 611 670 689 obierit
688 612 797 692 Neque
817 613 892 672 mibi
909 614 1021 672 terrori
1040 627 1086 672 est
1102 612 1330 693 Philippus,
1292 636 1349 679 ιι

43 745 46 751 .
141 719 195 758 vos
214 698 280 757 sani
298 697 379 765 sitis:
398 699 491 757 sed
466 721 493 758 ει
509 719 525 757 a
539 696 654 757 vobis
644 697 810 797 impunitas
828 711 1019 785 proponetur
1036 699 1084 773 iis,
1103 722 1155 780 ιιιιι
1146 698 1221 758 illi
1241 712 1355 762 merx

142 784 216 844 cede
234 783 347 844 sersirc
359 805 429 843 ιιοιι
446 795 604 844 recusant:
626 806 653 842 ει
644 781 731 843 illis
750 783 873 863 quidem
891 777 1351 868 patrocinabunturfquibuss

91 911 94 917 ·
141 891 197 930 vos
215 870 307 928 fidem
326 869 462 930 habetis:
487 868 513 929 si
532 868 571 941 ii,
585 868 643 948 qui
657 869 746 929 omni
765 870 923 950 superiore
941 882 1079 952 tempore
1098 881 1272 954 negarunt,
1290 891 1354 940 εξ

41 1002 43 1005 ψ
141 977 261 1023 causam
279 950 414 1037 Philippi
432 972 537 1038 agere,
564 976 646 1014 nunc
670 968 848 1038 suggestum
876 956 1092 1016 conscendent
1135 955 1221 1016 Haec
1245 952 1350 1025 mibi

139 1041 253 1102 terrori
271 1052 350 1100 sunt.
392 1042 468 1099 Nam
487 1061 541 1100 cur
558 1040 698 1113 tandem,
716 1041 848 1117 Eubule,
866 1040 1038 1125 Hegesileo
1049 1062 1114 1114 reo,
1134 1041 1188 1121 qui
1207 1061 1345 1107 consos

142 1124 249 1188 britius
268 1139 339 1186 tuus
360 1139 414 1199 est,
434 1138 465 1186 et
476 1124 669 1208 Thrasybulo
690 1127 815 1199 dudum,
833 1125 973 1186 Nicerati
983 1127 1148 1201 avunculo,
1168 1149 1239 1186 cum
1250 1125 1339 1206 pri„

14 1258 25 1274 ι
83 1237 88 1241 ·
140 1235 189 1274 ma
200 1210 343 1295 suffragia
354 1210 517 1293 ferrentur,
531 1211 693 1271 advocatus
710 1231 785 1286 esse,
800 1234 867 1272 cum
881 1213 1016 1286 crtarcre,
1032 1210 1174 1279 noluisti.
1188 1224 1224 1272 ct
1235 1211 1331 1275 adh

22 1300 26 1311 ’
72 1318 75 1323 ’
100 1304 104 1312 ’
132 1299 179 1360 tis
191 1297 433 1359 aestimationem
448 1312 627 1381 progressus
642 1319 699 1358 nec
712 1319 767 1380 pro
782 1292 905 1358 illorum
916 1299 1095 1359 defensione
1111 1298 1216 1358 dixisti
1232 1297 1328 1377 quic

45 1398 49 1407 '
142 1406 257 1466 quam:-
274 1397 304 1445 et
321 1384 436 1444 iudices
451 1397 596 1485 precatus
616 1405 663 1457 es,
689 1398 724 1444 ut
743 1385 860 1444 veniam
879 1384 935 1444 tibi
954 1385 1083 1444 darent?
1119 1386 1224 1456 Itane,
1251 1405 1320 1448 curn

128 1470 318 1531 vhominibus
337 1470 474 1570 cognatis
491 1473 525 1530 et
543 1470 719 1531 necessariis
738 1492 802 1533 non
820 1470 1029 1554 patrocineris,
1050 1468 1197 1529 Aeschini
1214 1481 1319 1550 patro

121 1556 311 1622 .,ὀἰιιιὶ)ιιίι.Ρ
331 1557 401 1636 qui,
422 1578 490 1616 cnm
508 1552 698 1644 Aristopbon
716 1579 804 1615 reum
822 1569 927 1640 ageret
944 1555 1137 1618 Philonicum
1158 1567 1190 1615 et
1207 1576 1263 1636 per
1280 1554 1345 1615 il·-
1330 1618 1357 1629 κ

89 1670 93 1674 ’
141 1644 205 1702 Ιιιιιι
223 1655 275 1702 tua
293 1655 358 1702 acta
376 1655 538 1715 accusaret,
556 1663 617 1701 una
636 1665 704 1702 cum
723 1642 791 1702 illo
789 1654 826 1703 te
846 1642 1004 1702 accusabat
1023 1641 1102 1702 etin
1120 1641 1313 1704 inimicorum

141 1741 265 1788 tuorum
284 1727 438 1798 subselliis
455 1721 638 1789 versabatur.
650 1728 840 1808 Postquam
862 1728 967 1788 autem
985 1740 1064 1808 post
1073 1728 1148 1789 istos
1178 1719 1312 1788 oratione

41 1875 43 1879 ,
139 1813 244 1873 babita
262 1813 427 1897 affirmasti,
445 1826 498 1873 aut
515 1813 575 1875 iam
589 1811 621 1872 in
635 1791 794 1873 Piraeeum
813 1823 878 1874 esse'
897 1814 1176 1886 descendendum,
1176 1824 1207 1873 et
1215 1833 1312 1915 pecu-

141 1901 223 1973 niam
243 1890 481 1972 conserendam,
495 1908 533 1960 et
551 1898 762 1959 theatralem
753 1922 785 1958 ιιι
804 1899 964 1962 militarem
984 1884 1240 1980 convertendani,
1266 1911 1313 1961 aut

80 2022 84 2030 ·
140 1969 292 2059 iubenda,
318 2005 395 2065 quae
414 1999 445 2046 et
463 1986 521 2055 iste
538 1984 718 2048 defenderat
735 2000 766 2047 et
782 1977 915 2068 nefarius
935 1985 1122 2046 Philocrates
1140 1985 1314 2047 decreverat

133 2064 239 2155 (unde
258 2071 370 2133 sactum
391 2082 452 2146 est,
463 2084 499 2132 ut
516 2092 572 2153 pro
591 2069 752 2131 honesta
737 2093 810 2152 pace
829 2071 999 2153 pax-turpis
1017 2069 1135 2153 fieret).
1154 2082 1313 2167 postquam

41 2164 44 2169 '
74 2168 77 2183 ¹
141 2157 239 2240 agitur
253 2156 313 2230 rstr,
331 2158 511 2239 perpetratis
525 2170 630 2238 postea
644 2157 819 2231 sceleribus,
839 2179 939 2219 omma
953 2146 1187 2238 perdiderunt,
1181 2168 1246 2234 tum
1263 2153 1314 2214 de·
1329 2219 1332 2224 ,

59 2251 63 2256 “
142 2262 226 2303 anum
246 2243 277 2301 in
296 2243 422 2324 gratiam
441 2243 580 2344 rediisti?
613 2239 690 2301 Cuin
708 2257 764 2324 pro
784 2243 933 2303 concione
952 2241 1156 2329 Philippum
1147 2240 1315 2313 insecteris,

39 2394 45 2403 ,
143 2342 185 2390 et
191 2349 247 2410 per
264 2327 376 2388 liberos
395 2342 465 2389 tuos
485 2328 603 2401 iuraris,
621 2328 701 2387 haud
721 2328 813 2388 dubie
832 2329 1000 2428 periturum
1011 2325 1241 2428 Philippum,'
1211 2346 1314 2409 stpo-
1328 2349 1330 2353 ·

142 2415 270 2496 pulos
252 2414 341 2473 ιιιΙίιι
359 2437 441 2480 nunc
456 2415 510 2483 isti
528 2414 746 2495 opitulaberie?
775 2415 839 2489 Qui
860 2413 998 2496 peribit
989 2413 1092 2496 agitur,
1111 2413 1144 2473 si
1156 2433 1222 2485 eos,
1240 2428 1315 2490 quos

90 2504 93 2523 ¹
142 2500 195 2559 ille
214 2500 382 2580 corrumpit
399 2499 629 2587 largitionibus,
647 2513 680 2560 tu
701 2499 848 2561 servaris?
883 2501 960 2563 Nam
970 2522 1033 2564 cur
1050 2491 1174 2559 tandem
1192 2497 1315 2557 Moero-

138 2583 221 2647 clem
240 2587 410 2659 accusabas,
429 2587 511 2668 quod
530 2585 687 2670 asingulis
707 2608 823 2659 eorum,
839 2606 895 2666 qur
886 2584 1032 2646 inctall'a
1049 2581 1300 2665 redemerant,
1271 2605 1315 2642 rr-

14 2710 17 2719 ι
110 2677 119 2682 ’
144 2693 233 2732 cenas
260 2671 415 2732 drachmas
449 2672 617 2755 exegisset?
654 2668 721 2731 Cur
742 2669 1026 2771 Cephisoplront'em
1054 2658 1207 2753 sacrilegii
1230 2685 1315 2728 reum

45 2797 65 2827 a
108 2741 271 2859 .·³agebas‚
300 2758 383 2837 quod
400 2759 504 2818 triduo
523 2768 593 2838 post
620 2771 725 2818 statam
745 2758 825 2817 diem
840 2770 967 2858 septem
985 2755 1080 2817 minas
1107 2750 1315 2816 numerasset?

144 2865 197 2936 eos
216 2865 300 2918 vero,
318 2865 371 2922 qur
362 2843 512 2917 habent,
530 2844 673 2918 latentur,
693 2842 848 2905 coniuncti
867 2856 949 2917 sunt,
966 2842 1125 2925 palamque
1145 2840 1316 2922 depreben-

142 2926 185 3004 si,
214 2929 321 2988 secisse
340 2928 417 3012 illa'
408 2952 441 2988 ιιι
459 2929 613 2998 sociorum
631 2930 813 3011 perniciem:
839 2944 893 3005 eos'
909 2950 973 2989 non
992 2930 1084 2988 modo
1103 2949 1167 2988 non
1176 2944 1316 3000 accusas,

94 3042 97 3050 .
143 3017 197 3075 sed
217 3028 247 3075 et
264 3009 376 3074 servari
395 3014 502 3093 iubes?
538 3014 635 3096 Atqui
652 3016 728 3076 baec
746 3037 810 3076 esse
829 2998 1042 3088 formidabilia,
1062 3027 1093 3074 et
1110 3034 1250 3097 magnam
1266 3031 1316 3070 re-

35 3137 50 3149 ·
144 3101 265 3183 quirere
283 3088 476 3181 prudentiam
495 3114 527 3161 et
544 3103 727 3174 cautionem,
746 3122 886 3176 cavero,
905 3122 1036 3181 quorum
1054 3113 1088 3169 tu
1103 3100 1175 3160 illos
1194 3118 1317 3158 accusa-

50 3250 54 3259 ,
144 3186 192 3260 sti,
211 3186 347 3260 ridicula,
366 3187 437 3247 inde
454 3186 652 3270 perspicietis.
694 3187 871 3248 Fueruntne
889 3187 976 3247 Elide
996 3186 1118 3267 quidam
1136 3183 1245 3244 aerarii
1264 3182 1316 3242 de-

142 3272 353 3355 peculatoresp
373 3272 507 3343 Omnino
526 3273 684 3357 probabile
700 3287 746 3334 est
762 3274 864 3334 luisse.
881 3272 932 3333 A'n
944 3294 1018 3334 vero
1034 3272 1193 3353 quisquam
1209 3289 1316 3330 eorum
1352 3308 1355 3313 ψ

142 3366 250 3419 auctor
276 3359 433 3420 adiutorve
450 3359 511 3419 luit
532 3359 699 3443 abrogandi
725 3372 828 3420 status
846 3359 1023 3440 popularis?
1058 3357 1176 3419 Nullus.
1211 3354 1317 3430 Quid?

57 3448 120 3504 277
145 3445 322 3517 Fueruntne
342 3444 488 3544 Olyntho
499 3445 647 3506 incolumi
665 3444 716 3504 alii
736 3447 860 3525 quidem
878 3446 991 3506 tales?
1011 3434 1180 3523 Equidem,
1198 3441 1319 3538 opinor
1338 3494 1341 3498 ,

142 3530 300 3612 Numquid
318 3531 466 3611 peristos
492 3531 584 3612 periit
603 3530 778 3615 Olynthus?
813 3533 892 3592 Non.
928 3531 1012 3606 Quid
1037 3530 1150 3612 igitur?
1185 3521 1315 3626 Megaris

142 3636 246 3676 nonne
265 3617 376 3696 putatis
396 3617 528 3696 aliquem
547 3617 641 3677 fnisse
667 3617 876 3699 peculatorem
896 3629 981 3676 etex
1007 3616 1123 3675 aerario
1148 3610 1315 3692 surripien-
1340 3668 1345 3676 ,

140 3703 224 3762 tem?
248 3701 326 3761 Non
344 3702 432 3762 aliter
449 3702 516 3763 fieri
534 3716 651 3783 potest,
669 3705 866 3784 palamque
846 3701 959 3762 sactum
978 3715 1030 3762 est.
1064 3699 1142 3778 Quis
1161 3698 1259 3782 igitur
1275 3693 1317 3755 ibi

141 3800 248 3848 auctor
265 3788 325 3847 luit
341 3809 454 3862 rerum,
473 3810 550 3869 qnae
568 3812 649 3850 nunc
668 3790 729 3850 illic
748 3789 943 3850 acciderunt?
969 3788 1068 3848 Nemo
1088 3786 1220 3846 horum.
1233 3782 1315 3860 Qua-

108 3898 120 3913 »
140 3874 213 3934 les
204 3874 297 3958 igitur
316 3875 417 3955 etqui
435 3887 516 3949 sunt,
536 3875 588 3976 q'ui
606 3887 689 3936 tanta
709 3887 740 3936 et
756 3876 828 3936 talia
845 3874 979 3937 facinora
998 3855 1185 3956 designent?
1203 3867 1268 3945 Qui
1284 3885 1315 3927 sc

41 3981 49 3993 ⁸
142 3960 252 4042 dignos
272 3981 337 4020 csse
355 3973 473 4041 putant,
492 3985 547 4041 qur
537 3961 698 4042 Philippi
711 3961 847 4043 hospites
867 3975 897 4021 et
915 3960 1003 4021 amici
994 3959 1230 4042 appellentur:
1249 3953 1315 4035 qui-

65 4056 67 4059 '
140 4045 200 4105 bus
216 4047 364 4107 exercitus
383 4061 414 4106 et
429 4069 544 4107 summa
560 4069 663 4110 rerum
677 4049 860 4129 creduntur:
879 4046 932 4126 qui
947 4068 1019 4131 prae
1037 4064 1070 4105 se
1085 4040 1315 4104 multitudinem

107 4190 109 4197 ,
140 4129 320 4213 despiciunt
356 4133 468 4192 Nonne
486 4133 616 4215 Megaris
635 4134 771 4194 Perilaus
794 4125 897 4215 nuper
917 4121 1002 4214 apud
1021 4143 1177 4192 trecentos
1198 4148 1315 4190 causam

80 4238 82 4242 ’
142 4218 237 4292 dixit,
263 4218 347 4299 quod
365 4221 402 4278 ad
421 4218 594 4300 Philippum
613 4219 778 4291 venisset,
789 4220 982 4279 Ptocodorus
1002 4231 1110 4279 antem
1135 4235 1315 4299 progressus

141 4326 197 4385 pro
216 4323 252 4377 eo
273 4306 451 4385 deprecatus
471 4317 533 4379 est,
561 4319 592 4365 et
609 4325 721 4386 genere
741 4317 773 4364 et
791 4303 900 4386 opibus
912 4318 950 4366 ct
974 4302 1156 4367 auctoritate
1175 4302 1314 4384 princeps

48 4387 49 4390 ’
82 4406 97 4442 A
129 4390 378 4476 Megarensium,
397 4411 532 4474 eumque
545 4392 584 4453 ad
602 4390 776 4472 Philippum
794 4390 934 4466 remisit,
946 4403 1018 4472 post
1035 4386 1320 4466 illeconductitios'
1344 4430 1348 4436 -
