2722 4754
244 220 248 228 ·
325 160 1099 287 nnusnsos‘sarsuocnaruu(„
1185 178 1333 282 ¹ass'

104 363 247 437 arienses,
265 377 313 425 e'st
331 364 485 447 legislator
502 361 621 422 auctori
638 361 731 422 huius
749 359 1014 421 senatusconsulti.
1056 358 1107 420 An
1123 379 1198 420 vero
1215 381 1279 421 non

106 447 239 514 crudele
256 460 312 522 est,
330 449 357 508 si
376 448 443 528 quis
461 447 538 521 hos,
553 446 668 526 quibus
686 446 736 525 lex
752 445 904 505 concessit
920 444 1027 528 (modo
1045 444 1221 507 interdictis·
1232 445 1280 505 lo·
1328 468 1331 475 ¹
1354 485 1360 511 ι,

106 533 153 594 cis
174 545 205 593 et
222 534 314 593 rebus
332 529 517 614 abstineant)
534 531 568 590 in
587 531 691 591 exsilio
710 551 815 590 secure
833 530 943 603 vivere,
963 531 1099 590 omnium
1117 530 1280 591 violentiae

107 616 266 698 expositos
286 638 351 677 esse
369 616 470 688 iubet,
490 615 853 693 et'veniaeclsmentiam
872 613 974 687 tollit,
990 637 1079 694 quam
1097 614 1279 678 calamitosis
1316 640 1319 646 ·

107 703 258 783 praestari
275 724 329 783 par
346 698 392 761 est
409 701 446 759 ab
466 700 531 775 his,
550 701 603 781 qui
622 715 704 760 extra
722 700 847 775 crimina
865 711 952 760 sunt:
971 720 1057 775 cum,
1076 702 1125 760 cui
1143 701 1280 762 omnium

86 786 162 847 ·illa
183 787 218 846 iu
235 800 318 849 tanta
335 807 438 848 rerum
456 786 625 845 futurarum
645 785 829 845 obscuritate
847 797 1037 857 reservetur,
1062 784 1213 846 incertum
1232 785 1279 846 sit
1302 846 1305 851 ,
1349 822 1352 829 -

107 872 201 931 Nunc
219 871 313 954 igitur
331 871 422 931 etiam
448 870 675 930 interfectorem
695 867 884 944 Charidemi,
906 889 1011 929 revera
1030 869 1056 927 si
1073 872 1167 931 modo
1185 872 1216 930 id
1234 871 1279 933 iu*-

107 968 194 1016 etnm
212 956 323 1031 fuerit,¹
337 956 363 1015 si
381 956 434 1034 qui
451 955 591 1015 vicissim·
602 953 885 1029 occiderint,·nacti
902 953 1120 1034 proscriptum,
1139 956 1278 1015 exsulan-
1301 951 1360 1012 402

44 1040 51 1049 “
107 1046 192 1115 tens,
217 1052 247 1101 e't
264 1061 340 1121 aqua
353 1032 390 1100 ¹et
407 1040 471 1122 igni
488 1040 701 1114 interdictum,
713 1063 793 1101 cum
811 1039 870 1120 ipsi
888 1038 1064 1119 capitalibus
1082 1037 1203 1099 iudiciis
1223 1040 1279 1100 ob-

108 1124 197 1185 noxii
216 1137 321 1199 erunt,
338 1138 404 1185 tum
422 1145 496 1186 vero
515 1137 549 1185 tu
568 1145 699 1205 quoque.
727 1125 867 1198 Etenim,
884 1123 918 1183 Si
936 1123 1007 1204 quis-
1020 1124 1053 1183 in
1072 1142 1159 1185 causa
1176 1124 1280 1198 fuerit,
1358 1178 1360 1185 .

66 1218 76 1227 ’“
107 1208 258 1290 scripturn
277 1223 331 1270 est.
347 1209 415 1269 Eris
434 1223 535 1270 autem
553 1210 585 1268 in
599 1231 701 1284 causa,
719 1209 780 1282 illa,
797 1227 875 1288 qnae
891 1209 924 1268 in
939 1209 1204 1269 senatusconsulto
1224 1220 1280 1283 est,

104 1314 201 1355 cansa
218 1294 415 1376 suppeditata.
451 1288 585 1354 Proinde
603 1293 657 1352 ubi
683 1294 848 1354 acciderint
865 1293 934 1366 illa,
961 1293 987 1352 si
1004 1314 1058 1371 yos
1078 1294 1279 1368 omiserimus,
1323 1370 1327 1377 x

103 1379 299 1461 pollutorum
317 1379 540 1439 consuetudine
556 1391 693 1438 utemur:
711 1378 759 1439 sin
773 1397 1001 1458 persequemur,
1020 1398 1064 1452 ea,
1083 1400 1160 1458 quae
1173 1380 1279 1439 decre-

76 1476 82 1482 ”
103 1464 226 1540 vimus,
241 1464 310 1545 ipsi
326 1463 499 1523 rescindere
527 1483 679 1547 cogemur.
722 1462 880 1541 Numquid
905 1461 1002 1543 igitur
1027 1485 1116 1544 parva
1134 1476 1187 1529 aut
1202 1464 1278 1525 levis

104 1569 201 1609 eausa
218 1561 273 1622 est,
290 1560 417 1630 propter
435 1570 523 1629 qnam
541 1569 595 1607 vos
615 1549 770 1608 decretum
785 1547 934 1630 ‚abrogare
953 1549 1097 1629 oportet?
1129 1549 1210 1632 Age,
1227 1567 1277 1610 re-

103 1631 171 1694 cita
192 1632 279 1701 etiam
297 1636 475 1714 sequentem
492 1633 598 1716 legem.

635 1785 749 1828 Lux.

200 1886 233 1946 Si
250 1888 317 1967 quis
336 1884 467 1968 aliquem
486 1887 685 1960 homicidam,
712 1886 765 1965 qui
784 1884 930 1957 excessit,
956 1882 1044 1946 cuius
1066 1884 1195 1967 pecunia
1212 1906 1277 1949 non

104 1971 315 2061 ignominiosa
333 1985 389 2046 est,
407 1972 486 2032 ultra
503 1972 650 2031 terminos
669 1970 797 2053 agitarit,
817 1971 941 2045 vexarit,
958 1971 1180 2053 spoliaveritve,
1198 1993 1275 2052 quo-

106 2077 234 2137 cunqne
251 2057 344 2117 modo
362 2057 395 2116 id
406 2057 480 2124 hat:
505 2058 631 2115 eandem
649 2056 792 2114 mulctam
811 2054 918 2128 debet,
937 2077 1044 2134 quam,
1061 2056 1088 2116 si
1106 2056 1142 2115 in
1158 2057 1275 2118 ditione

106 2154 216 2201 nostra
234 2142 345 2201 'eadem
363 2141 569 2201 commisisset
1192 2212 1195 2216 Δ

197 2225 265 2285 Alia
283 2225 373 2300 haec,
390 2225 611 2297 Athenienses,
634 2224 683 2283 lex
700 2236 745 2284 est
763 2225 891 2286 humana
910 2237 940 2285 et
958 2225 1059 2300 bona,
1076 2226 1276 2305 qnamistum

45 2336 48 2341 ·
107 2330 210 2390 aeque
226 2309 395 2393 neglexisse
413 2311 575 2391 apparebit
593 2308 625 2367 si
640 2309 716 2395 quis,
734 2310 843 2389 inquit,
861 2310 1044 2372 homicidam
1062 2310 1204 2390 aliquem,
1222 2312 1275 2391 qni

107 2395 255 2469 excessit,
273 2395 366 2456 cuius·
377 2396 504 2477 pecunia
523 2417 586 2455 non
605 2409 650 2455 est
667 2395 878 2478 ignominiosa.
920 2398 967 2456 De
985 2395 1032 2454 his
1049 2395 1203 2475 loquitur,
1222 2395 1276 2476 qni
1315 2460 1321 2471 Ι

108 2479 155 2541 ob
173 2481 295 2541 caedem
312 2479 467 2541 fortuitam
494 2494 656 2542 cesserunt
691 2482 779 2541 Unde
798 2483 829 2542 id
847 2480 1050 2562 perspicitur?
1085 2481 1195 2554 Quod,
1223 2479 1277 2559 qui

109 2566 259 2641 excessit,
276 2567 395 2647 inquit,
412 2587 494 2639 non,
518 2567 570 2645 qui
589 2567 719 2626 exsulat:
745 2568 828 2646 quod
846 2564 1024 2647 distinguit,
1043 2565 1127 2624 cuius
1146 2564 1276 2645 pecunia

37 2648 60 2671 '¹
94 2670 177 2721 ¹,netu
196 2663 242 2711 eat
257 2650 467 2734 ignominiosa.
502 2651 578 2710 Nam
597 2650 650 2729 qui
672 2651 812 2710 consulto
833 2651 953 2710 caedem
971 2648 1126 2721 fecerunt,
1153 2649 1276 2708 illorum
1315 2694 1318 2703 .

112 2754 311 2816 upesomnes
328 2735 528 2816 publicantur.
544 2736 590 2794 De
608 2734 741 2793 fortuitis
759 2735 853 2817 igitur
870 2731 1012 2793 caedibus
1030 2732 1174 2811 loquitur.
1193 2732 1276 2808 Quid

112 2832 214 2879 autern
232 2819 390 2900 loquitur?
414 2820 448 2877 Si
465 2819 543 2879 ultra
560 2819 734 2891 terminum,
751 2818 861 2896 inquit,
878 2817 1008 2899 agitarit,
1028 2817 1187 2890 vehaverit,
1205 2837 1276 2896 spo·

109 2902 284 2977 liaveritve,
302 2914 486 2984 quocunque
504 2904 596 2962 modo
614 2904 646 2962 id
663 2903 722 2961 fiat
757 2903 791 2961 ld
808 2922 881 2962 vero
901 2901 974 2982 quid
993 2913 1058 2974 est,
1075 2901 1154 2961 ultra
1171 2901 1275 2961 termi-

59 3015 64 3022 ·
110 2988 211 3049 num?
238 2989 402 3055 Terminus
419 3002 464 3048 est
481 2987 641 3047 homicidis
661 2986 814 3060 omnibus,
832 2985 984 3045 interlecti
1000 2986 1096 3066 patria
1113 2985 1309 3067 prohiberis
1353 2999 1356 3003 '

78 3098 89 3110 ··
109 3071 158 3131 Ex
177 3090 211 3130 es
229 3072 325 3153 igitur
341 3072 482 3132 concedit
497 3085 528 3130 et
544 3072 658 3152 pellere
678 3084 709 3131 et
727 3070 919 3151 depraedari:
936 3070 1015 3131 ultra
1032 3091 1116 3143 sero,¹
1134 3083 1276 3130 neutrum

105 3155 224 3215 borum
244 3157 391 3224 concedit
426 3156 480 3214 Sin
500 3155 567 3234 quis'
585 3155 698 3235 aliquid
715 3175 802 3214 secus
821 3155 945 3228 fecerit,
969 3156 1073 3214 eadem
1091 3175 1191 3234 poena
1208 3176 1277 3215 san·
1343 3210 1346 3215 .

111 3238 174 3312 xit,
192 3261 269 3323 qua,
286 3241 312 3300 si
330 3253 502 3300 manentem
520 3240 657 3298 laesisset
675 3240 776 3298 domi:
800 3239 870 3318 quia
888 3238 1025 3319 scripsit,
1042 3239 1150 3298 iisdem
1168 3239 1278 3313 teneri,

69 3393 72 3397 Ι
111 3322 236 3402 quibus,
254 3325 280 3383 si
295 3324 377 3383 domi
395 3325 543 3387 vviolasset.
563 3325 595 3382 Si
611 3323 677 3403 quis
695 3323 789 3404 igitur
798 3323 1018 3383 Aristocrttem
1030 3337 1119 3405 roget
1136 3323 1190 3406 (ne
1204 3344 1277 3384 vero
1346 3377 1349 3382 .

112 3406 249 3487 ineptam
275 3408 544 3489 interrogationem
563 3404 782 3489 esse-putate),
807 3419 910 3471 utrum
929 3407 1000 3467 satis
1017 3408 1109 3481 sciat,
1134 3409 1219 3481 iore,
1242 3420 1279 3468 ut

110 3491 221 3570 aliquis
241 3488 455 3552 Charidemum
479 3491 657 3567 interliciat,
682 3510 809 3552 anvero
827 3491 892 3572 ipse
910 3491 990 3551 diem
1015 3514 1104 3552 snum
1120 3493 1181 3552 alio
1200 3512 1277 3572 quo-

109 3575 192 3654 piam
210 3576 305 3636 modo
323 3577 363 3637 sit
381 3577 534 3637 obiturus:
553 3577 644 3651 hand,
662 3576 782 3657 opinor,
798 3597 831 3636 se
848 3576 925 3637 scire
943 3577 1031 3637 dicet
1054 3577 1206 3639 Ponamus
1223 3587 1276 3636 ant

106 3670 184 3732 tem,
202 3660 289 3734 lore,
307 3661 359 3740 qui
379 3683 446 3721 enm
464 3661 632 3741 interliciat.
676 3662 808 3722 Rursum
826 3661 966 3737 nostine,
984 3661 1089 3723 volens
1107 3683 1145 3721 an
1162 3662 1277 3722 invitus

108 3742 143 3802 id
162 3742 203 3803 sit
221 3744 374 3808 facturus?
402 3748 521 3825 Hospes
540 3768 578 3806 an
596 3765 669 3805 vero
689 3745 783 3806 civis?
801 3746 885 3813 Scire
903 3759 944 3821 te,
964 3747 1063 3809 dicere
1080 3747 1165 3807 nullo
1183 3746 1276 3805 modo
1323 3753 1331 3759 '

109 3839 210 3908 potes.
240 3829 374 3889 Proinde
392 3830 434 3890 sic
446 3831 583 3890 ‘scribere
602 3830 811 3905 conveniebat,
828 3831 980 3912 siquidem
998 3830 1124 3892 omnino
1142 3831 1275 3891 scribere

108 3913 305 3973 decreveras:
339 3914 373 3973 Si
392 3915 459 3994 quis
479 3914 642 3988 occiderit,
660 3915 772 3976 invitus
791 3928 843 3974 aut
860 3915 983 3990 volens,
1000 3917 1067 3976 iure
1086 3926 1137 3975 ant
1155 3914 1289 3987 iniuria„

107 3996 224 4077 hospes
243 4009 296 4058 aut
313 3997 401 4059 civis:
425 4011 461 4058 ut
478 4000 614 4079 quisquis
625 4011 686 4058 aut
702 4019 886 4080 quocunque
904 4002 997 4074 modo
1014 3996 1277 4060 facinus-commi-

91 4081 221 4154 κιίιιιιι,
244 4081 291 4141 illi
308 4082 373 4142 iura
390 4084 554 4144 constituta
571 4083 692 4165 legibus
708 4097 808 4164 parata
826 4098 942 4158 essent,
968 4098 1000 4145 et
1017 4105 1099 4156 non,
1124 4083 1275 4163 declarato

92 4164 238 4227 nomine
256 4166 362 4248 culpae
380 4169 619 4248 «comprehendi
637 4169 749 4229 liceat»
767 4168 945 4230 adscribere.
961 4168 1037 4228 Nam
1057 4187 1149 4249 quem
1162 4181 1197 4229 tn
1213 4180 1276 4228 ter-

38 4314 42 4327 ,
109 4250 229 4311 minum
248 4250 400 4332 reliquisti
417 4252 530 4333 scripto
548 4253 712 4326 isto‚.cum
729 4252 778 4315 lex
795 4254 953 4314 manifeste
970 4252 1128 4326 siccius,
1144 4253 1274 4325 nonul-
1297 4250 1359 4311 403

108 4336 325 4421 ιιιιεςιιιὶιιοι
343 4334 579 4420 exagitandum:¹
595 4351 629 4401 tu
646 4359 719 4400 vero
743 4339 947 4418 undecunque
965 4336 1135 4420 abripiendi
1151 4337 1275 4401 faculta-
