2722 4754
197 174 201 180 ⁵
281 191 1052 312 'onnosrnnnvsonvnrnmca-v.
1243 239 1262 292 ⁵
1324 216 1326 225 '

82 379 240 462 publicam
259 379 486 442 distribuerent
534 377 624 442 Un'de
643 382 734 445 etiam
753 382 791 442 ad
809 377 947 443 militiam
966 402 1075 466 segnes
1093 383 1166 445 sacti
1183 397 1274 467 sunta,

83 468 187 541 Quam
218 465 301 525 enim
326 466 487 547 pecuniam
513 466 587 527 olim
605 483 732 551 propter
749 468 994 550 expeditionese
1012 468 1137 549 publico
1155 470 1189 530 in
1207 471 1262 532 sti-

83 551 235 631 pendium
253 550 453 631 accipiebant,
478 570 544 611 eam
561 565 625 612 tum
645 554 678 617 in
695 553 875 635 spectaculis
894 566 924 616 et
942 553 1028 617 festis
1047 555 1131 614 domi
1146 554 1261 637 partie
1299 585 1302 590 ·
1323 593 1326 597 ·

85 637 208 695 bantur.
260 634 416 707 Nolebant
432 635 528 717 igitur
545 638 604 696 iarn
624 640 728 721 egredi
747 651 778 698 et
795 637 900 698 subire
916 639 1067 719 pericula,
1095 641 1150 700 sed
1169 655 1200 704 et
1217 641 1261 703 le.

85 742 161 803 gem
172 720 321 781 sciverant
336 721 373 780 de
386 720 527 781 theatrali
545 722 600 783 bac
611 724 752 805 pecunia,
764 744 846 804 quae
864 737 994 783 mortem
1012 725 1206 787 minitaretur
1223 727 1263 799 ei,

94 805 144 885 qui
167 818 259 864 autor
284 818 373 879 esset,
409 818 444 865 ut
467 827 502 866 ea
520 806 552 868 in
570 821 705 869 veterem
729 810 867 869 ordinem
886 824 1088 890 reponeretur
1111 813 1263 894 fieretque

90 889 236 952 militaris.
288 891 390 964 Quare
400 892 631 954 ‘Demosthenes
651 908 738 955 caute
757 895 835 954 hanc
853 894 975 954 consilii
992 900 1109 976 p‘artem
1128 897 1262 980 attingit,

84 994 183 1052 seque
200 974 265 1055 ipse
281 975 488 1058 interrogans:
513 979 601 1039 Tune
617 979 717 1052 iubes,
733 993 769 1040 ut
786 979 861 1041 haec
879 978 1017 1039 militaris
1034 978 1107 1042 fiat?
1131 1002 1260 1063 respon-

83 1059 154 1118 det:
174 1060 301 1120 Minime
319 1080 393 1121 vero
413 1062 563 1141 equidem.
587 1063 691 1145 Atque
711 1067 790 1138 haee
804 1067 841 1126 de
859 1064 1000 1127 theatrali
1017 1067 1155 1146 pecunia.
1187 1068 1261 1128 Dis-

80 1143 160 1202 serit
179 1156 271 1204 autor
283 1146 378 1207 etiarn
398 1146 436 1205 d'e
454 1146 578 1208 urbanis
597 1149 707 1231 copiis:
744 1150 817 1231 ipsis
836 1150 953 1217 civibus
973 1170 1038 1210 esse
1057 1151 1261 1226 militandum,
1304 1177 1309 1183 ·

81 1249 148 1287 uon
168 1228 261 1289 sicuti
279 1230 428 1305 solebant,
446 1252 502 1314 per
519 1234 630 1294 milites
646 1237 824 1318 peregrinos
844 1256 934 1316 opem
949 1234 1105 1297 ferendam
1124 1258 1260 1299 censens.
1310 1239 1316 1269 ⁸
1350 1239 1352 1247 ’

19 1370 23 1377 ,
81 1334 151 1372 eam
177 1315 260 1374 enim
278 1337 395 1378 causam
415 1337 481 1377 esse
500 1320 616 1392 asserit,
635 1342 754 1381 curres
773 1321 851 1381 male
869 1334 998 1403 geratur.
1082 1402 1084 1407 .
1181 1380 1186 1385 .
1233 1335 1239 1345 “

381 1490 957 1531 κ“··“···’”····“·’“”·“·ἰ

76 1609 241 1699 Arbitror
257 1660 319 1713 vos,
336 1638 555 1716 Athenienses,
581 1663 644 1701 eam
663 1642 812 1702 rationem
831 1648 958 1725 magnae
977 1628 1124 1721 pecuniae
1141 1643 1258 1724 praela·
1282 1658 1301 1710 7

78 1736 183 1796 turos,
196 1747 263 1803 ,qua
281 1720 458 1806 explicetur,
478 1727 553 1807 quid
571 1727 602 1786 in
620 1727 680 1786 hoe
698 1727 824 1809 negotio
844 1727 980 1787 futurum
999 1726 1039 1788 sit
1058 1746 1074 1784 e
1092 1727 1261 1807 republica,

77 1808 206 1886 dequo
226 1831 307 1871 nunc
325 1811 508 1872 deliberatis.
552 1812 654 1890 'Quod
679 1834 748 1871 cum
766 1813 807 1873 ita
826 1812 876 1885 sit,
893 1832 1023 1891 aequum
1043 1823 1100 1885 est,
1123 1824 1159 1871 ut
1175 1811 1259 1874 ultro
1319 1885 1321 1888 .

78 1906 110 1951 et
128 1893 276 1953 alacriter
294 1915 357 1970 eos,
375 1897 427 1976 qui
445 1896 607 1959 eonsilium
627 1897 697 1956 dare
716 1897 835 1966 volunt,
861 1896 997 1982 audiatis.
1038 1894 1147 1987 Neque
1167 1897 1260 1972 enim,

78 1976 104 2034 si
123 1977 204 2055 quid
224 1978 301 2037 utile
317 1981 485 2043 meditatus·
497 1981 605 2061 aliquis
624 1981 780 2054 attulerit,
804 1981 835 2040 id
855 1981 960 2044 andire
978 1980 1079 2040 solum
1101 1979 1258 2060 amplecti-

77 2083 151 2140 que·
167 2061 289 2123 licebit:
316 2066 370 2125 sed
394 2064 470 2126 illud
496 2064 585 2126 etiam
605 2080 720 2127 vestrae
739 2065 885 2127 fortunae·
901 2086 966 2128 esse
984 2078 1077 2146 puto,
1105 2077 1141 2124 ut
1163 2065 1259 2126 multa

78 2149 258 2228 opportuna
284 2142 367 2210 dictu
397 2151 500 2213 subito
525 2151 682 2211 nonnullis
708 2151 740 2209 in
763 2164 901 2212 mentem
916 2150 1047 2236 veniant.
1099 2148 1258 2225 Quamob-

78 2240 147 2291 rem
168 2254 205 2291 ex
223 2230 367 2297 omnibus
385 2235 474 2301 facile
495 2256 550 2297 vos
568 2236 654 2296 utilia
674 2236 815 2318 diligetis.
866 2237 1000 2316 Tempus
1025 2247 1108 2294 certe
1134 2232 1269 2314 quidem-

80 2317 153 2389 hoc,
171 2314 395 2392 Athenienses,
406 2333 525 2381 tantum
539 2342 602 2399 non
621 2321 700 2381 edita
714 2321 947 2401 voceloquitur,
965 2319 1191 2401 vobismetipsis
1210 2340 1259 2380 es-

79 2422 113 2460 se
135 2423 238 2462 curam
256 2400 359 2465 rerum
377 2403 497 2465 illarum
516 2405 749 2487 suscipiendam,
767 2406 793 2466 si
811 2408 905 2467 modo
925 2412 979 2466 eas'
993 2424 1174 2465 conservare
1194 2417 1259 2464 stu-

79 2486 213 2552 deatis,
236 2489 300 2549 Nos
318 2492 401 2555 vero
427 2489 532 2551 neseio
559 2492 715 2571 quomodo
743 2489 818 2550 mihi
845 2511 911 2550 esse
936 2490 1078 2549 videmur
1102 2508 1173 2571 erga
1191 2487 1259 2549 illas

79 2570 217 2631 animati.
241 2573 320 2634 Sunt
337 2588 450 2649 autem,
468 2575 642 2654 quaemihi
661 2575 784 2655 quidem
802 2575 973 2650 videantur,
990 2575 1079 2634 haec:
1099 2586 1130 2634 et
1147 2571 1258 2634 auxilia

15 2715 26 2725 ,
79 2655 142 2714 iam
163 2677 228 2729 esse
248 2648 456 2733 decernenda,
488 2673 519 2720 et
538 2680 627 2740 quam
648 2660 805 2720 celerrime
825 2681 891 2720 esse
909 2659 1113 2742 apparandum
1133 2658 1259 2732 bellum,

78 2753 120 2799 ut
138 2741 212 2801 binc
229 2764 315 2824 opem
333 2745 448 2817 feratis,
467 2758 498 2805 et
515 2765 579 2804 non
598 2745 678 2804 idem
697 2739 874 2821 admittatis,
891 2745 975 2823 quod
994 2743 1085 2803 etiam
1103 2743 1203 2823 prius:
1227 2754 1259 2804 et
1282 2755 1288 2759 '

78 2823 203 2906 legatos
225 2829 389 2890 mittendos
416 2820 492 2902 esse,
519 2830 572 2909 qui
588 2828 664 2888 haec
683 2829 785 2902 dicant
816 2826 846 2889 et
863 2827 1124 2904 rebuslintersint.
1180 2826 1258 2891 Nam
1306 2834 1313 2841 ”

77 2909 145 2970 boc
162 2913 289 2974 maxime
306 2914 477 2976 timendum
497 2927 559 2986 est,
580 2934 629 2987 ¹ne
647 2912 806 3005 Philippus
826 2899 881 2997 (ut
899 2926 946 2973 est
966 2912 1060 2972 homo
1080 2911 1207 2972 callidus
1226 2922 1257 2972 et

77 2994 112 3053 in
131 2994 224 3056 rebus
243 2999 384 3082 gerendis
403 2998 490 3083 acer)
508 2999 618 3080 partim
635 3000 845 3071 concedendo,
862 2999 916 3058 ubi
932 3019 980 3057 res
996 2999 1038 3057 ita
1052 2997 1169 3069 tulerit,
1187 3017 1256 3077 par-
1278 3036 1334 3076 .·.·

75 3079 136 3138 tim
158 3081 327 3144 minitando
359 3081 438 3168 (qua
457 3086 581 3166 quidem
599 3085 631 3144 in
649 3097 733 3164 parte
752 3105 815 3143 non
833 3082 986 3143 immerito
1004 3081 1050 3142 illi
1067 3082 1143 3141 fides
1154 3081 1256 3140 bahe-

33 3222 37 3227 .
78 3163 191 3250 bitur),
209 3169 316 3248 partim
331 3191 389 3230 nos
409 3183 440 3232 et
460 3169 628 3230 absentiam
646 3183 780 3232 nostram
800 3168 1000 3241 criminando,
1019 3167 1056 3226 de
1075 3186 1190 3226 summa
1206 3185 1256 3228 re·

78 3272 150 3309 rum
167 3251 347 3331 intervertat
365 3254 480 3338 aliquid
507 3268 537 3316 et
556 3256 593 3314 ad
612 3275 678 3314 sese
695 3253 864 3314 transferat
912 3257 1029 3313 Verum
1048 3251 1126 3316 illud
1143 3270 1256 3334 perop-

77 3349 216 3414 portune
234 3339 324 3414 cadit,
340 3336 557 3413 Athenienses,
574 3353 620 3413 ut,
639 3342 722 3420 quod
742 3360 860 3400 summo
878 3338 1013 3422 Bhilippi
1030 3336 1122 3397 rebus
1140 3334 1255 3418 praesi-

80 3420 134 3478 dio
155 3436 210 3495 est,
228 3423 310 3483 idem
328 3425 416 3491 vobis
435 3427 482 3486 vel
500 3425 694 3485 dtilissimum
716 3426 761 3485 sit.
785 3500 789 3509 Ι
811 3425 887 3483 Nam
907 3425 990 3504 quod
1010 3422 1035 3482 is
1053 3444 1134 3482 unus
1154 3419 1256 3480 omnia

81 3518 116 3565 et
135 3527 237 3568 arcana
256 3522 287 3570 et
304 3504 408 3591 aperta
425 3511 613 3582 moderatur,
637 3531 671 3570 ac
689 3509 780 3569 simul
799 3523 830 3570 et
848 3509 909 3568 dux
928 3521 983 3581 est,
1002 3519 1032 3568 et
1050 3506 1205 3580 dominus,
1224 3518 1256 3567 et
1300 3524 1302 3529 ·
1346 3530 1351 3535 ·

78 3605 235 3670 quaestor,
254 3594 368 3676 etipse
386 3595 502 3675 ubique
520 3597 607 3655 adest
625 3593 783 3656 exercitui:
802 3595 838 3654 ad
855 3614 904 3653 res
922 3592 1047 3654 bellicas
1066 3591 1207 3652 celeriter
1224 3603 1256 3651 et

76 3677 260 3759 tempestive
288 3681 493 3740 conficiendas
506 3680 648 3740 multum
677 3679 800 3760 quidem
826 3678 919 3739 valet:
939 3677 1015 3738 'sed
1040 3675 1255 3757 pacificationi,
1271 3694 1283 3717 ⁸

78 3783 173 3840 quam
194 3785 260 3823 cum
275 3763 436 3849 ‚Olynthiis
453 3764 552 3825 facere
572 3767 665 3846 cupit,
683 3767 864 3824 adversatur.
913 3765 1022 3847 Neque
1042 3762 1122 3821 enim
1142 3760 1262 3833 obsco-b

77 3868 148 3904 rum
169 3861 216 3908 est
229 3848 396 3934 Olynthiis,
414 3849 474 3910 boe
492 3851 540 3932 agi
558 3850 639 3910 bello
659 3847 722 3909 hon
743 3849 996 3909 existimationem
1015 3867 1099 3933 suem
1118 3858 1171 3906 aut
1188 3844 1257 3928 agri¹

9 3977 13 3993 ,
76 3945 217 4012 partem,
242 3936 296 3996 sed
319 3931 468 3996 ercidium
487 3936 600 4016 patriae
627 3949 657 3998 et
681 3935 866 3995 servitutem.
889 3947 1004 3996 norunt
1034 3932 1141 4004 etiam,
1168 3951 1252 4011 quo·
1275 3941 1313 4007 8Ι

76 4018 175 4076 modo
196 4018 498 4102 cum¹Amphipolitis
518 4021 630 4103 egerit,
659 4021 712 4100 qui
728 4019 833 4084 urbem
855 4020 883 4080 ei
900 4020 1100 4088 dediderunt,
1134 4029 1251 4078 etcum

75 4101 251 4185 Pydnaeis,
282 4105 336 4185 qui
352 4105 430 4166 urbe
447 4106 636 4186 receperunt
689 4104 832 4185 Denique
853 4106 1007 4190 tyrannis,
1041 4122 1107 4162 mea
1127 4100 1249 4181 quidem

75 4189 243 4264 sententia,
274 4189 475 4272 Respublicae
494 4190 570 4251 nibil
590 4190 701 4258 babere
719 4191 791 4251 fidei
811 4190 933 4262 debent,
959 4188 1136 4270 praesertim
1153 4185 1250 4268 finiti-

76 4273 145 4333 mis.
184 4275 269 4349 Quae
288 4275 414 4336 comita
433 4286 498 4336 esse
515 4275 703 4360 intelligatis,
720 4273 936 4350 Athenienses,
955 4289 1082 4349 caetera,
1100 4291 1177 4352 quae
1196 4272 1249 4331 dc-

76 4361 292 4434 centomnia,
322 4359 588 4444 vobis‘cogitanda
607 4383 673 4423 esse
691 4360 826 4430 affirmo,
842 4375 893 4422 .ut
910 4360 1009 4422 velitis
1028 4373 1060 4420 et
1078 4355 1250 4420 excitemini
