2722 4754
234 240 238 247 ¹
441 120 1010 257 intruso-summus..)
1142 117 1145 125 ’
1215 164 1276 219 aaa

91 315 233 376 crimina
253 315 419 388 obieceris,
442 312 631 389 conandum,
655 325 694 384 ut¹
707 313 773 385 sine
792 312 907 373 iudicio
923 310 1106 387 absolvaris,
1131 325 1185 375 aut
1199 332 1275 393 poe-
1341 356 1345 363 .

92 422 155 463 naa
177 399 281 484 infligi
298 400 374 474 tibi,
392 419 479 483 aegre
497 394 675 461 ferendum:
698 399 753 464 sed
776 410 846 459 ante
865 397 1032 458 cavendum
1051 388 1113 473 est,
1129 417 1168 458 ne
1185 408 1275 480 petu—
1335 416 1337 419 ’

91 485 203 547 lanter
220 485 385 567 quiequam
403 483 579 545 committas.
598 485 681 560 Quas
698 483 793 567 igitur
810 483 934 544 iniurias
951 477 982 543 lt
998 482 1195 564 contumelias
1208 494 1275 544 tuna

96 590 238 652 corpore
255 591 345 643 meo,
368 579 443 630 'tum
468 567 501 627 in
519 568 671 630 aedilitate
687 582 865 650 perpessus,
901 567 1012 648 quibus
1031 582 1062 630 et
1080 591 1170 650 quam
1187 567 1276 630 variia

98 656 225 719 insidiis
243 655 416 737 appetitus,
440 652 553 735 quibua
571 655 655 715 malis
676 666 817 737 oneratus
828 696 837 728 ,
849 652 984 718 'tandem
1003 655 1165 732 eraserim,
1190 652 1275 716 audi-

98 742 208 816 vistis,
226 740 450 812 Athenienses,
467 761 649 820 quamquam
667 740 761 800 multa
778 737 936 821 praeteriit·
959 759 1016 807 nec
1035 740 1116 799 enim
1135 738 1276 822 explicari

96 827 193 889 facile
209 825 346 897 fortassis
366 824 469 886 omnia
487 836 606 905 queant
624 824 699 909 =Sic
715 837 817 886 autem
835 845 868 885 se
885 845 934 884 res
951 822 1050 886 habet
1086 824 1212 886 Nullum
1231 837 1277 886 eat
1314 878 1325 899 ,,

99 911 274 975 facinorum
293 910 448 984 omnium,
477 908 560 990 quod
578 909 615 969 ad
634 933 681 972 me
699 910 799 972 solum
818 908 951 971 attineat
993 909 1076 986 Nanu
1088 908 1121 969 in
1139 909 1195 984 iis,
1221 929 1277 992 per

101 1018 183 1079 quae
200 995 312 1057 chorus
330 994 460 1074 violatus
480 1007 541 1068 est,
565 994 663 1056 tribus
682 1009 803 1071 nostra,
821 994 937 1056 decima
954 1006 1088 1055 vestrum
1105 1015 1191 1075 pars,
1215 1017 1276 1057 uua
1327 1032 1329 1037 ·

102 1094 152 1145 eat
169 1081 296 1144 violata:
330 1079 448 1141 iniuriis
470 1092 500 1142 et
517 1079 635 1147 insidiis
655 1081 731 1141 mihi
748 1081 833 1144 factis
852 1081 953 1165 leges,
968 1100 1105 1160 :quarum
1124 1064 1276 1160 praesidio
1343 1082 1345 1086 ’

100 1166 316 1248 unusquisque
334 1171 468 1227 uestrum
486 1166 585 1227 salvus
605 1178 665 1227 est:
683 1181 804 1250 praeter
818 1166 892 1227 haec
910 1165 1011 1239 omnia
1029 1185 1102 1227 vero
1121 1165 1202 1233 deus¹
1214 1164 1277 1240 ille,

101 1253 192 1315 cuius
212 1272 269 1335 ego
288 1251 395 1329 aedilis
414 1273 512 1326 eram,
531 1263 562 1312 et
576 1251 752 1334 religionis,
770 1271 970 1334 quaecunque
988 1250 1040 1312 illa
1058 1262 1119 1325 est,
1136 1250 1283 1313 maiestas,

103 1351 141 1411 et
156 1336 293 1399 divinitas
319 1360 380 1399 una
399 1337 479 1399 laesa
497 1349 551 1397 est
585 1337 684 1398 Decet
700 1339 711 1397 i
733 1338 884 1412 itureos,
910 1338 964 1418 qui
980 1357 1037 1418 pro
1056 1337 1213 1399 atrocitate
1231 1335 1276 1396 fa·
1338 1382 1343 1389 .

106 1425 243 1489 cinerum
260 1423 299 1483 de
318 1423 378 1494 isto
396 1442 510 1504 poenas
529 1441 650 1483 sumere
668 1361 792 1497 volunt,
810 1443 875 1483 non
893 1422 935 1484 ita
952 1423 1046 1483 modo
1065 1421 1170 1496 irasci,
1189 1420 1276 1501 quasi

102 1507 249 1571 denubit
266 1520 386 1575 tantum
410 1521 530 1591 agatur:
555 1508 610 1567 sed
634 1509 720 1589 quasi
746 1507 850 1569 eadem
877 1516 969 1590 o‘pera
992 1508 1075 1590 leges
1101 1519 1131 1568 et
1149 1507 1224 1570 deus
1244 1519 1277 1567 et
1297 1518 1345 1575 ,ιιι

97 1592 273 1676 respublica
291 1606 323 1653 et
341 1615 412 1676 ego,
432 1614 538 1657 omnes
556 1594 689 1674 denique
708 1592 812 1656 violati
829 1593 936 1669 simus,
958 1593 1002 1654 sic
1020 1592 1140 1675 exigere
1159 1590 1275 1674 suppli-

98 1679 193 1741 cium.
225 1678 326 1741 latius
344 1700 437 1761 porro
457 1679 612 1741 adiutores
638 1692 679 1745 et¹
692 1679 855 1741 advocatos
878 1700 942 1740 non
960 1691 1104 1760 patronos
1124 1698 1190 1738 esse
1208 1689 1276 1737 tan·

96 1777 182 1845 tprm,
197 1764 251 1827 red
266 1763 484 1847 approbatores
504 1764 595 1825 etiam
612 1763 782 1824 facinorum
800 1763 887 1824 istius
907 1763 1125 1825 existimabitis.
1144 1762 1277 1839 Quodsi,

99 1849 325 1923 Athenienses,
348 1849 484 1909 sobrium
504 1862 536 1910 et
553 1849 742 1909 moderatum
762 1868 833 1932 erga
851 1849 934 1910 alios
945 1850 1052 1910 Midias
1070 1869 1103 1910 se
1121 1848 1276 1931 gessisset,

97 1957 209 2016 neque
220 1934 412 2015 reliquorum
430 1935 541 1997 civium
559 1932 663 2012 ultum
676 1933 830 2008 laesisset,
853 1948 944 2014 atque
962 1935 995 1994 in
1013 1955 1061 2018 me
1079 1933 1179 1994 solum
1197 1934 1275 1995 adeo

95 2020 244 2102 petulans
254 2032 284 2081 et
297 2019 450 2085 uiolentus
465 2018 644 2097 exstitisset:
657 2019 789 2100 primum
804 2019 947 2099 equidem
958 2021 989 2089 id
1001 2018 1174 2080 infelicitati
1190 2039 1275 2098 meae

94 2103 289 2178 uihuiaaem,
308 2105 417 2175 deinde
434 2125 565 2178 vererer,
583 2127 622 2165 ne
637 2104 706 2181 iste,
723 2105 858 2184 reliquae
876 2126 950 2166 suae
967 2104 1045 2165 vitae
1064 2102 1274 2164 moderatione

97 2203 132 2251 et
147 2189 501 2264 humanitateostensa,
527 2208 620 2255 ea¹re
641 2189 673 2248 id
698 2202 953 2271 consequeretur,
980 2201 1017 2250 ut
1038 2189 1163 2270 impune
1181 2188 1276 2250 ferret

55 2318 81 2349 ,
96 2272 229 2355 iniuriae
246 2275 322 2335 mihi
342 2275 441 2336 factas.
465 2276 556 2336 Nunc
572 2287 621 2336 tot
639 2274 704 2337 eius
724 2288 842 2350 exstant
858 2275 891 2334 iu
909 2274 1021 2335 multos
1041 2286 1175 2335 vestrum
1194 2273 1276 2335 edita

93 2360 235 2433 facinora
247 2373 280 2422 et
289 2360 370 2434 talia,
385 2373 431 2435 ut,
446 2359 725 2431 hac-sollicitudine
739 2360 897 2433 liberatus,
910 2373 1015 2420 contra
1031 2359 1125 2442 magis
1143 2359 1276 2432 timeam,

96 2466 152 2519 ne,
169 2444 226 2507 ubi
243 2444 418 2519 audieritis,
435 2445 510 2507 alios
529 2445 566 2506 ab
587 2466 624 2504 eo
642 2445 737 2507 multa
755 2458 786 2507 et
803 2447 916 2507 atrocia
935 2467 1001 2506 esse
1018 2465 1191 2527 perpessos,
1207 2444 1275 2505 talis

95 2531 203 2610 aliqua
215 2530 364 2614 cogitatio
380 2530 468 2591 vobis
483 2530 612 2591 lucidata
630 2529 763 2609 Quidtu
777 2531 881 2615 igitur,
899 2553 963 2592 non
978 2518 1168 2614 gravioribus
1185 2526 1280 2614 qua'ttt¹

96 2615 155 2677 alii
171 2615 303 2685 affectus,
319 2616 456 2690 iniuriis,
478 2614 664 2699 indignaris?
692 2615 803 2677 Omnia
821 2617 943 2697 quidem
962 2615 1056 2677 istius·
1068 2615 1203 2678 facinora
1220 2635 1276 2675 ne·

101 2723 167 2782 que
185 2722 241 2785 ego
261 2701 348 2761 vobis
365 2722 517 2783 exponere
534 2723 653 2781 queam,
670 2722 772 2783 neque
786 2724 840 2762 vos
859 2703 1008 2762 audienda
1027 2701 1187 2763 censeatis:
1206 2721 1275 2761 nam

100 2786 224 2848 tametsi
239 2786 330 2848 nobis
349 2808 432 2866 aqua¹
443 2785 618 2869 geminetu'r
636 2799 667 2848 et
684 2787 771 2848 istius
792 2788 830 2847 ad
849 2808 926 2863 eam,
944 2809 1020 2867 quae
1040 2785 1115 2846 mihi
1134 2787 1202 2858 data
1220 2796 1277 2859 est,
1294 2827 1298 2837 ·

96 2872 249 2945 addatur,
270 2885 454 2946 nontamen
472 2871 634 2932 sufficeret
670 2873 758 2948 Quae
776 2894 848 2935 vero
867 2871 997 2932 maxima
1012 2883 1085 2933 sunt
1103 2882 1133 2931 et
1151 2870 1275 2934 etideu'-

94 2956 227 3034 tiaaima,
244 2956 318 3018 haec
332 2957 440 3031 dicam,
457 2957 505 3018 vel
522 2956 598 3017 illud
613 2958 716 3038 potius
732 2957 854 3018 faciam:
872 2957 969 3039 legam
989 2956 1087 3031 uobis,
1105 2977 1182 3038 quos
1201 2954 1277 3016 niti

96 3040 317 3123 ipsi'confeci,
341 3063 446 3102 omnes
473 3044 715 3105 commentarios.
750 3043 856 3104 Dicam
874 3064 948 3103 vero
966 3042 1097 3124 primum
1119 3041 1166 3115 id,
1192 3041 1277 3122 quod

98 3126 190 3188 uoltis
207 3127 311 3199 audire
338 3126 502 3211 placuerit:
531 3127 674 3211 deinceps
702 3128 831 3189 alterum
858 3141 889 3188 et
905 3127 1151 3209 reliqnaeodem
1170 3126 1276 3200 modo,

102 3213 204 3292 quoad
221 3211 327 3273 audire
346 3212 513 3281 volueritis.
532 3212 612 3273 Sunt
627 3226 730 3274 autem
747 3214 862 3275 scelera
880 3214 980 3279 omnis
998 3213 1128 3298 generis,
1146 3205 1275 3273 iniuriie

94 3298 367 3379 contumeliaeque
395 3299 524 3373 multae,
548 3298 582 3358 in
598 3297 758 3360 familiares
785 3299 948 3374 maleficia,
971 3299 1132 3361 commissa
1149 3298 1182 3359 in
1199 3299 1275 3359 deos

99 3382 236 3464 piacula:
254 3405 355 3464 neque
373 3384 459 3445 locus
475 3385 558 3447 ullus
572 3396 633 3460 est,
652 3385 684 3447 in
701 3406 763 3466 quo
778 3384 871 3446 istum
886 3408 949 3447 non
967 3398 1065 3447 morte
1082 3385 1173 3466 digna
1191 3404 1274 3444 com·
1337 3391 1341 3395 '

101 3467 220 3530 miritae
238 3470 333 3530 multa
351 3469 507 3533 inventuri
523 3468 596 3537 sitis.
652 3521 661 3529 .
723 3486 726 3491 ’
883 3488 887 3493 ‘

287 3610 598 3669 coum'nttruatt
635 3604 886 3670 arumnicum
922 3624 1090 3671 Mintur

187 3724 288 3800 Quam
306 3725 402 3787 multa
420 3725 530 3808 igitur,
554 3725 776 3811 Athenienses,
805 3742 955 3812 perpetuo
973 3729 1005 3790 in
1024 3726 1148 3791 obvium
1167 3746 1272 3806 qoem-

97 3827 161 3891 que
179 3810 379 3884 commiserit,
396 3811 471 3873 haec
488 3826 562 3873 sunt
578 3812 696 3895 aliaque
714 3813 829 3888 multa,
847 3837 924 3896 qnae
942 3812 1100 3897 praeterii:
1117 3832 1173 3875 nec
1191 3809 1272 3869 euim

96 3893 196 3955 semel
214 3894 374 3978 quisquam
392 3899 506 3960 referre
526 3911 618 3980 queat
636 3920 687 3973 ea,
724 3922 801 3981 quae
825 3900 882 3962 iste
901 3901 1074 3982 petulanter
1086 3909 1181 3976 atque
1199 3894 1272 3955 assi-

65 4010 72 4015 ·
98 3979 161 4040 due
178 3978 276 4066 longo
294 3983 390 4045 totius
408 3982 487 4043 vitae
505 3995 643 4066 tempore
661 3987 852 4067 perpetravit
887 3987 944 4047 Est
965 3999 996 4048 et
1013 4004 1123 4067 operae
1141 3980 1274 4062 pretium

54 4105 62 4111 -
96 4064 222 4139 videre,
249 4080 379 4148 quantos
404 4067 463 4129 iam
487 4070 604 4131 animos
629 4069 657 4129 ei
680 4071 787 4133 fecerit
810 4072 920 4134 horum
943 4070 1112 4133 facinorum
1138 4065 1275 4139 omnium

97 4148 276 4232 impunitas.
302 4152 369 4214 Nec
386 4153 467 4215 enim
486 4156 620 4238 putavit,
637 4164 673 4217 ut
690 4157 765 4219 mihi
783 4158 918 4232 videtur,
937 4157 1070 4228 illustre,
1086 4165 1141 4237 aut
1156 4151 1273 4225 animo-

97 4256 187 4311 sum,
206 4252 260 4301 aut
276 4252 375 4300 morte
394 4239 521 4322 dignum
540 4263 624 4323 esse,
643 4243 789 4325 quicquid
807 4267 887 4305 unus
905 4242 1013 4322 aliquis
1031 4262 1100 4301 cum
1118 4259 1182 4299 uno
1202 4257 1273 4320 ege-

96 4319 157 4385 rite
175 4325 241 4397 sed,
257 4323 318 4385 nisi
335 4337 429 4387 totam
448 4327 561 4406 tribum
580 4341 613 4393 et
629 4342 767 4391 senatum
787 4344 817 4391 ct
834 4341 955 4410 gentem
974 4324 1093 4408 probris
1112 4322 1275 4394 affecisset,
1298 4319 1345 4405 355
