2722 4754
109 193 203 282 sa:
247 168 250 175 ’
321 190 324 200 ‘
383 149 784 255 *oa-uosrnnms
820 187 1015 293 onemo
1065 151 1075 223 ἱ

137 344 266 429 grassari
284 345 326 406 eis
346 345 441 405 liceat
485 338 662 417 Praeterea,
688 345 715 404 si
732 339 1163 404 Charidemushostissdhuc
1182 336 1318 399 nocuis--

50 464 53 479 =
137 443 209 504 set,
227 443 387 511 postquam
405 449 478 489 vero
501 430 614 489 amicus
631 430 728 489 videri
745 430 828 503 vult,
851 441 984 489 mutatus
1004 439 1098 486 esset:
1124 418 1227 486 audiri
1247 423 1314 483 for-

136 515 223 577 tassis
242 515 317 575 baec
333 513 512 595 potuissent
548 515 608 596 Sed
628 514 698 595 qnia
716 529 815 573 se‘res
832 535 896 573 non
915 513 956 573 ita
973 512 1065 571 habet
1085 509 1169 595 (nam
1189 531 1228 571 ex
1248 529 1314 594 quo

135 621 168 662 se
193 599 281 662 vobis
304 600 433 659 amicum
457 621 522 660 esse
546 599 684 671 simulat,
707 616 747 658 er
773 618 810 658 eo
834 619 888 659 vos
906 597 1082 678 saepissime
1102 592 1258 677 decepit),
1285 593 1316 655 si

135 706 199 746 non
217 692 343 765 propter
360 679 411 744 ill'a
429 698 475 745 est
494 685 566 745 odio
584 684 832 764 prosequendus,
865 681 1082 763 propterhaec
1101 695 1205 742 umen
1224 679 1315 741 nulla

135 770 165 831 ei
181 770 257 829 fides
277 782 323 829 est
340 769 485 831 habenda.
528 772 589 828 lam
609 769 691 846 quod
716 770 752 827 ad
765 767 954 827 ,iniuriarum
977 765 1168 839 oblivionem,
1184 765 1314 840 attinet,

134 855 183 917 ric
190 855 397 937 respondeo:
416 855 468 934 qui
486 846 618 913 docendi
636 874 725 913 causa
743 853 813 915 talia
829 852 994 925 examinat,
1024 851 1226 932 implacabilis
1246 862 1314 911 est:

52 964 58 973 ”
134 943 189 1022 qui
212 960 302 1013 vero,
327 952 364 999 ut
384 961 423 999 ne
448 938 521 1019 quid
547 939 619 1018 ipse.
634 936 705 996 mali
728 938 874 1018 patiatur,
902 936 1080 1018 praecavere
1103 938 1225 1008 studet,
1251 933 1313 995 viri

49 1012 60 1105 ἠ
131 1025 292 1108 prudentis
308 1023 411 1084 officio
429 1023 574 1105 fungitur.
589 1022 740 1103 Fortassis
758 1022 967 1101 autemtalem
986 1023 1136 1101 quandam
1154 1019 1311 1102 suspicio-

132 1131 203 1172 nem
227 1110 401 1191 proferent:
426 1129 482 1168 nos
507 1108 605 1168 virum
628 1107 733 1181 illum,
760 1120 894 1167 nostram
920 1106 1082 1166 amicitiam
1104 1107 1312 1168 vehementer

57 1220 61 1226 ·
132 1208 324 1277 expetentem
344 1206 375 1255 et
390 1193 696 1274 deuepublica'bene
713 1192 848 1272 merendi
866 1192 1048 1265 studiosum,
1066 1192 1240 1266 affectatos
1248 1191 1310 1253 tri-

63 1342 64 1346 ,
132 1280 214 1341 stitia
233 1281 355 1340 decreto
373 1279 537 1361 abrogato,
561 1292 592 1339 et
610 1277 790 1352 effecturos,
810 1290 846 1337 ut
862 1277 940 1337 male
959 1277 997 1337 de
1015 1275 1104 1344 nobis
1123 1276 1309 1358 suspicetur.

132 1366 267 1438 Audite,
286 1384 419 1444 quaeso,
436 1362 660 1438 Athenienses,
679 1363 753 1442 quid
771 1383 805 1422 ea
824 1363 861 1422 de
879 1383 913 1422 re
932 1382 991 1443 ego
1009 1361 1146 1423 sentiam.
1179 1361 1216 1423 Si
1234 1379 1311 1421 vere

132 1463 166 1511 et
178 1450 257 1510 'citra
275 1449 376 1509 fucum
395 1449 485 1508 nobis
504 1449 616 1510 amicus
636 1461 732 1518 esset,
764 1448 827 1508 imo
851 1447 877 1506 si
896 1440 1012 1507 summa
1028 1446 1061 1505 in
1078 1467 1136 1509 nos
1154 1445 1311 1507 beneficia

74 1564 78 1579 ··
132 1529 298 1595 collaturus
318 1546 414 1609 esset,
440 1555 479 1594 ne
504 1534 548 1595 sie
572 1534 697 1614 quidem
720 1532 808 1593 istam
827 1533 996 1593 orationem
1015 1530 1206 1592 audiendam
1217 1543 1309 1612 puta-

43 1627 46 1631 ’
131 1640 210 1681 rem:
243 1639 307 1678 non
326 1619 406 1679 enim
425 1619 581 1693 existimo,
605 1619 703 1690 ullum
721 1618 900 1698 cuiusquam
917 1630 1035 1678 tantum
1055 1637 1122 1677 esse
1139 1637 1233 1698 posse
1251 1614 1307 1676 be'-

130 1704 292 1778 nelicium,
317 1716 443 1788 propter
461 1725 552 1784 quem
570 1703 610 1763 sit
632 1703 828 1763 iurisiurandi
851 1701 992 1764 violanda
1009 1701 1137 1784 religio,
1155 1715 1189 1763 et
1206 1701 1305 1776 aliter,

128 1811 223 1870 ‚quam
241 1784 354 1848 iustuin
372 1789 527 1861 videatur,
544 1786 820 1869 pronuntiandum(
838 1784 916 1866 Cum
933 1808 1006 1848 vero
1026 1800 1164 1861 constet,
1184 1807 1257 1851 cun
1273 1800 1306 1848 et

62 1926 69 1935 r
131 1874 332 1955 impostorem
355 1893 421 1932 esse
446 1886 476 1933 et
499 1873 729 1948 simulatorem,
754 1873 893 1954 nihilque
918 1874 1029 1933 sinceri
1054 1873 1186 1955 agitare,
1213 1871 1307 1932 alter-

51 1976 54 1981 ·
127 1958 234 2019 'utrum
262 1979 279 2017 e
304 1958 559 2018 condemnatione
584 1959 698 2020 decreti
722 1959 916 2019 commodum
939 1957 1128 2040 percipietis:
1153 1979 1224 2019 nam
1251 1968 1307 2017 aut

46 2045 107 2107 436
132 2044 330 2134 imposturam
348 2042 450 2102 facere
464 2043 599 2116 desinet,
616 2043 671 2103 ubi
688 2064 721 2104 se
739 2045 861 2103 tandem
879 2044 1024 2126 cognosci
1044 2042 1172 2117 viderit:
1187 2054 1257 2116 a'ut,
1276 2041 1306 2103 si

130 2141 261 2190 vestram
279 2123 533 2188 necessitudinem
552 2148 588 2188 ex
605 2122 705 2188 adimo
725 2142 756 2189 et
773 2128 846 2188 citra
862 2128 1000 2190 fraudem
1015 2129 1176 2202 desiderat,
1192 2147 1303 2188 venam

130 2212 255 2294 aliquod
273 2211 306 2277 in
324 2233 378 2272 vos
397 2212 580 2273 beneficium
597 2213 750 2287 conferet,
767 2212 822 2273 ubi
839 2214 966 2288 viderit,
984 2235 1016 2274 se
1034 2213 1228 2274 simulatione
1248 2233 1306 2273 sua

100 2332 102 2341 κ
129 2297 207 2356 nihil
232 2295 447 2377 profecturum.
491 2298 714 2372 Quamobrem,
739 2298 765 2357 si
788 2296 863 2358 uon'
877 2299 918 2359 ob
943 2299 1227 2378 aliudquicquam,
1254 2297 1306 2357 vel

128 2393 256 2464 propter
272 2379 331 2440 hoc
358 2382 528 2442 tollendum
554 2380 670 2443 fuerit‘
699 2382 817 2463 Operae
832 2385 963 2465 pretium
981 2405 1074 2466 porro
1100 2384 1177 2456 erit,
1203 2376 1306 2443 hehe-

9 2464 11 2471 ’
53 2531 56 2534 ,
124 2467 268 2538 aienses,
283 2465 361 2525 illud
379 2487 504 2546 quoque
521 2467 730 2543 considerare,
747 2490 837 2564 quam
854 2469 1005 2531 rationem
1022 2470 1054 2529 iu
1072 2469 1180 2530 dandis
1199 2467 1305 2529 hono-

44 2578 52 2589 ·
127 2550 213 2611 ribus
228 2563 258 2610 et
268 2551 409 2630 praemiis
425 2552 524 2612 nostri
540 2553 669 2612 maiores
687 2553 749 2614 sint
762 2553 870 2627 secuti,
887 2554 954 2614 sive¹
969 2554 1020 2627 illa
1034 2554 1067 2613 in
1081 2555 1172 2628 cives,
1190 2553 1256 2615 sivo
1270 2552 1305 2613 iu

106 2634 265 2714 0hospites
289 2655 322 2694 re
344 2656 418 2696 vera
447 2636 526 2697 bene
554 2638 680 2698 meritos
713 2638 945 2717 conferrentur.v
975 2640 1094 2715 Quare
1116 2639 1303 2701 sirvideritie

126 2720 197 2781 illos
222 2720 317 2799 fuisse
339 2721 453 2781 rectius
472 2742 561 2795 usos,
586 2723 769 2784 imitarieos
786 2724 966 2805 perfuerit:
990 2724 1038 2785 siu
1056 2723 1304 2798 vos„ar'bitratu

89 2836 92 2842 ²
127 2818 228 2866 vestro
247 2804 350 2889 agetis.
385 2807 521 2866 Primum
538 2807 635 2890 igitur
650 2807 903 2885 Themistoclem,
928 2810 983 2889 qui
1000 2810 1098 2870 navali
1115 2811 1154 2870 ad
1172 2803 1302 2882 Salami-

126 2911 198 2950 nem
215 2889 335 2971 proelio
353 2891 481 2965 vicerat,
507 2905 539 2952 et
556 2892 741 2966 Miltiadem,
759 2893 964 2954 Marathonide
982 2916 1103 2978 pugnae
1122 2895 1301 2969 ducem.,·et

126 2973 278 3053 reliquos,
297 2975 350 3054 qui
368 2975 460 3058 longe
478 2977 607 3050 maiora,
625 2999 715 3057 quam
732 2978 784 3041 isti
800 2979 900 3038 nostri
917 2980 1026 3053 duces,
1044 2992 1216 3062 gesserant,
1233 2998 1300 3041 non

125 3058 229 3123 aereis'
241 3059 347 3120 statuis
367 3052 568 3135 decorabant,
586 3082 687 3140 neque
705 3063 867 3123 immodice
886 3064 1072 3125 deamabant
1114 3065 1185 3126 Non
1198 3063 1304 3147 ,igitur

100 3154 105 3165 '
126 3143 165 3209 de
183 3163 216 3203 se
235 3143 313 3204 bene
331 3145 447 3206 meritis
465 3147 591 3229 gratiam
610 3146 782 3209 habebant?
809 3148 856 3208 Ac
874 3150 1174 3232 magnamquidem,
1200 3149 1302 3211 Athe-

125 3227 267 3302 nienses,
285 3241 324 3302 ‘et
346 3231 520 3292 referebant
536 3245 602 3291 tum
625 3254 676 3307 se,
701 3246 766 3311 turn
785 3233 844 3294 illis
863 3235 993 3316 dignam.
1037 3234 1117 3310 Qui,
1142 3244 1214 3294 ‘cum
1235 3232 1302 3314 ipsi

125 3333 233 3373 omnes
257 3328 445 3394 praestantes
471 3316 529 3376 viri
556 3331 674 3391 essent,
703 3317 771 3379 illos
798 3318 857 3378 sibi
882 3319 1064 3402 delegerunt
1087 3319 1301 3400 imperatores,
1337 3381 1341 3386 ,

16 3432 18 3437 -
124 3398 275 3478 praelatos
300 3401 434 3461 caeteris.
476 3401 532 3462 Est
555 3415 657 3462 autem
681 3404 845 3465 moderatis
871 3404 1058 3471 bominibus·
1072 3417 1103 3464 et
1126 3425 1189 3465 rem
1212 3416 1302 3465 recta

124 3481 175 3543 vi'a
196 3483 409 3563 reputantibus
433 3485 526 3568 longe
548 3487 645 3547 maior
668 3487 782 3562 honos,
807 3482 1025 3570 praestantium
1049 3490 1184 3550 virorm
1208 3509 1301 3569 prae·

83 3583 85 3591 ”
123 3567 343 3630 :tantissimum
358 3590 427 3656 'esse
445 3570 622 3644 iudicatum,
641 3595 731 3652 quam
748 3569 840 3634 :aereax
852 3587 952 3636 statua
970 3596 1037 3635 esse
1055 3575 1164 3658 possit,
1185 3573 1301 3655 Neque

120 3672 197 3713 vero
215 3652 307 3720 ullius
326 3655 469 3716 facinoris
488 3656 584 3738 gloria
602 3678 635 3717 se
652 3659 827 3739 privabant,
844 3680 946 3740 neque
964 3659 1126 3740 quisquam
1144 3667 1230 3736 erat,
1244 3658 1302 3739 qui

122 3738 227 3798 navale
241 3739 396 3820 ‚proelium
415 3741 454 3813 ad
471 3740 652 3802 Salaminem
667 3743 880 3812 Themistoclis
899 3745 1109 3819 essediceret,
1127 3745 1182 3813 sed
1196 3743 1300 3806 Athe-

122 3821 289 3903 niensium:
300 3822 407 3904 'neque
420 3816 644 3887 Marathoniam
660 3850 792 3912 pugnam
808 3828 962 3905 Miltiadis,
979 3831 1035 3898 sed
1049 3831 1188 3907 civitatis.
1206 3829 1302 3890 Nune

120 3906 214 3988 vulgo
241 3907 282 3968 ita
309 3909 430 3971 dicunt:
465 3911 645 3973 Timotheus
671 3909 835 4000 Corcyram
859 3915 956 3996 cepit,
985 3916 1150 3996 Iphicrates
1176 3915 1302 3993 Moram

120 3991 272 4065 concidit,
299 3989 444 4056 Chabrias
468 3997 565 4057 navali
588 3999 625 4057 ad
642 3997 760 4060 Na‘xum
783 4001 901 4083 proelio
920 4000 1000 4061 vicit.
1034 4001 1112 4061 Nam
1137 4002 1211 4067 dum
1235 4012 1302 4061 um

101 4074 286 4159 ‘immensos
313 4079 447 4142 honores
477 4081 517 4142 ob
544 4081 653 4143 horum
675 4085 798 4168 singula
824 4086 1007 4162 decernitis,
1036 4085 1184 4147 videmini
1209 4085 1302 4168 quasi

12 4245 15 4250 Ι
120 4163 290 4224 concedere
309 4166 347 4225 de
365 4166 463 4250 gloria
480 4180 633 4250 gestarum
651 4188 761 4230 rerum.
783 4166 890 4230 Civilia
908 4170 1003 4254 igitur
1019 4174 1154 4254 praemia
1172 4172 1301 4234 illitam

121 4257 153 4307 et
169 4246 295 4326 pulchre
315 4264 346 4311 et
363 4251 481 4313 utiliter
499 4253 714 4337 largiebantur,
733 4269 764 4317 et
780 4276 834 4315 v-os
853 4278 917 4317 non
934 4270 1026 4318 reete.
1051 4257 1115 4320 Sed
1132 4257 1302 4341 hospitalia

120 4333 300 4410 quomodo?
326 4336 373 4396 llli
391 4338 519 4399 Menoni
534 4337 709 4413 Pharsalio,
727 4341 890 4404 duodecim
908 4344 1027 4426 argenti
1045 4343 1161 4409 talenta
1178 4344 1213 4407 in
1231 4344 1301 4425 bel-
