2722 4754
33 242 42 253 ,1
69 190 88 245 2
119 215 161 284 tt
412 164 985 340 ndnosrnnmsonnmo

122 376 241 460 opinor,
261 352 481 455 quampriminn
500 382 531 429 et
549 370 682 445 decerni,
700 382 731 430 et
748 382 869 451 paratos
886 390 973 431 esse:
984 386 1138 449 nequeea
1156 378 1287 451 propter

119 463 225 525 turbas
242 460 366 521 aliarum
383 475 485 517 rerum
503 466 534 514 et
552 456 777 516 criminationes
796 455 1139 537 subterfugiendasunt
1166 455 1285 528 Quam-

122 568 212 629 quam
224 557 326 605 antem
343 541 447 615 multa,
465 544 541 620 quae
558 541 639 620 apud
652 561 706 600 vos
722 539 781 599 dici
798 540 908 615 solent,
925 540 1028 599 mirer:
1047 530 1286 600 dud'umtamen

69 678 77 699 ,
119 633 168 694 vel
193 627 339 710 imprimis
358 647 428 687 eum
441 625 630 698 demirabnr,
648 623 868 698 Athenienses,
894 645 985 704 quem
1002 625 1034 684 in
1052 637 1159 685 senatu
1178 623 1285 684 dicen-

107 730 183 778 tem
196 712 363 787 audiebam,
383 712 489 771 decere
505 710 630 788 omnino
649 710 875 790 consulentem„
885 722 922 769 ut
934 708 1023 789 plane
1033 710 1085 770 -vel
1098 708 1215 769 bellum
1253 727 1293 766 e-.

65 810 83 863 f
119 820 198 873 rere,
215 798 398 868 velservare
417 815 521 876 pacem
537 793 664 854 inheret
682 793 733 852 Sic
751 807 851 871 autem
869 815 901 853 se
919 793 1085 868 reshabet,
1102 806 1148 867 ut,
1166 792 1193 853 si
1210 729 1284 850 Pii.

8 946 13 952 ,
119 886 220 966 lippus
239 881 391 961 quiescit,
409 899 510 966 neque
528 891 619 959 rupto
637 879 762 938 loedere
788 879 950 959 quicquam
967 878 1064 939 vobis
1080 889 1220 958 ereptum
1236 888 1286 936 te-

70 991 89 1035 ’,
120 981 191 1042 net,
206 987 318 1046 neque
337 986 443 1026 omnes
462 963 600 1024 homines
628 963 952 1044 conspirationeinita
978 975 1083 1023 contra
1106 960 1168 1023 vos
1189 972 1286 1021 mmet
1323 962 1327 966 ’

121 1042 327 1130 conchaeque:
352 1049 428 1109 nihil
454 1049 615 1108 dicendum
634 1048 689 1123 sit,
714 1069 776 1127 quo
801 1049 901 1108 miuus
925 1048 1064 1128 paxsine
1091 1044 1285 1111 dubitatione
1305 1110 1310 1119 ¹

119 1138 296 1199 retineatur.
311 1135 352 1193 Et
370 1134 452 1214 qnod
465 1134 569 1192 advos
587 1133 711 1215 quidem
729 1132 852 1192 attinet:
870 1145 971 1213 parata
988 1153 1052 1192 esse
1069 1131 1302 1194 omnianidett,

121 1223 165 1297 At
176 1224 211 1295 si,
227 1241 303 1301 quae
318 1238 375 1279 nos
387 1218 560 1291 iuravimus,
578 1231 611 1278 et
623 1214 732 1297 quibus
749 1210 975 1277 conditionibus
987 1237 1094 1297 pacem
1108 1210 1284 1289 iuravimus,
1297 1276 1299 1281 ⁴

79 1309 84 1313 ’
122 1329 157 1368 ea
174 1307 206 1367 in
219 1309 389 1385 conspectu
406 1315 496 1376 sunt,
516 1315 547 1363 et
562 1302 656 1362 relata
673 1304 706 1363 in
723 1302 855 1362 tabulas:
872 1302 1135 1383 Philippum'vero
1155 1310 1283 1373 constat,

113 1404 283 1471 'antequam
300 1388 460 1469 Diopithes
488 1409 556 1448 cum
583 1386 700 1448 colonis
726 1386 772 1470 (in
800 1407 876 1467 quos
902 1386 1046 1446 concitati
1070 1383 1143 1446 helli
1168 1385 1284 1445 crimen

15 1501 20 1505 ·
121 1497 203 1537 nnnc
221 1471 391 1555 confertur)
408 1469 650 1545 hin'c'solveret,
676 1474 771 1547 multa
787 1472 949 1552 vobisper
972 1471 1111 1530 iniuriam
1137 1469 1282 1550 eripuisse
1315 1517 1319 1525 .

121 1559 246 1644 (quihus
265 1556 412 1630 derebus
437 1558 709 1618 senatusconsulta·
722 1558 795 1618 haec
811 1569 927 1631 vestra,
954 1560 1049 1637 eaque
1066 1569 1144 1629 rata,
1171 1565 1283 1626 extant,
1315 1590 1321 1597 -

42 1677 47 1694 ι
122 1650 199 1724 quae
216 1644 302 1703 illum
320 1640 476 1726 accusent)
494 1643 622 1702 et‘omni
638 1643 759 1723 reliquo
776 1656 914 1722 tempore
927 1642 1121 1702 continenter
1134 1651 1202 1699 tum
1217 1657 1282 1698 cae·
1316 1681 1320 1688 -

16 1757 23 1766 ’
69 1791 73 1802 s
122 1728 195 1789 teris
215 1727 354 1800 Graecis,
384 1740 449 1787 tum
465 1726 603 1787 Barbaris
628 1728 686 1786 sibi
712 1727 949 1810 coniungendis,
975 1726 1051 1786 nihil
1067 1725 1159 1785 aliud
1183 1728 1283 1805 agere,

122 1812 182 1873 nisi
199 1810 312 1871 bellum
327 1810 431 1881 moliri⁴
447 1823 550 1871 contra
563 1832 634 1871 vos:
653 1813 725 1890 quid
743 1824 868 1893 psoenr
880 1812 931 1871 isti
944 1812 1097 1884 dictitent,
1113 1808 1203 1891 plane
1218 1827 1283 1867 esse

61 1968 65 1975 Ι
121 1897 171 1958 ‘vel
188 1897 357 1978 gerendum
373 1895 497 1969 bellum,
513 1895 562 1955 vel
579 1916 683 1976 pacem
700 1897 908 1956 retinendam?
931 1896 996 1955 Nec
1014 1895 1094 1954 enim
1110 1906 1215 1952 utrum
1232 1911 1283 1952 ve-

36 2058 37 2065 *
95 2018 98 2022 -
122 1981 195 2061 titis,
214 1974 298 2060 optio
318 1981 421 2047 datur.-
438 1980 492 2039 sed
509 1979 739 2041 illud-omnium
758 2002 885 2060 operum
901 1980 1099 2040 iustissimum
1115 1977 1204 2039 nohis
1222 1996 1284 2036 ma-

123 2067 264 2144 ximequc
282 2063 484 2124 necessarium
501 2063 693 2144 relinquitur,
713 2067 794 2144 quod
813 2066 864 2124 isti
882 2065 919 2124 de
936 2063 1086 2138 industria
1098 2060 1292 2140 ,mauriliane

31 2176 48 2197 ψ·
125 2151 287 2225 Quodnam
304 2149 380 2207 illud
400 2149 464 2209 est?
482 2161 517 2208 nt
536 2170 604 2208 cum
621 2149 811 2229 ulciscamur,
829 2149 881 2229 qui
898 2148 983 2228 prior
999 2147 1113 2208 bellum
1130 2146 1220 2206 nohis
1236 2146 1285 2205 in-

123 2234 203 2294 tulit
220 2232 301 2292 -Nisi
318 2233 398 2293 sorte
416 2232 491 2292 illud
511 2233 633 2306 dicunt,
651 2235 724 2293 dum
741 2233 890 2294 abstineat
907 2232 1007 2292 Attica
1025 2233 1195 2312 Piraeoque
1212 2229 1285 2289 Phi-

123 2319 242 2398 lippus,
261 2338 330 2377 enm
348 2338 448 2397 neque
465 2316 578 2377 violare
595 2318 713 2392 urbem,
731 2322 831 2399 neque
850 2317 964 2378 bellum
979 2317 1087 2377 facere.-
1105 2316 1178 2392 Qui,
1195 2314 1221 2375 si
1238 2313 1286 2373 ius

125 2415 157 2463 et
174 2423 304 2480 aequum
321 2402 378 2475 ista
395 2400 499 2483 regula
517 2402 702 2482 metiuntur,
716 2415 758 2463 ‘et
774 2403 849 2463 istos
867 2401 950 2483 pacis
973 2401 1064 2462 huius
1081 2401 1194 2475 limites
1212 2419 1285 2459 con-

30 2550 33 2564 :
124 2486 271 2547 stituunt:
290 2506 342 2545 eos
359 2486 466 2565 utique
483 2507 541 2546 nec
558 2508 662 2566 aequa,
680 2509 736 2547 nec
753 2488 878 2548 ferenda
895 2487 1014 2559 dicere,
1032 2507 1091 2546 nec
1107 2498 1172 2546 tuta
1189 2483 1287 2556 vohis,

124 2570 317 2651 perspicuum
336 2583 382 2630 est
397 2570 537 2630 omnibus
556 2570 775 2632 Praeterea‘his
789 2573 861 2652 ipsis
874 2571 974 2633 verbis
989 2568 1084 2631 iidem
1098 2567 1294 2650 Diopithemp

125 2677 216 2734 quem
234 2667 391 2728 accusant,
411 2655 495 2714 omni
513 2656 637 2715 crimine
656 2656 792 2716 liberant.
825 2653 902 2715 Nam
920 2655 973 2735 qni
991 2655 1142 2729 convenit,
1158 2667 1196 2713 ut
1212 2636 1285 2712 Phi-

23 2790 29 2799 ,
56 2757 57 2761 ’
112 2738 208 2818 'lippo
228 2739 346 2817 quiduis
364 2739 473 2821 agendi
491 2740 642 2799 licentiam
660 2742 783 2814 demus,
807 2742 904 2801 modo
918 2739 1051 2800 Atticam
1068 2761 1132 2800 non
1149 2738 1286 2818 invadat:

62 2829 65 2837 '
125 2823 303 2903 Diopithem
320 2845 392 2882 vero
410 2845 467 2882 nec
484 2823 809 2904 Thracibusopitnlari
827 2825 968 2897 sinamus,
987 2837 1048 2898 aut,
1066 2825 1091 2885 si
1109 2823 1288 2906 opituletur,

21 2931 24 2936 ·
58 2909 98 2963 60
128 2908 280 2967 concitare
299 2906 584 2967 bellumdicamus?
619 2908 680 2968 Sed
698 2909 771 2972 haec
798 2910 913 2969 scilicet
930 2910 1131 2991 exagitantur:
1158 2928 1224 2967 non
1240 2906 1288 2965 le-

124 2993 218 3060 renda
236 3004 317 3065 sunt,
335 2995 418 3070 quae'
429 3004 524 3074 agunt
540 2994 717 3053 mercenarii
734 2994 855 3068 milites,
874 3014 968 3074 quum·
980 2994 1213 3075 Hellespontum
1230 3011 1288 3072 po-

77 3087 85 3095 “
124 3077 282 3159 pulantur:
300 3076 412 3137 iniuste
429 3077 501 3136 lacit
516 3076 687 3159 Diopithes,
701 3079 758 3158 qui
775 3078 930 3158 piraticam
948 3091 1084 3138 exerceat
1099 3075 1225 3159 navigiis
1239 3075 1293 3134 in·-

25 3210 30 3222 ,
124 3160 333 3240 tercipiendis:
352 3181 451 3240 neque
470 3161 533 3225 hoc*
543 3174 591 3229 est
602 3162 634 3221 ei
648 3162 892 3242 permittendum.
910 3151 1092 3223 listorfiant
1108 3162 1197 3235 haec,
1210 3158 1289 3219 nihil
1312 3202 1318 3211 1

37 3301 40 3309 .
126 3245 309 3306 contradico.
327 3247 671 3321 Verumtamen-decere.
684 3246 814 3308 arbitror
831 3247 871 3331 (si
887 3268 991 3309 reuera
1010 3261 1041 3308 et
1058 3268 1095 3307 ex
1111 3244 1215 3307 animo
1230 3244 1289 3304 ista

126 3328 305 3403 consulunt,
324 3330 566 3410 aequitatemque
584 3330 776 3413 spectandam
794 3331 932 3416 putant),
956 3345 1006 3407 ut,
1031 3320 1287 3413 quemadmodum

125 3414 303 3475 constitutas
328 3427 450 3498 nostrae
466 3414 551 3475 urbis
569 3417 670 3498 copias
696 3418 840 3499 dissipare
865 3411 1156 3494 conantur,·dncem
1173 3435 1289 3486 earum,

126 3511 232 3580 suapte
249 3497 396 3573 industria
414 3513 496 3580 parta
514 3499 663 3581 stipendia
680 3502 866 3576 solventem,
891 3503 971 3584 apud
981 3503 1042 3563 ‘vos
1053 3499 1289 3581 calumniando:

4 3590 6 3601 ’
62 3613 81 3658 g
107 3582 168 3643 'ita
188 3584 357 3658 ostendant,
376 3584 401 3644 si
417 3585 503 3659 vohis
522 3586 597 3646 haec
614 3584 754 3667 persuusa
768 3588 894 3661 fuerint,
914 3587 1013 3646 etiam-
1020 3586 1156 3667 Philippi
1174 3582 1289 3645 exerci-

75 3684 79 3693 ‘
108 3679 192 3739 ,tum
218 3668 410 3749 dilapsorum.
447 3671 539 3744 Quod
564 3668 623 3730 nisi
648 3672 898 3732 demonstrarint:
923 3671 1001 3731 nihil
1019 3672 1101 3732 aliud
1127 3686 1179 3730 eos
1198 3686 1291 3751 agere

42 3774 53 3841 ⁴.
126 3753 274 3834 cogitate,
300 3753 359 3812 nisi
376 3765 411 3813 ut
429 3755 732 3836 denuoreipublicae
750 3770 870 3822 nostrae
887 3756 1011 3816 fortuna
1029 3757 1069 3816 sit
1086 3755 1208 3826 eadem,
1231 3761 1320 3831 qua.'

125 3838 276 3923 superiori
284 3851 421 3918 tempore
428 3839 539 3898 factum
554 3853 608 3912 est,
623 3853 658 3900 ut
668 3860 772 3901 omnes
783 3854 907 3901 nostrae
924 3860 996 3922 opes
1011 3837 1290 3913 interirent-Scitis

126 3920 207 3981 enim
225 3923 381 4001 profecto,
400 3923 629 3983 nihilomnium
647 3945 749 3984 rerum
766 3935 826 3987 tarn
845 3925 995 4006 proluisse
1015 3924 1156 4005 Philippo
1174 3923 1213 3982 ad
1231 3942 1289 3981 no-

127 4017 216 4065 stram
235 4006 342 4067 urbem
359 4009 571 4088 superandam:
590 4030 677 4087 quam
694 4012 777 4089 qnod
795 4010 880 4091 prior
898 4031 1002 4069 onmes
1021 4009 1196 4073 occasiones
1215 4005 1290 4066 arri-
1310 4006 1329 4054 -”

46 4144 48 4149 ,
127 4089 204 4170 pult,
222 4090 274 4169 qui
292 4113 360 4151 cum
374 4089 681 4172 semper‘expeditum
701 4094 812 4154 circum
827 4115 859 4153 se
874 4107 964 4172 atque
976 4093 1158 4155 instructum
1175 4091 1290 4152 exerci-

127 4175 335 4248 tum‘habeat,
354 4188 393 4249 et,
412 4177 485 4256 quid
501 4175 635 4239 facturus
654 4179 701 4252 sit,
720 4178 784 4237 iam'
797 4192 883 4237 antea
903 4178 1094 4252 deliberarit,
1112 4179 1289 4258 derepente,

128 4259 342 4338 ques-lihitum
361 4273 423 4333 est,
457 4259 632 4345 aggreditur
654 4275 745 4342 atque
770 4262 927 4344 opprimit(
960 4263 1024 4324 Nos
1042 4284 1132 4338 vero,
1157 4262 1211 4322 uhi
1228 4260 1290 4319 iam

3 4394 5 4400 Α
127 4342 241 4423 aliquid
258 4343 663 4406 lactum‘esseeudiv'imus:
688 4359 754 4408 tum
779 4348 1148 4409 demumtumultnamur
1171 4339 1289 4408 ethel-
