2722 4754
48 180 259 319 0¹⁹⁴*
347 178 351 182 ’
434 174 1024 339 narroS¹ra1nn1s0ntrro
1258 190 1260 194 ’
1347 227 1348 234 ¹

66 410 68 415 s
143 368 317 443 nonhaodo
336 373 538 442 iudicium'de
557 376 621 436 istis
640 374 732 437 hodic
751 374 859 454 facitis,
877 395 957 434 non:
975 373 1029 433 sed
1049 386 1079 433 et
1097 373 1197 456 legem
1216 369 1321 430 sanci-

78 479 84 489 “
142 481 181 528 trs
200 480 265 527 rstrs
284 490 315 525 ιιι
334 463 582 536 omneacvum',
602 474 704 522 utrum
730 473 858 543 propter
874 459 1033 541 pecuniam
1051 455 1322 546 flagitiosq‘leg'ati

55 597 60 605 Ι
145 562 249 611 ornnes
269 550 404 610 hostium
419 548 604 609 utilitatibus
617 548 729 610 servire
746 546 885 620 debeant,
903 569 939 605 an
952 541 1097 628 'gratuito
1112 557 1142 606 et
1160 545 1231 604 sine
1250 563 1322 603 cor·
1352 570 1355 575 ·

39 684 43 692 .
74 668 77 673 -
126 637 270 717 ‘ruptelis
296 642 395 718 agere,
424 655 500 715 quae
526 630 899 694 vobissuntntilissima.
941 631 988 689 Ac
1013 631 1051 690 de
1075 630 1201 712 caeteris
1228 629 1321 688 nullo
1351 671 1353 674 -

109 776 112 781 .
143 733 221 781 teste
247 720 334 780 vobis
360 733 408 781 cst
431 740 523 800 opus:
549 740 566 778 a
592 717 758 803 Phrynonc
785 728 885 776 autem
910 715 1043 793 missum·
1063 736 1129 777 esse
1154 715 1257 777 hlium
1284 726 1341 776 ut

143 819 281 880 constet,
299 827 374 866 voca
390 804 470 899 mihi
481 817 583 865 testes.

618 957 640 1007 Τ,
655 957 674 1000 Ε
692 956 708 1002 S
725 958 745 999 T
763 955 783 999 E
800 955 829 1001 8.
859 983 865 993 ff-

64 1132 66 1138 ,
182 1052 184 1058 ’
227 1064 318 1123 Hun'c
336 1084 399 1122 non
416 1060 567 1130 accusavit
584 1059 768 1133 Aeschines,
787 1057 870 1139 qnod
889 1081 976 1122 suum
996 1058 1148 1119 filiumtad
1167 1057 1319 1141 probrum

128 1129 225 1225 shrisit
242 1150 280 1208 ad
291 1147 484 1228 Philippum:
502 1146 556 1206 scd
571 1145 597 1218 si
616 1146 683 1225 quis
702 1145 889 1216 adolescens,
908 1144 973 1203 aliis
988 1144 1084 1205 sorma
1102 1146 1319 1227 praestantior,

143 1255 206 1294 non
226 1254 332 1293 cavens
351 1233 431 1293 illam
451 1251 487 1291 ex
501 1231 576 1292 facie
594 1232 678 1292 nasci
690 1229 809 1291 solitam
828 1228 1044 1310 suspicionem,
1062 1230 1188 1290 liberius
1208 1232 1319 1311 postea

141 1312 226 1392 sirit,
245 1340 314 1382 cum
333 1317 539 1401 impudicitiae
558 1318 714 1378 accusavit.
740 1321 856 1376 Verum
874 1315 932 1374 iam
952 1316 988 1375 dc
1007 1315 1187 1377 invitatione
1208 1317 1320 1377 acde-

78 1428 87 1480 ζ
139 1416 281 1469 cretout
298 1404 409 1479 dicam,
427 1403 598 1464 faciendum
619 1417 680 1464 est:
698 1425 802 1484 parurn
822 1400 902 1461 enim
921 1400 1032 1474 abfuit,
1054 1403 1126 1481 quin
1147 1425 1181 1462 ea
1199 1403 1316 1483 prima'e

85 1498 87 1503 ’
141 1474 303 1573 le'gatIonis
322 1504 402 1564 acta,
427 1503 503 1571 quae
522 1499 571 1549 rn'e
596 1488 682 1566 yobis
711 1487 848 1569 inprimis
873 1486 987 1572 referre
1013 1500 1152 1567 oportet,
1177 1501 1317 1569 praeter-

143 1573 228 1635 irem.
251 1575 406 1658 Egoscum
426 1575 730 1635 senatusconsultum
749 1571 923 1646 scriberem,
941 1594 975 1632 ac
992 1595 1095 1632 rursus
1115 1574 1196 1654 apud
1215 1594 1316 1654 popu-

56 1671 119 1728 263
144 1660 207 1740 lum
225 1654 310 1743 (cunr
334 1656 457 1740 quidem
475 1660 511 1719 iis
539 1659 757 1738 concionibus,
784 1658 944 1738 inquibus
964 1659 1092 1739 de‘pace
1117 1658 1317 1720 deliberaturi

94 1780 96 1789 ·
144 1732 245 1816 eratis,
263 1744 413 1805 nihildum
427 1766 527 1825 neque
543 1746 580 1804 de
592 1739 913 1818 rationibus'islorum,
931 1765 1032 1824 neque
1049 1745 1086 1803 de
1101 1744 1223 1805 iniuriis
1240 1766 1315 1805 con-

140 1827 263 1911 staret),
282 1821 511 1895 consuetudinis
530 1831 597 1890 iure
614 1834 706 1903 usus,
725 1843 755 1889 et
773 1829 891 1889 laudavi
909 1829 983 1889 istos
1003 1829 1083 1889 etin
1102 1830 1217 1891 curiam
1236 1830 1317 1891 invi-

139 1915 208 2000 taai.
251 1914 315 1988 Ac,
340 1915 534 1990 mehercule,
561 1929 592 1976 et
608 1916 741 1997 Philippi
759 1915 874 1997 legatos
900 1914 1033 1995 hospitio
1061 1916 1183 1997 excepi,
1206 1916 1317 1996 idque,

141 1999 357 2074 Athenienses,
375 2002 501 2060 omnino
520 2001 688 2082 splendide.
722 2001 798 2061 Nam
818 2022 886 2060 cum
906 2000 1048 2074 viderem,
1068 2022 1121 2061 eos
1140 2001 1205 2062 illic
1224 2003 1317 2062 etiam

48 2125 52 2131 -
129 2104 206 2167 „eam
223 2105 289 2145 rem
308 2085 422 2169 gloriae
441 2086 499 2146 sibi
513 2089 653 2160 ducere,
679 2099 714 2155 ut
732 2085 825 2153 beatis
845 2099 875 2146 et
902 2086 1084 2167 splendidis}
1109 2088 1322 2164 statimduxi,

43 2171 48 2208 3
74 2178 77 2200 ¹
140 2188 189 2233 me
207 2171 337 2250 primum
356 2171 399 2232 eis
418 2173 616 2253 superiorem'
630 2193 696 2232 csse
716 2184 858 2255 oportere
878 2183 908 2231 ct
934 2173 1160 2254 magnificentia
1178 2173 1318 2234 antecel-

138 2251 212 2316 lere.
237 2256 279 2316 Ea
297 2257 392 2339 igitur
409 2258 465 2317 is'te
483 2280 566 2333 nunc
584 2257 741 2343 asserettet
757 2257 936 2318 recensebit
962 2259 1045 2338 lpse,
1058 2258 1189 2338 inquiet,
1209 2258 1315 2335 landa-

64 2351 89 2419 Τ
139 2339 273 2419 vit'nos,
293 2341 406 2423 etipse
424 2342 540 2426 legatos
559 2344 700 2403 convivio
719 2344 852 2425 excepit:
883 2364 983 2423 neque
1002 2356 1121 2423 tempus
1141 2344 1225 2403 illius
1244 2344 1316 2404 lacti

139 2425 315 2510 distinguet.
352 2429 448 2488 ,Facta
467 2443 567 2489 autern
585 2429 636 2488 illa
650 2443 743 2500 sunt,
770 2443 931 2508 antequam
948 2429 1120 2510 respublica
1148 2426 1313 2510 quicquam

44 2572 48 2579 ,
80 2568 92 2577 .,
119 2511 316 2595 detrimenti
334 2513 479 2595 cepisset:
503 2526 664 2593 antequam
688 2515 785 2595 palam
811 2512 923 2574 factum
943 2516 1039 2588 esset,
1059 2515 1133 2574 istos
1152 2509 1313 2595 sesvendi-

64 2602 67 2607 '
141 2595 236 2656 disset
254 2619 321 2681 cum
340 2597 431 2680 legati
448 2599 579 2681 primum
596 2621 703 2660 recens
722 2599 924 2673 advenissent,
943 2612 975 2660 et
990 2600 1105 2681 populo
1125 2600 1312 2662 audiendum

141 2695 232 2755 esset,
251 2681 325 2762 quid
344 2683 583 2753 dicerenta‘cum
602 2682 739 2765 nondum
757 2685 805 2745 vel
823 2684 915 2744 istum
933 2685 1116 2765 patrocinari
1134 2686 1311 2764 Philocrati,

126 2764 187 2838 ‘'vel
205 2766 291 2827 illurn
310 2767 383 2851 talia
399 2789 464 2828 esse
491 2771 684 2830 decreturum
721 2783 880 2830 constaret.
924 2770 957 2829 Si
983 2770 1078 2853 igitur
1100 2771 1172 2831 talia
1191 2772 1311 2848 dixerit,

136 2863 326 2912 mementote
340 2865 523 2934 temporum,
540 2875 616 2935 quae
630 2856 748 2915 iniuriis
764 2867 1005 2934 antecesserunt:
1023 2854 1093 2939 post
1107 2868 1209 2917 autem
1224 2859 1308 2919 nulla

50 2956 77 2968 ·’
138 2937 213 2998 mihi
231 2954 300 2998 'curn
319 2935 384 2998 isti's
402 2939 586 3001 familiaritas
605 2954 657 3002 aut
675 2941 804 3013 societas
821 2941 1002 3004 intercessit
1045 2943 1152 3004 Recita
1168 2944 1309 3006 testimo·
1341 3022 1348 3031 .

37 3061 38 3065 =
138 3042 230 3085 nrum.
276 3083 278 3088 s
872 3048 875 3059 ⁴

516 3179 928 3239 urar-incusum.
972 3159 1014 3216 Ὦ
1073 3230 1076 3234 ,

189 3342 196 3352 ,
223 3279 371 3341 Fortassis
389 3294 490 3343 autem
515 3282 609 3344 frater
625 3279 653 3345 ei
677 3272 919 3365 patrocinabitur
936 3284 1132 3346 Philochares
1150 3298 1183 3348 et
1199 3285 1309 3369 Apho-

40 3386 48 3435 ς
137 3363 237 3439 betus,
254 3387 385 3447 quorum
402 3367 524 3447 utrique
541 3369 635 3431 multa
650 3378 681 3430 et
694 3382 789 3450 aequa
803 3374 990 3452 respondere
1008 3373 1157 3453 poteritis.
1175 3372 1309 3433 Necesse

136 3463 237 3537 autern
257 3463 320 3526 est,
346 3452 569 3530 Athenienses,
593 3456 688 3516 libere
707 3456 793 3537 loqui
821 3453 963 3540 nihilque
991 3458 1189 3518 dissimulare.
1230 3457 1310 3533 Nos,

35 3579 47 3604 ,
135 3533 299 3616 Aphobete
318 3549 349 3596 ct
362 3549 395 3598 tu
408 3534 753 3615 Philochares*,scimus,
770 3555 802 3603 te
821 3545 944 3624 quidem
963 3543 1218 3617 alabastrothecas
1237 3540 1308 3624 pin-

98 3667 100 3670 ,
135 3622 349 3708 ‘gere-solitum
369 3637 400 3684 et
416 3637 574 3709 tympana}
591 3626 665 3687 istos
685 3632 756 3689 vero
775 3630 912 3689 notarios
931 3643 961 3696 et
978 3626 1231 3712 vulgaresfuiss'e
1251 3628 1309 3687 ho-

85 3790 88 3794 ,
133 3705 249 3766 mines·
269 3707 372 3793 Atque
391 3709 465 3771 haec
482 3724 517 3771 ut
535 3712 572 3774 ab
592 3713 676 3772 omni
691 3728 765 3774 'sunt
784 3715 977 3796 improbitate
986 3728 1122 3789 remota,
1141 3716 1185 3775 sic
1203 3735 1308 3794 neque

135 3789 256 3890 imperii
269 3794 446 3876 dignitatem
461 3809 624 3856 merentur.
636 3799 871 3882 ,Legationibus
888 3801 1033 3884 imperiis,
1052 3799 1307 3865 maximisho'no·

49 3890 56 3943 >
133 3875 218 3937 ribus
236 3898 290 3939 vos
309 3881 489 3943 ornavimus.
515 3883 637 3957 Quodsi
654 3899 896 3953 nemorestrum
915 3890 1077 3969 quicquam
1094 3887 1315 3967 delinqueret:

44 4028 46 4033 Α
125 3978 196 4020 ·ιισιι
216 3984 272 4023 nos
291 3966 401 4026 merito
419 3967 506 4047 vobis
524 3968 589 4028 ullo
608 3970 748 4045 nomine,
773 3956 828 4033 reid
846 3993 900 4033 vos
918 3975 1008 4035 nobis
1028 3968 1065 4034 de
1084 3972 1217 4052 hisiure
1237 3966 1315 4056 gra--

132 4045 205 4135 tiam
224 4047 383 4112 haberetis.
417 4053 522 4113 Multis
541 4055 621 4114 enlm
635 4055 759 4131 'honore
777 4079 867 4137 quam
885 4079 939 4141 ιρι
959 4058 1149 4144 dignioribus
1161 4072 1305 4143 -pra'eter-

133 4127 194 4206 itis,
212 4155 265 4194 vus
285 4136 457 4205 extulimus,
478 4137 540 4199 Sed
557 4141 670 4220 siquis
687 4144 820 4202 'vestrum
839 4142 871 4202 in
890 4145 948 4205 illis
968 4146 1051 4227 ipsis,
1070 4144 1124 4226 qui
1142 4145 1230 4206 vobis
1251 4144 1304 4224 ha,

47 4266 51 4271 .
132 4215 293 4295 behantur,
311 4219 481 4284 honoribus
499 4225 637 4305 deliquit,
656 4225 748 4306 idq'ue
765 4240 848 4311 tauta
860 4229 895 4288 'in
913 4253 961 4291 re:
977 4242 1095 4312 'quanto
1111 4231 1211 4314 magis
1230 4231 1302 4291 odio

59 4345 62 4351 f
130 4308 472 4383 qiamtconservatione
485 4311 571 4393 digni
589 4311 796 4373 estisi‘Multo
812 4315 952 4394 equidem
972 4317 1097 4401 opinor..
1109 4318 1181 4378 Vim
1200 4329 1301 4378 autem
1319 4379 1325 4389 ,

46 4475 49 4481 .
101 4406 104 4410 “
129 4387 403 4482 lomtsselacient,
426 4408 461 4456 ut
485 4395 626 4478 homines
651 4397 771 4483 eupales
791 4411 823 4461 et
847 4401 1041 4484 impudentes
1056 4400 1067 4422 “
1077 4406 1171 4484 atque
1198 4403 1252 4464 illa
1267 4410 1301 4466 r'e
1319 4401 1350 4418 ’“

208 4492 226 4521 ’.ι
359 4512 363 4521 .
423 4488 434 4518 ‘-
577 4521 583 4528 .
