2722 4754
392 176 599 278 courel
635 144 920 269 cononem-l
962 214 965 219 -
1079 165 1294 256 „fissa”
1337 162 1342 242 ζ

51 338 193 398 convicia
212 350 301 411 sunt,
327 334 458 418 quorum
477 337 623 416 quaedam
646 336 726 417 apud
743 358 798 398 vos
817 336 979 398 nominare
1008 333 1228 396 erubescerem.
1284 356 1286 360 ¹
1310 378 1323 425 -Ι

52 424 151 498 Quod
177 445 250 484 vero
267 419 616 497 insolentiaeCononis
641 423 761 504 signum
787 437 818 483 et
842 435 1021 503 argumento
1040 434 1104 494 est,
1131 421 1226 480 ductu
1300 483 1304 486 ,
1329 421 1331 425 ’

52 511 121 569 eius
142 521 172 569 et
190 509 330 608 auspiciis
347 509 424 567 facta
438 528 507 567 vesse
527 506 645 581 omnia,
669 508 700 567 id
719 507 927 569 vobisdicam.
962 505 1109 568 Cantabat
1132 504 1232 580 enim,

13 641 37 653 .,
51 595 154 677 gallos
171 595 302 654 uictores
321 592 456 669 imitans:
483 591 534 651 alii
552 605 651 652 autem
670 591 816 652 iubebant
834 613 920 665 eum,
944 591 1104 653 alarum'
1075 613 1161 666 vace,
1181 589 1226 647 la·
1284 587 1286 593 ⁸

52 693 122 739 tera
141 679 251 739 cubitis
269 679 435 758 plangere.
455 677 604 737 Posthaec
622 697 680 759 ego
699 698 715 736 a
741 677 1004 757 praetereuntibus
1023 677 1139 738 ablatus
1156 694 1225 735 sum
1292 723 1294 729 ι

53 767 174 824 nudus:
193 763 243 823 isti
260 763 409 834 abierunt,
427 774 510 822 veste
529 781 594 823 mea
611 774 702 842 rapta
737 764 787 821 Ut
796 775 897 822 autem
914 762 1049 822 adfores
1066 761 1148 835 veni,
1165 760 1225 820 cla·
1262 832 1264 837 s

55 871 127 909 mor
146 863 175 909 et
198 848 341 927 strepitus
367 848 472 906 matris
491 860 521 907 et
544 847 717 906 ancillarum
745 859 829 907 ortus
850 858 911 905 cst:
936 849 1018 906 unde
1042 868 1090 906 me
1109 847 1141 904 in
1154 843 1227 905 bal·
1267 921 1269 925 Ι

54 956 151 996 neum
163 954 259 1019 aegre
283 932 431 1011 perlatum
455 945 487 991 et
513 920 649 993 ablutum
674 930 799 992 medicis
823 931 1029 991 ostenderunt
1048 929 1155 1013 Haec
1178 927 1241 989 uti'

32 1015 34 1018 ¹
54 1041 128 1082 vera
146 1040 211 1080 esse
230 1029 358 1091 constet,
376 1029 469 1077 testes
487 1017 574 1077 vobis
592 1017 767 1098 producam

432 1148 437 1161 '
533 1119 793 1237 uesuess
869 1132 873 1182 j
1102 1117 1142 1212 ¹,
1210 1170 1308 1233 ,301

144 1272 266 1334 Accidit
283 1267 402 1345 autem,
428 1271 564 1344 ludices,
589 1284 625 1330 ut
643 1284 673 1330 et
690 1271 858 1331 Euxitheus
876 1271 926 1331 bic
944 1269 1117 1348 Chollides,
1134 1276 1226 1338 nobis
1269 1334 1272 1349 ,

61 1371 225 1443 cognatus,
251 1372 282 1417 et
299 1358 424 1456 Midias,
449 1357 588 1416 alicunde
607 1378 627 1414 a
642 1376 747 1415 coena
755 1379 823 1415 cum
842 1357 894 1414 illo
913 1357 1057 1432 rediens,
1077 1318 1152 1419 mibi
1170 1361 1225 1422 ob·
1307 1396 1310 1401 ·
1330 1361 1336 1367 ’

58 1444 137 1506 viam
155 1444 242 1516 facti,
262 1466 328 1502 cum
348 1443 405 1502 iam
423 1463 518 1521 prope
538 1441 625 1501 aedes
645 1461 777 1500 essemus
798 1453 830 1499 et
845 1441 878 1499 ιιι
896 1441 1036 1502 balneum
1054 1443 1162 1518 ferrer,
1177 1466 1226 1506 se·
1294 1490 1297 1497 ι

59 1541 229 1609 querentur
247 1541 278 1587 et
302 1528 454 1586 medicum
481 1519 701 1585 adducentibus
727 1526 873 1585 adessent.
907 1527 1023 1589 Eram
1015 1539 1122 1587 autem
1150 1525 1262 1591 adeo
1316 1520 1321 1532 ¹

10 1610 18 1622 ’
58 1615 214 1686 infirmus,
232 1625 276 1685 ut,
294 1635 332 1672 ne
350 1611 457 1691 procul
476 1632 492 1668 a
510 1609 619 1669 balneo
640 1611 762 1688 domum
782 1611 970 1685 auferrer,''
950 1634 1004 1685 ns,
1023 1613 1075 1698 qui
1093 1615 1228 1690 aderant,

57 1699 225 1768 videretur,
242 1719 304 1756 me
301 1697 345 1755 ad
363 1696 487 1755 Midiam
504 1694 554 1755 illa
572 1698 662 1755 nocte
682 1715 748 1755 esse
765 1695 939 1772 serendum·
962 1697 1064 1776 itaque
1082 1698 1228 1760 lecerunt

59 1781 124 1864 Cap
127 1804 143 1842 e
162 1783 283 1883 igitur
275 1794 305 1841 et
322 1781 432 1840 horum
449 1779 638 1880 testimonia,
656 1792 692 1841 ut
708 1779 845 1855 videatis,
863 1769 975 1875 multos
994 1803 1060 1843 esse
1078 1782 1239 1866 conscios,-

60 1868 200 1946 quibus
191 1866 309 1957 iniuriis
329 1850 393 1925 ab
384 1865 448 1925 rstis
467 1864 528 1925 sim
542 1865 675 1935 allectos
1185 1886 1193 1901 ¹

423 2014 825 2060 TESTIMONIA.

131 2115 227 2199 Cape
247 2093 277 2179 et
294 2087 404 2178 medici
420 2118 664 2179 testimonium

438 2227 852 2319 TESTIMONIUM.

146 2370 261 2430 Tunc
251 2369 377 2454 agitur
369 2354 469 2431 statim
487 2371 608 2452 plagae,
636 2391 715 2450 quas
728 2390 917 2451 acceperam,
941 2383 973 2430 et
989 2352 1173 2435 contumelia
1192 2392 1230 2435 eo
1304 2375 1307 2380 ’
1336 2396 1340 2403 ’

11 2511 16 2517 ,
60 2436 111 2516 me
129 2456 323 2538 redegerunt,
351 2457 605 2535 quemadmodum
619 2455 744 2529 auditis,
763 2469 793 2515 et
811 2464 916 2515 omnes
931 2456 973 2530 ii,
992 2459 1045 2536 qui
1063 2460 1242 2535 mestatim',

52 2541 210 2612 ¹videraut,
223 2541 376 2601 testificati
392 2553 469 2599 sunt.
487 2541 561 2600 Post
571 2553 671 2613 autem
686 2541 723 2600 de
735 2540 894 2601 tuberibus
908 2554 937 2600 et
946 2536 1119 2623 ulceribus
1110 2560 1146 2603 ιιι
1153 2544 1231 2604 facie

42 2647 96 2694 ‘se
115 2645 178 2684 non
196 2626 272 2684 adeo
292 2608 456 2685 sollicitum
475 2645 540 2685 esse
559 2604 838 2700 dicebatmedicus:
856 2625 956 2686 febres
975 2615 1075 2688 autem
1090 2650 1232 2706 mecop-
1243 2619 1268 2668 .'

61 2713 167 2772 tinuae
180 2711 394 2788 sequebantur
400 2723 430 2769 et
445 2707 595 2769 cruciatus
607 2710 705 2770 totius
715 2710 850 2791 corporis
866 2733 1011 2813 perquam
1025 2727 1056 2772 et
1067 2714 1231 2774 vehemen-
1238 2759 1240 2762 ι

62 2811 110 2857 tes
130 2808 161 2854 et
174 2808 314 2868 atroces,
340 2795 505 2876 inprimis
495 2816 571 2855 vero
586 2796 713 2855 laterum
732 2808 824 2873 atque
841 2796 895 2855 imi
912 2798 1044 2871 ventris,
1068 2819 1173 2898 neque
1189 2799 1232 2857 ιί
1237 2844 1240 2850 .
1270 2799 1273 2803 ’
1318 2832 1319 2835 ¹

62 2883 137 2941 bum
157 2900 263 2960 capere
282 2893 424 2961 poteram.
458 2879 514 2953 Et,
532 2892 567 2939 ut
584 2880 719 2940 medicus
739 2880 861 2960 quidem
880 2882 1232 2981 affirmabat,n1s1mihi

11 3006 13 3011 ,
64 2965 223 3027 doloribus
241 2966 355 3026 alllicto
374 2978 405 3026 et
413 2965 480 3027 iam
476 2954 667 3054 desperato
676 2965 815 3048 purgatio
835 2967 989 3057 sanguinis
1007 2968 1088 3027 ultro
1109 2966 1233 3048 copiosa

24 3058 28 3066 “
64 3048 300 3151 Supervenisset,
319 3070 377 3123 me,
395 3051 547 3110 saniosum
566 3039 689 3124 factum,
706 3051 799 3111 luisse
817 3042 1003 3134 periturum·
1021 3074 1110 3112 nunc
1120 3053 1144 3111 is
1163 3074 1233 3112 san-

11 3202 16 3209 ,
65 3137 135 3219 guis
159 3140 282 3196 recessu
300 3136 376 3194 mibi
400 3152 464 3195 suo
481 3135 571 3194 saluti
588 3135 668 3194 suit.
688 3135 772 3195 Haec
798 3135 892 3219 igitur
908 3157 978 3196 vere
998 3158 1013 3197 a
1032 3159 1080 3196 me
1099 3137 1174 3210 dici,
1202 3148 1234 3196 et

64 3223 169 3282 talem
176 3220 315 3280 morbum
332 3210 410 3280 mihi
423 3221 592 3311 subortum,
612 3223 664 3300 qui
679 3241 726 3278 me
739 3220 771 3278 in
787 3233 954 3280 extremum
971 3212 1140 3301 periculum
1159 3242 1234 3306 con-3

64 3307 147 3382 iecit,
167 3306 272 3380 exiis,
292 3327 365 3386 quas
383 3303 446 3364 ab
437 3301 496 3365 1'sto
515 3327 697 3387 acceperam,
714 3305 827 3405 plagis,
845 3306 892 3375 uti
910 3319 1043 3367 constet·
1061 3306 1171 3374 medici
1187 3296 1235 3366 te-⁸

65 3392 243 3452 stimonium
254 3404 292 3497 et
310 3411 426 3464 eorum,
445 3390 498 3470 qui
515 3401 563 3452 me
581 3391 727 3493 viserunt,
745 3390 886 3465 recita.

395 3582 400 3601 ,
471 3499 828 3603 rnsuruonra

153 3647 203 3704 Me
222 3645 332 3727 igitur,
357 3664 420 3705 non
438 3641 693 3711 mediocribusjet
710 3634 829 3703 levibus
845 3642 940 3724 plagis
959 3644 1107 3724 acceptis,
1130 3643 1235 3723 sed-in
1260 3678 1262 3685 ν
1292 3643 1314 3693 .‘

13 3782 20 3797 ,
68 3744 236 3791 extremum
261 3730 423 3789 discrimen
438 3730 612 3789 adductum
638 3739 693 3808 per¹
716 3728 844 3788 istorum
867 3729 1082 3829 oontumeliam
1109 3742 1139 3789 et
1163 3749 1264 3809 pro-r
1301 3740 1304 3759 ’

66 3818 249 3889 t-ervitatem,
267 3815 416 3875 actionem
425 3813 543 3886 multo,
561 3834 650 3892 quam
668 3812 904 3886 conveniebat,
895 3813 1062 3874 instituisse
1080 3814 1237 3897 leviorem,
1328 3882 1333 3889 ,

67 3901 268 4000 perspicuum
275 3899 367 3960 vobis
385 3897 516 3959 arbitror
534 3919 599 3959 esse
616 3898 735 3958 sactum
753 3902 896 3958 Vestrum
910 3910 1011 3958 autem
1025 3900 1127 3958 mirari
1143 3915 1235 3978 quos·
1258 3914 1321 3970 302

17 4060 19 4064 Ι
70 3988 143 4051 dam
158 3985 314 4056 existimo,
340 3983 413 4065 quid
431 3985 552 4044 tandem
580 3981 656 4043 illud
675 3982 739 4058 sit,
756 3983 839 4062 quod
858 3979 967 4042 Conon
983 3984 1023 4044 ad
1041 3983 1115 4044 haec
1133 3980 1280 4044 dicere
1293 4002 1296 4008 ’

70 4072 111 4133 sit
129 4090 264 4132 ausurus
299 4069 439 4150 Inprimis
465 4068 578 4152 igitur
572 4069 678 4127 dicam
696 4068 789 4128 vobis
803 4088 854 4143 ea,
880 4089 935 4150 per
949 4088 1029 4146 quae
1048 4078 1117 4128 eum
1136 4061 1237 4143 audio,

69 4179 103 4217 re
123 4179 139 4216 a
158 4155 341 4225 contumelia
361 4167 391 4214 et
409 4154 463 4226 iis,
488 4149 689 4234 quaefacta
677 4167 766 4228 sunt,
779 4145 928 4226 abducta,
946 4173 1069 4255 operam
1087 4154 1281 4228 daturum,

69 4256 106 4302 ut
121 4264 190 4303 eam
209 4240 242 4299 in
260 4241 361 4300 iocum
379 4239 547 4323 ludumque
565 4251 737 4300 convertat
756 4250 809 4312 et,
821 4239 932 4298 niultos
952 4256 1017 4298 esse
1035 4240 1068 4298 in
1085 4238 1173 4299 urbe
1179 4239 1238 4298 tos
1330 4256 1334 4263 ’

18 4340 21 4349 ·
70 4340 230 4388 nostorum
247 4326 382 4408 ¹virorum
400 4323 511 4400 filios,
516 4346 575 4405 qm
560 4319 713 4386 ludibrii
731 4342 833 4400 cauea,
850 4337 892 4386 ut
904 4323 1054 4386 homines
1060 4324 1237 4388 adolescen-
1279 4366 1284 4373 -

768 4485 985 4529 ς’..
