2722 4754
351 182 631 248 ADVERSUS
646 179 1008 245 MIMOCRATEM
1084 278 1087 284 μ
1200 188 1259 247 331

114 336 203 405 Unum
221 357 306 410 vero,
325 338 408 416 quod
427 337 526 399 habeo
542 337 704 411 marimum
723 349 761 397 ιι
771 335 1054 439 expeditissimum,
1064 314 1165 401 dicere
1182 335 1263 415 apu'd
1339 411 1343 414 ι

110 442 159 489 vos
170 447 228 489 ιιοιι
246 412 408 483 dubitabo:
425 435 554 482 vestram
572 415 765 496 sententiam,
783 445 872 502 quam
890 422 980 483 iurati
994 423 1031 483 de
1045 421 1188 485 omnibns
1195 421 1263 481 fer

104 509 155 589 tis,
176 509 258 609 tolli,
275 509 420 608 omnique
438 509 625 570 auctoritare
640 508 765 590 spoliari
782 508 878 591 lege
868 509 975 581 istius,
991 529 1055 568 non
1073 521 1109 568 ut
1126 528 1288 567 commu-

96 596 187 660 nitati
202 593 311 655 civium
330 594 492 674 quicquam
509 595 685 655 commodet
701 592 784 678 (nam
803 593 835 652 id
854 593 908 672 qul
925 593 992 652 heri
1009 607 1110 674 queat,
1128 614 1197 654 cum
1214 594 1263 655 iu-

93 679 200 753 diciis,
227 699 304 759 quae
329 679 562 780 rempublicam
572 680 749 753 continent,
780 678 894 738 litium
905 678 1147 752 aestimationes,
1173 699 1262 760 quae,
1285 678 1347 741 445

85 780 222 844 quamue
242 764 399 846 singulis
389 765 509 825 iniuriis
528 765 705 839 debeantur,
724 764 842 847 legibus
862 763 1021 827 definitum
1038 777 1093 838 ιιι,
1112 765 1312 846 eripiati),

79 855 143 913 ιιδ
167 865 200 912 ut
216 849 375 923 nonnulli,
401 852 453 930 qui
472 851 531 917 iam
549 852 644 945 longo
662 864 801 931 tempore
825 849 931 911 vestris
958 848 1068 929 opibus
1087 849 1174 909 abusi
1192 862 1266 910 sunt

74 947 103 996 et
127 937 235 997 multa
252 948 352 1005 vestra
370 936 580 1018 diripuerunt,
608 941 666 996 nec
682 957 738 1017 per
763 935 956 999 manifestum
974 933 1070 995 ablata
1088 932 1265 1015 peculatum
1279 1011 1286 1017 ἱ

67 1022 260 1082 restituant
304 1013 403 1081 Tanto
422 1035 523 1089 autem
542 1023 731 1082 commodius
749 1034 811 1095 est,
829 1021 968 1103 privatim
987 1020 1134 1119 quosdam
1152 1020 1264 1094 colere,

63 1123 194 1183 quam
191 1118 334 1166 vestrum
361 1106 407 1164 ius
426 1108 537 1181 tucri,
548 1120 585 1167 ιιι
601 1106 659 1167 iste
677 1107 714 1167 ab
734 1108 792 1168 illis
817 1126 958 1190 nummos
968 1105 1133 1186 acceperit
1151 1118 1182 1165 et
1199 1125 1264 1165 non

56 1190 178 1293 prims
194 1191 272 1251 hauc
290 1213 346 1272 pro
366 1191 408 1253 eis
427 1192 527 1276 legem
543 1193 665 1267 tulerit,
690 1213 750 1276 ego
768 1180 866 1254 vestra
893 1212 980 1252 causa
998 1193 1035 1256 de
1051 1191 1136 1250 mille
1156 1189 1263 1289 drach·

52 1275 152 1338 onis
168 1277 201 1337 in
220 1276 395 1357 periculum
421 1279 554 1338 veniam:
580 1272 704 1337 tantum
717 1279 825 1351 abest,
845 1291 880 1337 ιιι
898 1299 914 1341 a
932 1276 1019 1337 vohis
1045 1276 1161 1356 aliquid
1184 1273 1263 1347 acei-

49 1357 201 1459 [iarn.-
222 1362 414 1442 Quamquam
433 1377 534 1423 autem
552 1363 620 1422 fere
635 1383 765 1437 omncs,
778 1386 831 1443 qui
822 1361 1005 1443 'publicum
1022 1362 1148 1441 aliquod
1166 1380 1264 1443 nego.

46 1441 170 1519 hum
186 1447 426 1508 administrare
416 1449 591 1520 instituunt,
605 1445 710 1508 dicere
728 1449 839 1521 solent,
857 1468 976 1507 summo
994 1461 1095 1508 vestro
1114 1447 1217 1506 studio
1232 1458 1265 1506 ιι

41 1532 352 1593 ιῐιίιιιιδιιιιίοιιι
379 1528 481 1616 digna
498 1554 563 1593 esse
583 1553 633 1607 ea,
659 1534 862 1614 dequibus
852 1534 911 1614 ipsi
934 1531 1025 1593 verh'a
1049 1532 1176 1593 faciant:
1203 1552 1263 1614 ego

41 1619 209 1719 amen,
235 1617 348 1697 siquis
374 1619 471 1679 alius
475 1639 610 1698 unquam
635 1619 700 1679 hoc.
721 1641 736 1679 e
737 1619 845 1701 ordio
872 1619 1091 1680 convenienter
1114 1639 1188 1678 usus
1207 1629 1264 1691 est,

43 1697 111 1760 d
141 1702 232 1764 etiam
250 1702 326 1762 mihi
344 1725 426 1765 nunc
444 1704 527 1765 dictu
547 1706 691 1764 decorum
710 1725 775 1766 esse
793 1719 877 1786 puto.
904 1705 1062 1784 Siquidem
1080 1704 1117 1763 ad
1134 1703 1264 1763 felicita

41 1801 162 1853 iem
173 1788 357 1871 reipublicae
377 1803 408 1850 et
425 1789 532 1893 populi
549 1774 747 1850 libertatem
738 1813 769 1850 ιιι
783 1791 846 1852 ulla
859 1811 892 1850 re
907 1790 965 1851 alia
982 1789 1050 1870 plus
1069 1809 1134 1849 esse
1153 1788 1263 1849 virium

41 1885 127 1933 et
143 1874 298 1949 momenti,
317 1896 408 1955 quam
426 1879 458 1937 in
476 1877 593 1958 legum
598 1876 793 1949 auctoritate,
810 1876 843 1936 id
862 1896 919 1958 ego
937 1876 1090 1937 neminem
1110 1873 1263 1934 dicturum

41 1971 178 2032 puto.
204 1957 337 2020 Asuero
356 1976 438 2021 nunc
457 1962 493 2021 de
513 1961 594 2021 hac
585 1983 649 2042 rpsa
666 1983 699 2021 re
718 1920 956 2026 deliberandum
967 1973 1023 2034 est,
1039 1974 1143 2020 utrum
1162 1971 1263 2019 caete-

41 2058 136 2102 ras
155 2045 188 2104 le
210 2066 243 2104 es
258 2045 372 2105 avobis
390 2047 578 2132 approbatas,
598 2047 736 2127 quihus
727 2045 988 2143 miuriaepcivitati
1005 2046 1100 2105 lactas
1118 2051 1263 2107 coercen-

41 2118 155 2201 uu,
174 2067 367 2213 abrogandae
386 2133 463 2205 sint,
483 2144 514 2192 ιι
530 2132 586 2191 ista
605 2133 800 2213 perferenda·
825 2154 863 2192 an
882 2144 987 2191 contra
1005 2131 1107 2212 potius
1126 2129 1183 2189 ista
1200 2128 1263 2188 tol-

41 2206 200 2295 lenda,
228 2228 364 2288 caeterae
382 2230 482 2276 autem
497 2217 699 2277 retinendae?
734 2217 822 2276 Res
813 2217 924 2300 igitur,
941 2238 1000 2295 qua
1017 2218 1055 2276 de
1074 2214 1161 2274 vohis
1180 2235 1263 2273 nunc

44 2288 288 2360 indicandum
308 2315 370 2375 est,
395 2303 421 2361 si
440 2303 508 2381 quis
526 2301 713 2382 paucissimis
732 2302 894 2383 complecti
911 2300 1006 2374 velit,
1025 2301 1099 2361 hacc
1118 2313 1170 2360 cst.
1214 2298 1264 2358 Ne

52 2384 171 2463 quis
167 2405 251 2444 vero
269 2398 402 2447 vestrum
428 2387 572 2461 miretur,
598 2386 795 2467 quamobrem
814 2408 888 2470 ego,
914 2386 1034 2466 reliquo
1058 2384 1164 2454 aetatis
1182 2397 1262 2444 tem-

64 2488 168 2550 porc
182 2469 234 2554 (ut
248 2469 327 2530 mihi
346 2472 468 2550 quidem
493 2471 679 2572 persuadeo)
695 2474 850 2533 moderate
868 2484 1037 2547 transacto,
1063 2492 1146 2531 nunc
1163 2469 1196 2528 in
1210 2469 1262 2529 iu-

72 2554 177 2615 diciis
196 2567 227 2615 et
245 2557 487 2635 accusationibus
505 2558 634 2639 puhlicis
652 2579 764 2632 verser,
782 2559 861 2639 apud
876 2577 930 2617 vos
948 2574 1043 2637 pauca
1061 2555 1218 2637 praefari
1206 2573 1263 2613 vo-

76 2639 132 2740 lq,
150 2650 229 2720 quae
248 2663 265 2701 a
281 2664 316 2702 re
334 2642 430 2702 aliena
449 2663 512 2703 non
531 2657 628 2704 erunt
663 2645 741 2726 Ego,
760 2642 974 2744 Athenienses,
992 2642 1112 2722 suscepi
1129 2637 1263 2700 inimici

84 2722 156 2785 tias.
165 2725 299 2786 hominis
296 2727 450 2828 improbi
468 2742 499 2788 ιι
518 2729 620 2788 odiosi
637 2742 668 2789 ct
686 2729 769 2789 diis
761 2729 869 2807 invisi,-
893 2749 942 2787 cur
933 2727 1083 2787 tandem
1100 2737 1166 2786 tota
1185 2722 1263 2804 quo-
1301 2722 1305 2729 ’

94 2830 156 2890 quc
174 2811 275 2872 civius
294 2813 416 2873 inimica
430 2814 507 2873 facta
522 2826 590 2887 cst,
593 2813 818 2875 Androtionem
837 2813 924 2873 dico·
941 2799 1090 2891 uncoque
1107 2832 1175 2875 sum
1193 2830 1263 2891 gra·
1337 2810 1360 2847 ·‘

92 2894 228 2957 viorihns
246 2897 283 2956 ab
303 2919 341 2958 eo
367 2898 486 2958 iniuriis
504 2899 648 2973 allectus,
674 2923 764 2979 quarn
781 2900 969 2970 Euctemon,
998 2897 1094 2976 quod
1091 2895 1150 2957 hic
1168 2915 1262 2975 pecu-

92 2979 171 3041 niae
180 2983 388 3043 nonnullam
378 2986 523 3059 iacturam
541 2984 623 3056 seuit,
642 3006 700 3067 ego
718 3005 824 3058 vero,
821 2983 854 3045 si
873 2995 999 3050 conatus
1018 2981 1108 3043 illius
1118 2982 1262 3043 adversus

93 3085 140 3125 ιιιι
166 3065 301 3168 improbi
328 3089 500 3130 successum
527 3068 722 3144 habuissent,
746 3091 810 3129 non
830 3069 928 3129 modo
953 3067 1090 3129 fortunis
1109 3065 1265 3139 omnibus,

94 3151 147 3210 sed
163 3150 225 3211 vita
245 3153 335 3214 etiam
360 3155 426 3235 ipsa
451 3176 547 3215 essem
573 3154 770 3235 spoliatus,
760 3175 823 3214 imo
841 3175 898 3214 nec
916 3153 964 3228 id,
989 3154 1075 3233 quod
1101 3169 1263 3224 commune

95 3247 140 3295 ιιι
158 3237 319 3313 omnibns,
345 3242 490 3301 excedere
508 3239 585 3312 vita,
610 3239 686 3299 mihi
704 3240 792 3300 facile
816 3240 931 3299 suisset.
973 3237 1104 3313 Nemea
1128 3236 1269 3310 crimina,¹

94 3340 171 3400 quae
189 3323 237 3381 vir
253 3324 388 3404 prudens
407 3326 496 3385 etiam
515 3325 627 3385 invitus
647 3326 801 3398 nominet,
820 3337 925 3385 contra
943 3345 991 3384 mc
1010 3335 1212 3396 commentus,
1228 3332 1265 3382 ut
1321 3354 1324 3360 ·

96 3404 160 3485 qui
157 3420 283 3486 patrem
302 3410 497 3484 occidissem,
523 3410 615 3470 dica*
606 3411 769 3491 impietatis
788 3409 916 3490 impacta
934 3430 982 3471 me
1000 3430 1087 3470 rcum
1104 3408 1185 3468 lecit.
1228 3408 1278 3465 ln·

87 3511 157 3571 ¹quo
174 3491 300 3569 iudicio,
319 3498 403 3576 quod
422 3496 558 3576 quintam
576 3494 791 3578 suffragiorum
809 3507 925 3595 partem
942 3515 1006 3554 uon
1022 3493 1161 3566 tulisset,
1172 3490 1265 3557 mille
1311 3518 1314 3524 ·
1341 3571 1344 3575 ἱ

93 3574 243 3638 drachmis
264 3594 309 3640 est
328 3583 500 3643 damnatus·
526 3601 583 3663 ego
601 3602 693 3655 vero,
709 3581 800 3642 sicuti
818 3581 932 3641 iustum
950 3579 1059 3654 fuit,
1049 3578 1187 3659 inprimis
1207 3596 1265 3656 ope

92 3662 223 3722 deorum
241 3665 468 3741 immortalium,
486 3665 597 3726 deinde
615 3680 716 3729 vestro
736 3667 844 3740 etiam,
862 3665 997 3739 ludices,
1015 3664 1127 3725 auxilio
1145 3662 1282 3729 incolu-

92 3747 150 3807 mis
169 3749 259 3809 evasi.
302 3751 408 3821 Eum'
399 3753 510 3835 igitur,
527 3773 543 3812 a
562 3773 624 3832 quo
642 3752 752 3813 talibus
771 3773 868 3813 essem
881 3749 1005 3811 insidiis
1023 3750 1191 3831 appetitos,
1209 3746 1266 3807 ho

93 3845 173 3893 stem
192 3834 269 3894 mihi
287 3835 572 3937 irrecqnciliabilem
590 3836 762 3898 arbitrabar.
807 3834 884 3898 Cum
901 3857 974 3896 vero
993 3836 1146 3907 viderem,
1171 3832 1207 3893 ab
1228 3852 1264 3893 eo
1288 3833 1350 3893 446

92 3921 317 3980 communiter
323 3935 418 3983 totam
445 3922 596 3982 civitatem
620 3943 685 3983 csse
710 3924 836 3998 laesam,
862 3935 927 3983 tum
952 3921 1108 4004 exigendis
1132 3917 1268 3992 tributis,

90 4016 161 4065 tum
177 4006 270 4066 sacris
288 4007 365 4068 vasis
384 4008 598 4082 conficiendis,
624 4029 824 4090 magnamquc
848 4006 1007 4088 pecuniam
1026 4006 1134 4088 partim
1152 4003 1267 4064 Miner-

89 4110 165 4163 vae,
192 4091 303 4171 partim
321 4092 465 4167 heroum,
491 4093 600 4173 partim
618 4093 747 4154 civitatis
766 4094 893 4166 habere,
920 4114 1010 4171 quam
1028 4112 1092 4151 non
1109 4090 1268 4150 redderet:

69 4186 152 4236 'una
170 4197 243 4236 cum
260 4177 451 4247 Euctemone
470 4200 536 4237 sum
556 4201 625 4240 eum
651 4201 828 4262 aggressus,
858 4177 1048 4238 occasionem
1075 4176 1151 4253 mihi
1169 4176 1268 4235 datam

91 4281 157 4322 esse
177 4275 263 4322 ratus
282 4275 314 4322 ct
330 4262 516 4345 reipublicae
545 4264 753 4326 defendendae
774 4279 804 4326 et
821 4264 913 4324 factas
932 4261 1034 4322 mibi
1025 4260 1149 4323 iniurias
1167 4260 1266 4321 viudi—
1331 4288 1334 4292 ·

89 4346 188 4408 caudi
204 4348 338 4409 Vellem
356 4362 468 4423 autem,
486 4361 517 4410 et
534 4372 596 4411 me.
593 4350 665 4411 -ιοιί
682 4351 750 4412 lieri
766 4362 942 4431 compotem
960 4360 992 4409 et
1008 4347 1101 4411 istum
1119 4369 1155 4410 ea
1171 4346 1267 4418 luere,
