2722 4754
83 153 200 279 ,sss
309 258 315 267 ι
368 212 384 258 2
419 132 1047 282 uunosrnunvsounvvof

135 332 281 404 cessisset
297 332 386 393 alteri
403 331 542 412 oculum,
568 347 605 394 nt
622 347 653 394 et
670 334 729 415 ipsi
719 333 855 394 oculus
874 345 1086 407 excuteretur,
1112 352 1169 392 nec
1187 332 1218 392 id
1235 355 1285 393 roc
1306 367 1361 396 n

101 426 104 437 '
134 420 261 524 plicium
278 419 351 479 ulla
358 417 469 477 redimi
481 416 614 503 pe‘eunia
631 433 749 500 posset·
765 420 895 499 quidam
914 418 1116 480 comminatus
1134 417 1260 478 fertur
1251 441 1282 479 ιιι

58 560 62 565 ,
133 505 241 573 micus
250 503 393 578 inimico,
420 527 516 564 unum
536 499 660 567 oculum
686 505 827 579 habenti,
853 527 885 566 sc
903 505 949 564 illi
967 527 1038 566 eum
1061 525 1159 563 unum
1186 504 1278 564 oculu

134 612 341 674 excussurum
374 586 434 651 Eas
451 591 547 651 minas
564 592 666 653 luscus
685 591 736 651 ille
756 611 846 673 aegre
863 591 974 665 serens,
997 613 1067 654 cum
1085 589 1172 650 sibi
1163 610 1196 649 ιιι
1214 590 1322 653 cccc?

133 690 197 738 tate
214 676 307 738 vitam
326 688 426 738 morte
453 669 640 737 acerbiorem
664 677 731 737 fore
749 689 888 758 putaret,
913 668 1011 737 fertur
1034 698 1125 736 ausus
1146 695 1213 734 csse
1232 675 1336 743 ferr-0

54 823 57 826 Α
134 766 252 865 legem:
279 761 313 821 Si
332 762 398 842 quis
418 763 541 823 oculum
560 762 647 825 lusco
667 763 849 835 excusserit,
874 762 923 821 illi
942 776 1047 822 contra
1065 747 1234 841 utrnnique
1255 762 1318 822 eri

127 846 298 933 piendum,
324 859 359 909 ut
377 871 442 929 para
433 846 629 909 calamitate
650 849 774 929 utrique
794 846 1017 909 conflictentur.
1060 848 1101 907 Et
1120 848 1199 907 hanc
1217 847 1312 948 solam

124 937 235 1021 'le'gem
258 931 391 994 sanxisse
416 933 558 994 serrantur
581 935 748 994 Locrenses
775 934 903 1015 amplius
931 956 1022 1014 quarn
1049 933 1191 994 ducentis
1219 933 1311 996 annis

134 1020 178 1083 Aa
194 1019 289 1120 vestri
314 1032 472 1092 oratores,
497 1019 631 1094 ludices,
658 1020 789 1101 primurn
803 1020 943 1120 singulis
962 1020 1027 1080 sere
1051 1018 1212 1080 mensibus
1231 1019 1347 1100 leges

134 1104 285 1189 sibiipsis
304 1062 516 1171 conducibiles
534 1105 652 1166 ferunt:
672 1105 810 1165 deinde
801 1129 859 1187 1psr
850 1106 1017 1167 homines
1036 1103 1205 1207 plebeios
1196 1127 1236 1164 ιιι
1250 1125 1310 1165 ιιι-

99 1216 111 1229 .
134 1213 235 1259 cerem
253 1192 387 1264 ducunt,
414 1191 537 1271 quaudo
556 1214 626 1253 cnm
650 1204 803 1273 potestate
829 1206 918 1266 sunt,
943 1193 1052 1253 idem
1043 1215 1091 1252 rus
1109 1191 1141 1251 in
1156 1211 1195 1282 se
1214 1190 1315 1250 valere

67 1290 75 1309 ‘
133 1300 199 1341 non
216 1277 390 1360 patiuntur:
416 1276 558 1378 denique
568 1278 692 1338 Solonis
711 1279 793 1361 leges
813 1279 886 1338 olim
905 1279 1103 1360 approbatas,¹
1121 1273 1198 1358 qua's
1218 1277 1315 1336 moio-

132 1386 183 1428 res
202 1362 302 1424 nostri
317 1362 483 1436 sciverunt,
501 1363 559 1444 ipsr
550 1360 735 1451 altrogant,
753 1365 827 1439 suis,
846 1387 924 1444 qnae
939 1364 1106 1425 laedendae
1123 1358 1316 1462 reipublicae

133 1452 226 1523 sunt,
243 1471 297 1511 vos
315 1449 362 1510 uti
381 1462 525 1530 oportere
544 1461 678 1511 censent
720 1449 815 1510 Nisi
806 1450 901 1533 igitur
917 1451 993 1511 istos
1011 1450 1187 1532 punieritis.
1215 1448 1317 1547 primo

134 1548 261 1620 quoqne
278 1545 420 1616 tempore
436 1535 603 1620 multitudo
622 1533 754 1598 belluis
745 1537 810 1596 istis
824 1537 937 1596 servire
957 1549 1093 1620 cogetur
1111 1537 1225 1616 Neque
1243 1540 1318 1595 ver‘o

118 1620 370 1708 ,ιιιιιιιιιιιιιίιι
388 1621 576 1697 ludices,
550 1645 577 1682 ιι
595 1622 706 1682 acriter
717 1622 986 1696 animadvertatis,
1003 1623 1106 1683 minus
1125 1643 1179 1683 eos
1199 1621 1319 1721 impro-

17 1735 19 1738 ⁴
133 1708 191 1769 lto's
209 1706 346 1767 futuros.
374 1708 423 1769 sin
448 1707 566 1780 miuus,
591 1707 705 1769 multos
723 1707 791 1768 lore
814 1709 1006 1790 petulantes,
1031 1709 1120 1790 qui,
1129 1708 1229 1779 duur
1224 1706 1319 1787 vestri

71 1791 89 1822 ''
102 1848 106 1855 .
119 1791 270 1859 'studium
288 1804 320 1852 ct
336 1792 526 1878 reipublicae
541 1794 695 1875 simulant,
719 1815 774 1854 vos
793 1794 997 1857 ludificentur.
1041 1797 1084 1855 Ut
1100 1808 1206 1857 autem
1226 1795 1265 1855 de
1284 1813 1319 1853 ea

131 1880 209 1964 lege
221 1878 338 1959 aliquid
356 1879 487 1953 dicam,
489 1901 580 1958 qnam
598 1899 669 1948 eum
688 1880 865 1960 exempli
836 1902 903 1940 rice
921 1877 1100 1943 allaturum
1101 1881 1197 1943 audio
1215 1902 1252 1941 ac
1271 1879 1320 1939 di-

55 1978 62 1987 '
132 1978 271 2040 cturum,
289 1987 323 2025 se
340 1964 451 2025 illam
441 1964 593 2025 imitatum
611 1976 643 2023 et
659 1978 817 2039 secutum,
842 1987 902 2046 qua
919 1965 1130 2028 contineatur:
1156 1966 1278 2027 Non
1249 1988 1321 2028 vrn-

133 2052 210 2154 ciam
226 2051 326 2115 ullum
342 2048 582 2123 Atheniensem,
601 2072 661 2131 qur
652 2049 770 2111 vades
796 2051 917 2113 dederit
939 2064 1002 2131 tres
1029 2054 1168 2114 ciusdem
1192 2073 1321 2127 ιειιιιιι,

71 2148 74 2153 ’
132 2137 194 2215 nisi
212 2137 281 2238 quis
297 2131 338 2197 ad
354 2135 463 2199 urbem
488 2137 678 2218 prodendam
705 2150 758 2198 aut
775 2138 966 2219 popularem
971 2151 1084 2199 statum
1102 2139 1336 2233 abrogandum¹

9 2229 12 2233 ’
44 2256 47 2262 ·
132 2223 373 2309 conspiraverit,
396 2236 450 2287 aut
467 2235 568 2285 emtor
583 2222 793 2305 vectigalium,
811 2236 866 2284 aut
881 2235 1028 2304 sponsor,
1047 2239 1101 2288 aut
1117 2226 1245 2287 coactor
1261 2245 1322 2306 pc-

41 2325 50 2338 *
132 2310 254 2373 cuniam
273 2330 337 2374 non
355 2308 538 2369 numerarit·
549 2308 659 2382 audite
677 2311 783 2371 mede
802 2309 858 2370 hac
877 2311 975 2371 etiam.
1011 2311 1084 2371 Non
1103 2312 1186 2373 enim
1207 2312 1322 2384 dicam,

131 2397 232 2488 ipsum
249 2394 506 2457 Androtionem
496 2416 529 2455 ιιι
547 2414 699 2455 carcerem
718 2397 798 2459 cives
818 2395 939 2458 dnmsse
959 2410 990 2458 et
1007 2397 1151 2472 vinxisse,
1169 2398 1229 2459 hac
1236 2399 1321 2491 lege

131 2504 196 2545 non
213 2483 374 2567 abrogata·
393 2483 447 2543 sed
464 2468 542 2541 illud
560 2481 700 2566 edocebo
718 2504 790 2556 vos,
809 2483 1009 2583 quamobrem
1028 2484 1104 2546 haec
1121 2486 1180 2544 lex·
1188 2480 1252 2545 lata
1271 2483 1322 2543 sit.

48 2611 61 2653 ¹.
131 2568 188 2631 Est
198 2591 287 2631 emm
305 2567 472 2631 constituta
489 2587 554 2628 nou
572 2566 613 2627 in
625 2589 732 2629 eorum
746 2569 898 2669 ιζιιιίιιιιι
912 2570 950 2630 de
970 2569 1081 2650 quibus
1100 2571 1254 2632 indicium
1273 2569 1320 2637 sa-

132 2669 216 2719 ctum
240 2667 308 2729 est,
345 2653 399 2735 qui
424 2675 544 2714 causam
571 2653 604 2712 in
622 2655 779 2736 praetorio
809 2655 968 2717 dixerunt:
1012 2657 1066 2717 sed
1094 2670 1249 2743 propter
1253 2676 1339 2727 eos,-

131 2741 217 2824 qni
212 2740 380 2801 uonddm
361 2762 403 2804 ru
428 2738 578 2800 indicium
603 2754 772 2815 venerunt,
797 2763 836 2802 ue
855 2755 908 2801 aut
931 2755 1062 2845 propter
1084 2743 1210 2804 vincula
1229 2764 1318 2804 suam

131 2848 252 2895 mnsam
273 2825 503 2887 incommodius
522 2839 628 2926 agant,
653 2840 713 2889 aut
723 2843 849 2908 prorsu's
868 2827 1007 2910 imparati
1026 2829 1316 2893 circumveniantur.

130 2916 191 2977 lete
209 2933 295 3008 vero,
313 2933 391 2991 quae
409 2912 468 2982 his,
487 2912 541 2990 qni
559 2928 678 2973 cansam
697 2935 762 2974 non
781 2914 941 2990 dixerunt,
958 2914 1211 2995 patrocinantur,
1229 2915 1316 2997 qnasi

22 3011 111 3072 474
130 2999 168 3061 ad
187 2996 295 3058 omnes
295 2996 536 3078 pertinerent,
547 2998 627 3076 apud
645 3017 700 3057 vos
728 2997 864 3058 dicturus
884 3006 938 3058 cst.
973 2997 1025 3059 Sic
1049 3012 1153 3063 autem
1158 3023 1254 3103 Nego
1247 3020 1316 3061 rem
1338 3070 1347 3080 Ι

98 3161 106 3171 ἱ
131 3083 302 3167 explicabo,
318 3094 354 3143 ut
370 3103 420 3143 rue
438 3102 509 3141 vcra
527 3080 615 3162 loqui
634 3081 805 3143 evidenter*
793 3082 996 3184 intelligatis.
1031 3085 1105 3151 Nec
1115 3087 1210 3161 enirn,
1227 3085 1254 3151 si
1273 3086 1316 3147 ita

62 3192 66 3199 ’
118 3183 223 3244 essct,
240 3169 376 3243 ludices,
392 3166 481 3230 vobis
499 3165 607 3230 liceret
624 3168 844 3270 pronuntiare,
862 3171 937 3250 quid
955 3170 996 3232 sit
1012 3171 1161 3235 luendum
1178 3187 1234 3235 eut
1249 3172 1316 3233 sol-

130 3257 265 3323 vendum
283 3253 368 3338 (nam
385 3253 497 3316 luendi
508 3253 604 3316 verbo
622 3255 713 3316 etiam
734 3255 856 3341 vincula
874 3257 1104 3341 continentur)·
1124 3272 1191 3321 non
1206 3259 1313 3347 igitur,
1345 3272 1348 3277 '

131 3344 267 3425 inquam,
284 3341 440 3415 licuisset,
457 3330 689 3403 vinculorum
671 3341 865 3414 meminisse,
883 3364 996 3424 neque,
1014 3366 1093 3424 quos
1113 3344 1202 3406 alicui
1217 3342 1313 3419 liceat

132 3430 252 3493 deferre
270 3441 323 3491 aut
340 3427 530 3501 abducere,
519 3448 553 3487 ιιι
571 3427 691 3510 legibus
709 3429 896 3530 adscriptum
914 3429 1217 3491 fuissesortitum
1233 3449 1314 3490 vero

132 3529 186 3581 aut
208 3515 373 3577 abductum
400 3513 559 3576 vinciunto
577 3513 822 3578 Undecimviri
812 3538 846 3577 ιιι
872 3529 997 3577 catasta:
1034 3515 1061 3576 si
1085 3537 1150 3577 non
1172 3514 1315 3575 licuisset

78 3621 89 3633 ⁵
133 3603 227 3676 alio's,
252 3602 314 3663 nisi
332 3601 385 3682 qui
403 3601 440 3661 ad
458 3600 649 3682 prodendam
667 3600 775 3667 urbem
803 3614 856 3662 aut
874 3597 910 3660 ad
929 3601 1126 3682 popularem'
1126 3606 1240 3663 statum
1259 3594 1315 3679 alr-

132 3688 303 3772 rogandum
322 3687 559 3786 conspirassent,
576 3699 629 3747 ant
646 3687 842 3772 vectigalium
859 3689 1060 3788 redemtores,
1079 3687 1138 3767 qui
1150 3683 1315 3769 pecuniam

106 3837 111 3847 ,
133 3797 198 3841 non
216 3786 442 3846 numerasscnt,
464 3770 588 3834 vincire.
631 3765 722 3833 Nunc
741 3773 815 3832 hacc
840 3794 892 3833 cer
893 3772 1008 3840 tissima
1026 3773 1114 3833 vohis
1132 3783 1315 3865 argumenta

134 3861 212 3937 sint,
243 3856 336 3920 licere
357 3857 493 3920 vincire:
530 3857 601 3937 quia
627 3857 744 3938 alioqui
769 3859 900 3919 mulctae
925 3880 1050 3941 prorsus
1072 3858 1191 3919 irritae
1202 3850 1317 3921 forent-

133 3946 254 4008 Deinde
273 3945 420 4048 scriptum
438 3943 532 4015 illud,
552 3941 772 4004 Athenienses.
797 3944 976 4045 «Neque
947 3944 1077 4005 vmciam
1095 3944 1195 4017 ullum
1213 3942 1315 4004 Athe-

57 4074 59 4079 .
134 4031 312 4093 niensium»
330 4032 429 4114 ips'um
444 4046 501 4112 per
511 4050 578 4089 sese
592 4040 657 4091 non
673 4043 720 4093 est
737 4030 795 4103 lex,
813 4031 894 4090 scd
885 4053 918 4091 ιιι
936 4030 1134 4091 iureiurando
1154 4027 1315 4090 senatorio

59 4146 62 4151 ·
135 4117 332 4190 continetur,
356 4129 450 4177 utne
469 4130 605 4178 oratores
623 4116 660 4177 in
683 4129 791 4176 senatu
815 4115 912 4179 civem
929 4116 1061 4216 aliquem
1079 4136 1136 4197 per
1153 4115 1314 4196 conspira-

77 4198 95 4251 ἶ
136 4202 253 4263 tionem
269 4202 300 4262 in
314 4202 435 4264 vincula
446 4201 618 4265 coniiciant
636 4201 756 4262 Solon
747 4201 850 4284 igitur,
869 4216 905 4263 ut
917 4201 1036 4263 senatui
1050 4201 1209 4263 vinciendi
1221 4212 1315 4284 pote-

137 4299 245 4349 statem
268 4281 441 4369 adimeret,
461 4291 539 4351 hanc
570 4287 770 4370 appendicem
805 4287 931 4363 adiecit,
962 4289 999 4349 ad
1017 4287 1224 4359 senatorium,
1248 4307 1318 4347 non

138 4374 174 4434 ad
197 4386 332 4449 vestrum
357 4375 567 4438 iusiurandum
598 4373 819 4456 pertinentem:
853 4396 922 4434 nam
946 4395 1093 4436 summam
1124 4373 1319 4478 iudiciorum
