2722 4754
1274 31 1284 55 b

280 180 282 184 ’
321 154 590 294 aurursus
623 188 1033 293 riur'aa‘uurun
1102 199 1105 203 ’
1187 205 1276 265 4⁵⁵.

58 357 241 438 mancipia,
271 360 346 420 Eius
362 348 723 443 pecuniaequadraginta
742 361 877 441 quinque
896 360 996 420 minae
1014 377 1097 428 meae
1115 356 1251 428 fuerunt,

60 442 231 504 talentum
250 446 372 528 Euergi.
407 447 569 508 Acciderat
586 448 696 519 autem,
714 458 749 506 ut
767 448 823 504 iste
842 445 968 505 deberet
985 441 1129 517 Mnesiclig
1143 438 1250 524 Cotye-¹

63 531 163 590 aenst
182 525 348 603 talentum,
374 526 673 609 Pbileae'Eleusinio
701 544 732 590 ct
748 529 874 588 Plistori·
898 531 1095 612 quadraginta
1114 527 1251 608 quinque
1313 531 1325 606 '⁶

68 616 186 676 minas.
230 616 384 676 Venditor
410 618 549 677 officinae
576 631 607 676 ct
629 615 849 696 mancipiorum
872 615 961 674 nobis
980 616 1015 674 fit
1033 613 1192 673 Mnesicles
1210 608 1268 694 (is'
1295 680 1300 687 1

72 703 163 771 cuim
184 723 219 762 ea
236 701 288 762 isti
312 713 427 761 emerat
452 700 687 773 a'l'elemacbo,
712 700 815 781 priore
840 697 996 780 domino):
1025 710 1150 761 cavero
1176 701 1251 759 con'-

78 787 168 847 ducit
185 787 244 847 iste
262 809 279 846 a
297 787 386 846 nobis
404 810 495 848 usura
512 788 595 847 illius
614 786 741 869 argenti,
760 784 894 864 quinque
914 797 945 843 et
962 797 1084 843 centum
1103 781 1252 844 drachmis
1273 845 1277 856 Χ

29 931 33 934 ,
81 872 116 932 in'
132 872 274 955 singulos
293 893 420 934 menses.
466 871 650 932 Conficimus
669 870 803 944 tabulas,
830 869 940 949 quibus
960 879 991 927 et
1007 869 1119 928 locatio
1139 882 1170 929 et
1186 889 1251 928 cer-

84 970 147 1017 tum
173 958 328 1038 quoddam
352 971 491 1038 tempus,
519 959 599 1017 intra
623 958 740 1038 quod'a
759 954 848 1015 nobis
874 954 1036 1014 officinam·
1050 953 1078 1012 ei
1101 954 1253 1013 redimere

85 1043 206 1117 liceret,
225 1043 446 1103 continebatur.
490 1043 545 1103 His
564 1039 828 1108 actis‘Februario
847 1059 966 1112 mense,
991 1051 1131 1121 praetore
1149 1039 1254 1098 Theo-

86 1129 167 1208 pbilo
178 1170 197 1202 ,‚
212 1149 271 1211 ego
298 1129 397 1188 statim
415 1128 448 1187 in
466 1129 599 1188 Pontum
625 1127 779 1209 profectus
804 1147 887 1186 sum:
899 1126 973 1207 'iste
995 1136 1026 1184 et
1042 1125 1180 1205 Euorgas
1204 1123 1255 1182 bic

87 1213 215 1274 fuerunt
236 1213 392 1293 Quicquid
410 1214 491 1273 inter
508 1235 541 1274 se
560 1214 679 1297 egerint
697 1233 746 1271 me
761 1211 897 1285 absente,
914 1212 1016 1285 dicere
1034 1231 1104 1269 non·
1115 1228 1256 1290 possum:
1304 1234 1310 1245 s

85 1314 184 1378 neque
205 1298 288 1359 enim
308 1299 412 1358 eadem
431 1301 547 1372 dicunt,
565 1320 665 1378 neque
680 1316 801 1377 semper
812 1299 926 1370 eadem,
945 1298 1003 1356 iste
1022 1295 1151 1375 quidem.
1169 1292 1262 1380 Alias
1323 1312 1327 1316 ·

58 1385 166 1445 ‘enim
185 1384 312 1457 asserit,
338 1405 370 1443 se
390 1383 426 1442 ab
452 1385 509 1442 illo
536 1397 641 1445 contra
665 1395 750 1462 pacta
776 1384 843 1441 esse
866 1381 1020 1442 locatione
1046 1381 1076 1440 vi
1101 1398 1255 1441 eversum:

78 1467 173 1541 alias,
193 1492 264 1530 eum
283 1468 315 1527 in
334 1460 428 1527 causa'
439 1469 552 1541 fuisse,
570 1480 606 1528 ut
623 1468 654 1527 in
672 1466 829 1548 publicum
847 1458 913 1548 ipse
932 1466 1164 1535 inscriberetur:
1183 1463 1273 1539 alias¹
1296 1503 1298 1510 ·

70 1555 244 1636 quippiam
261 1552 358 1626 aliud,
378 1554 576 1632 quod'libuit
612 1553 786 1635 Ille-'autem
804 1552 996 1632 simpliciter,
1014 1573 1063 1626 se,
1081 1572 1138 1611 nec
1155 1547 1256 1612 usuris

72 1640 229 1713 redditis,
256 1658 313 1698 nec
332 1638 388 1698 alia
404 1659 442 1697 re·
462 1639 541 1712 ulla,
568 1660 644 1719 quae
662 1639 756 1719 pactis
783 1637 1010 1710 contineretur,
1035 1637 1073 1697 ab
1089 1639 1150 1697 isto
1168 1654 1256 1717 prac-

71 1727 173 1799 stita,
191 1723 371 1786 convenisse
390 1745 478 1797 eum,
497 1736 527 1783 et
544 1723 581 1783 ab
601 1744 637 1782 eo
656 1724 779 1784 volente
797 1741 886 1783 suum
902 1723 1069 1805 recepisse:
1093 1722 1256 1804 posthaec

75 1824 191 1872 autem
209 1809 377 1890 digressum
396 1809 488 1868 istum
506 1810 640 1883 redisse,
658 1809 858 1869 adducentem
876 1809 1040 1887 quosdam,
1060 1808 1112 1886 qui
1131 1819 1257 1866 contro,

72 1895 215 1957 versiam
233 1906 408 1954 moverent:
425 1913 456 1952 se
476 1893 544 1952 illos
563 1915 626 1966 non
644 1905 838 1974 persecutum
856 1914 937 1967 csse,
955 1914 1056 1972 neque
1074 1893 1165 1952 istum
1184 1911 1257 1971 pro-

70 1980 241 2051 hibuisse,
255 1998 321 2057 quo
340 1978 439 2037 minus
457 1991 595 2052 teneret,
620 1999 696 2057 quae
715 1978 917 2050 conduxerat,
936 1979 1029 2036 modo
1046 1978 1138 2036 fidem
1156 1986 1257 2035 serta-

71 2077 143 2152 ret·
178 2065 224 2125 Ex
242 2060 289 2121 bis
308 2059 402 2143 igitur
421 2082 477 2144 ego
496 2063 571 2122 tales
599 2063 751 2122 orationes
770 2062 869 2121 audio.
911 2061 977 2120 Sed
989 2062 1067 2120 illud
1086 2062 1165 2134 scio,
1193 2060 1257 2120 sive

71 2152 144 2210 iste
164 2169 235 2209 vera
254 2147 343 2220 dicit,
370 2159 400 2206 et
417 2146 527 2206 iniuria
552 2148 682 2206 affectus
698 2160 759 2218 est,
783 2159 819 2204 ut
835 2146 894 2219 ait,
921 2145 958 2204 ab
977 2146 1118 2226 Euergo,
1142 2165 1257 2225 poenas

79 2256 159 2294 eum
174 2233 327 2305 sumsisse,
346 2244 471 2311 quantas
488 2224 586 2291 voluit
600 2231 686 2313 (vicit
705 2231 784 2290 enim
803 2230 890 2291 vobis
908 2226 1137 2311 iudicantibus),
1156 2232 1274 2311 nequex
1325 2240 1327 2252 '

44 2342 55 2365 ·-
78 2320 230 2402 profecto
248 2339 377 2396 aequum
393 2337 472 2389 esse,
490 2330 526 2376 ut
544 2329 574 2376 et
589 2316 626 2376 ab
652 2329 776 2375 auctore
795 2315 924 2374 iniuriae
942 2335 1055 2394 poenas
1076 2328 1175 2374 sumat
1192 2328 1224 2375 et
1241 2335 1259 2373 a

83 2426 155 2477 me,
170 2403 227 2483 qui
245 2423 371 2485 peregre
383 2402 554 2461 abfuerim:
569 2402 633 2460 sive
650 2401 806 2482 Euergus',
829 2399 910 2460 hunc
928 2401 1051 2479 quidem
1069 2399 1260 2460 circumscri-

87 2503 174 2572 ptum
194 2508 260 2547 esse
278 2508 333 2567 per
358 2487 550 2558 calumniam,
569 2492 624 2544 sme
642 2505 714 2546 vero
733 2491 775 2545 ne'
790 2485 832 2545 sic
860 2485 1138 2565 quidem-eiusdem
1155 2485 1276 2545 enimi-¹

89 2576 137 2634 nis
154 2574 223 2632 iure
248 2572 389 2632 accusaris
431 2573 473 2630 Ut
490 2564 585 2652 igitur
603 2570 676 2631 baec
702 2570 833 2650 primum
851 2591 867 2629 a
886 2592 935 2634 mc
952 2591 1023 2635 vere
1047 2569 1109 2635 dici
1127 2583 1259 2647 constet,

91 2661 200 2720 borum
218 2671 311 2718 testes
330 2658 437 2717 advos
456 2657 628 2736 producam.
1187 2676 1189 2680 ’
1257 2685 1263 2690 ,

108 2758 114 2763 .
640 2772 643 2800 Ι
1023 2798 1025 2802 p
1112 2747 1117 2754 .

570 2806 697 2859 rnsr
714 2816 734 2858 u
752 2800 781 2859 s'.
1172 2831 1173 2836 κ
1283 2795 1324 2855 10

176 2917 283 2976 Fuisse
302 2914 398 2998 igitur
414 2927 445 2975 et
462 2916 759 2982 venditoremnobis
775 2918 1005 2999 possessionum
1025 2937 1104 2992 eum,
1122 2915 1178 2998 qui
1193 2915 1259 2997 ipsc

95 3001 129 3062 ab
147 3002 237 3060 initio
257 3014 379 3075 emerat,
397 3002 591 3061 Mnesiclem:
610 3015 688 3062 etex
705 3017 797 3083 pacto
813 3003 907 3064 istum
924 3004 1105 3064 conduxisse
1123 3015 1259 3078 nostram

80 3085 244 3146 ,officinam
264 3100 294 3145 ct
312 3086 474 3166 mancipia:
494 3100 525 3146 et
541 3107 590 3145 me
603 3086 651 3161 iis,
669 3101 746 3167 quae
764 3090 821 3149 iste
838 3102 944 3170 postea
963 3111 1032 3148 cum
1045 3084 1176 3170 Euergo'
1187 3087 1259 3170 egit,

96 3192 193 3250 neque
212 3172 404 3244 interfuisse,
430 3192 530 3252 neque
547 3172 642 3231 fuisse
660 3170 743 3233 domi
768 3175 914 3234 omnin-o:-
936 3186 966 3234 et
983 3171 1069 3234 illum
1088 3176 1121 3234 in
1138 3174 1185 3233 ius
1203 3193 1259 3233 vo-

97 3268 209 3328 catum,
235 3269 265 3314 et
283 3278 330 3318 me
355 3256 468 3316 nullius
494 3279 628 3336 uuquam
654 3258 787 3317 criminis
806 3259 921 3319 ab·ist0
940 3279 1026 3318 reum
1046 3280 1111 3320 esse
1129 3260 1259 3319 factum:
1282 3257 1285 3281 ¹
1312 3278 1320 3287 “

96 3340 256 3399 e'testibus
275 3340 395 3414 auditis,
413 3340 539 3401 ludices.
574 3343 725 3402 Reversus
743 3343 853 3425 igitur,
872 3344 988 3404 amissis
1006 3345 1080 3419 fere,
1099 3365 1178 3424 quae
1194 3365 1258 3403 mc-

95 3447 160 3483 cum
179 3446 351 3495 avexeram,
373 3426 532 3500 omnibus,
551 3449 620 3487 curn
638 3440 669 3487 et
686 3428 836 3503 audirem,
862 3429 954 3489 istum
973 3430 1141 3507 deseruisse
1160 3429 1259 3488 offici-

94 3530 179 3582 nam,
198 3523 230 3568 et
247 3512 401 3591 Euergum
420 3509 530 3571 babere
550 3524 580 3571 et
597 3510 717 3587 tenere,
737 3523 814 3593 quae
833 3530 1016 3589 emeramus,
1034 3515 1184 3575 viderem:
1200 3514 1258 3574 mi-

94 3614 159 3652 rum
178 3594 211 3653 in
229 3596 354 3681 modom
373 3594 474 3670 dolui,
501 3610 537 3656 ut
555 3598 608 3676 qui
626 3618 663 3656 eo
681 3621 729 3658 mc
747 3600 903 3659 redactum
921 3597 1093 3673 cernerem,
1117 3615 1168 3674 ut,
1195 3618 1258 3680 quo

93 3700 139 3737 me
157 3692 318 3752 verterem,
336 3674 492 3739 nescirem.
515 3680 580 3742 Aut
597 3683 677 3741 enim
696 3684 813 3744 socium
832 3706 897 3744 esse
915 3685 964 3745 me
982 3686 1257 3767 oportebatEuer-

93 3785 131 3846 go
151 3777 294 3844 quaestus
315 3777 345 3824 et
363 3767 563 3840 curationum,
581 3780 634 3826 aut
652 3769 821 3829 debitorem
839 3770 926 3830 istius
944 3772 1015 3832 loco
1032 3773 1187 3854 Euergum
1205 3771 1258 3831 ba-

93 3848 174 3923 bere,
194 3860 225 3907 et
244 3872 312 3917 cum
331 3868 368 3909 eo
388 3851 488 3911 denuo
508 3852 700 3914 conscribere
719 3855 903 3932 locationem
916 3870 946 3916 et
964 3856 1257 3938 contraherequo-

91 3955 157 3993 rum
176 3933 252 3992 mibi
270 3947 413 3993 neutrum
432 3948 494 3996 erat
511 3938 543 3996 in
561 3938 671 4008 animo.
705 3941 798 4014 Haec,
817 3952 893 4021 quac
912 3942 984 4017 dixi,
1000 3943 1127 4003 moleste
1145 3944 1259 4015 ferens,

93 4019 282 4100 conspicatus
308 4020 501 4097 Mnesiclem,
534 4023 588 4102 qui
614 4042 722 4084 earum*
742 4027 843 4095 ferum
869 4027 1012 4088 venditor
1035 4028 1125 4088 nobis
1149 4030 1258 4103 fuerat,
1312 4058 1314 4063 ¹

92 4123 165 4163 cum¹
179 4124 216 4162 eo
237 4104 480 4183 expostulabam,
506 4109 589 4186 quod
607 4109 697 4177 talem
717 4111 792 4171 mibi
809 4112 965 4171 bominem
984 4108 1192 4191 conciliasset,
1217 4128 1258 4190 et,
1324 4107 1327 4110 Α

91 4208 144 4247 cur
163 4189 286 4268 quidam
305 4192 539 4252 controversiam
557 4210 727 4269 moverent,
744 4197 887 4276 quidnam
906 4199 936 4258 id
953 4199 1004 4259 rei·
1018 4213 1107 4274 esset,
1124 4201 1257 4262 iuterro-

92 4273 205 4354 gabam.
242 4274 362 4349 Quibus
379 4275 432 4335 ille
457 4278 566 4338 auditis
589 4281 747 4343 deridebat
765 4303 833 4358 cos,
859 4284 912 4362 qui
930 4283 989 4363 boc
1005 4285 1256 4368 facerenta'quos

86 4368 200 4454 tamen
211 4358 358 4442 congredi
376 4362 453 4423 velle
471 4363 650 4444 nobiscum,
673 4367 767 4448 idque
784 4380 820 4429 ut
836 4369 941 4446 fieret,
966 4393 998 4432 se
1017 4383 1192 4436 curaturum
1209 4373 1256 4437 di·
1294 4414 1298 4420 ι
