2722 4754
143 134 151 279 J
249 129 1043 285 anvunsusanisroornonun1
1179 192 1242 248 ιιι

72 335 130 404 Ad
148 339 305 405 eundem
294 342 390 426 agitur
405 341 487 402 hunc
503 300 629 406 modam
647 352 679 402 et
694 363 760 417 vos,
777 337 1041 419 Athenienses,'
1011 364 1045 402 ιιι
1062 322 1138 402 urbe
1156 299 1243 401 habi·-

69 427 159 502 tatis,
176 439 393 514 cognatorum
387 428 481 487 instar
497 441 597 506 atque
606 428 795 491 humaniter:
813 428 908 487 alii
883 451 927 488 stc
945 424 1145 510 adspicientes
1165 426 1245 487 c'ala-⁴

72 514 257 572 mitosorum
272 512 361 586 mala,
378 510 423 585 ut,
442 513 525 593 quod
543 512 710 593 proverbio
725 511 850 585 dicitur,
867 514 1004 574 videntes
1023 535 1087 575 non
1106 510 1243 585 videatis,
1278 572 1283 582 x

73 610 109 657 et
126 597 283 658 audientes
302 618 365 656 non
383 597 525 657 audiatis.
543 597 620 657 alii'
610 611 651 657 ιιι
665 602 699 657 e'a
717 608 816 680 agant,
834 619 911 677 quae
928 599 1052 673 faciunt,
1069 611 1106 659 ιιι
1119 619 1171 659 eos
1190 600 1243 680 ap!

73 695 179 762 pareat
197 703 301 742 cavere
320 694 350 742 et
366 682 572 742 verecundari.
589 682 670 743 Hinc
687 682 858 742 communis
875 681 926 741 illa
940 696 971 743 et
984 704 1121 743 omnium
1140 684 1241 743 bono·
1265 683 1327 742 506

72 789 143 828 rum
161 788 249 828 causa
267 767 453 848 reipublicae
472 775 574 832 manet
599 780 630 828 et
648 780 767 828 constat
784 767 954 828 concordia
989 769 1072 828 Haec
1088 768 1243 870 Αιὶίιιιςί-Ι

73 865 143 926 ton,
159 853 235 913 adeo
254 852 405 932 praeclare
423 853 480 912 fixa
497 864 604 913 natura
622 866 654 912 et
669 853 818 914 institutis
835 853 962 926 vestris,
980 853 1136 928 convellit,
1154 850 1243 931 eruit,
1311 902 1312 907 ,

46 938 199 999 “ιιειιίι;
228 949 258 996 et
276 958 352 1018 quae
372 958 476 996 omnes
495 930 546 996 alii
571 938 737 999 calamitosi
761 924 876 1018 absque
900 938 1028 1018 strepitu
1046 937 1179 1014 iaciunt,
1208 961 1243 1000 ea
1314 981 1317 990 ·

68 1023 99 1086 is
115 1035 236 1083 tantum
263 1042 326 1082 non
344 1023 423 1082 nolis
449 1023 603 1106 suspensis
627 1024 762 1107 peragit·
787 1045 850 1084 non
869 1033 1007 1095 senator,
1033 1043 1096 1082 non
1121 1043 1244 1124 praecp,
1317 1025 1321 1039 ¹

74 1128 138 1167 non
155 1127 295 1188 praeses,
318 1128 382 1166 non
399 1107 573 1187 praesidens
598 1109 784 1169 trihusenm
808 1111 949 1169 coe'rcere
966 1120 1076 1189 potest.
1121 1107 1154 1166 Si
1172 1109 1241 1186 quis

27 1246 32 1265 ,
74 1192 169 1275 igitur
185 1204 337 1265 vestrum,
373 1193 452 1252 cius
464 1193 645 1273 petulantia
655 1194 806 1287 offensus,
841 1215 910 1253 eum
929 1192 999 1253 talia
1017 1205 1048 1260 et
1072 1192 1142 1252 talia
1162 1193 1246 1253 dicat

58 1289 181 1360 agere,
198 1299 269 1337 cum
288 1277 397 1361 debeat
414 1278 545 1337 aerario:
564 1278 638 1358 quid
654 1280 744 1352 veru,
762 1300 866 1339 nonne
886 1291 918 1338 et
933 1278 986 1337 ille
994 1277 1139 1357 ,inquit,
1157 1298 1243 1338 aera-

76 1363 121 1422 rio
147 1361 261 1424 debet?
287 1375 317 1422 ct
325 1341 454 1422 hostem
478 1363 607 1444 quisque
632 1385 721 1424 suum
746 1364 890 1425 nominat
933 1362 1036 1436 Quare
1063 1363 1242 1443 improbitas

77 1448 159 1507 istius
179 1469 268 1508 causa
292 1461 338 1507 est
364 1447 612 1520 maledictorum,
648 1470 732 1548 quae
750 1461 875 1530 propter
892 1447 983 1508 istum
1002 1447 1039 1508 iis
1056 1449 1162 1548 liunt,⁸
1187 1447 1243 1527 qui

76 1545 144 1592 sunt
161 1531 229 1592 eius
247 1532 414 1595 dissimiles.
443 1533 634 1614 Reliquum
625 1528 718 1616 agitur
737 1545 791 1607 est,
810 1531 1063 1606 Athenienses,‘'
1042 1554 1090 1605 ns,
1109 1533 1162 1613 qui
1180 1533 1242 1592 isto
1259 1584 1274 1612 =.
1340 1528 1343 1536 ’

77 1617 359 1719 liberarimupiunt,
377 1631 429 1690 ut,
453 1616 524 1677 sreti
542 1619 644 1701 legum
664 1620 800 1700 exemplo
819 1618 988 1718 perspicuo
1000 1617 1160 1677 etillustri
1177 1639 1242 1677 ma-

77 1701 153 1762 nime
162 1703 295 1782 ,capitis
315 1724 384 1761 eum
403 1703 624 1777 condemnent,
643 1717 695 1764 ant
712 1716 794 1763 tanta
813 1704 940 1803 pecunia
959 1693 1124 1775 mulctent,
1144 1724 1241 1783 quan·
1285 1717 1292 1725 '

78 1799 136 1847 tam
155 1786 272 1848 solvere
289 1809 352 1847 non
371 1787 499 1887 poterit:
527 1789 614 1848 aliter
632 1790 712 1849 enim
731 1789 827 1869 quieti
844 1810 901 1870 per
918 1809 986 1848 eum
1005 1809 1070 1847 esse
1089 1809 1152 1847 non
1170 1799 1242 1868 pot-

81 1873 179 1933 eritis:
194 1873 226 1933 id
244 1886 328 1932 certo
347 1873 464 1933 scitote.
494 1873 626 1945 Etenim,
643 1872 859 1949 Athenienses,
876 1874 1065 1953 reliquorum
1081 1872 1241 1932 hominurn

77 1954 203 2018 videatis
228 1957 359 2038 optimos
388 1971 418 2018 et
444 1958 684 2018 modestissimos
718 1972 842 2018 naturae
873 1958 1020 2018 instinctu
1047 1958 1131 2016 omni
1157 1957 1241 2016 ultro
1341 2032 1343 2039 Ι

72 2041 160 2124 fungi
180 2042 298 2111 officio:
316 2043 391 2102 alios
410 2043 456 2102 his
475 2044 657 2115 deteriores,
676 2064 740 2104 ιιοιι
757 2045 834 2104 adeo
851 2057 968 2115 tamen,
986 2056 1022 2102 ut
1039 2042 1167 2101 nimium
1185 2062 1242 2102 to·
1317 2080 1319 2084 -

70 2139 182 2187 centur
199 2125 349 2208 improbi,
375 2140 458 2187 metu
477 2129 586 2201 vestri,
609 2128 804 2209 turpiumque
824 2141 855 2188 et
880 2114 1043 2187 verborum
1062 2139 1093 2186 et
1110 2125 1241 2207 probro-

67 2233 138 2270 rum
158 2213 268 2272 dolore
287 2234 409 2286 cavere,
432 2233 470 2272 ne
490 2213 684 2293 delinquant:
708 2213 949 2294 improbissimos
968 2224 1087 2282 autem,
1114 2223 1145 2270 ct
1163 2225 1243 2290 quos

63 2296 251 2376 deploratos
268 2297 440 2380 nominent,
460 2298 676 2359 calamitatibus
696 2312 727 2358 et
744 2298 899 2378 suppliciis
919 2293 1032 2356 erudiri
1051 2296 1164 2354 dicunt.
1197 2294 1243 2353 At
1286 2340 1294 2353 ι

61 2381 267 2465 Aristogiton
284 2383 425 2443 mortales
444 2405 548 2443 omnes
567 2385 755 2463 usqueadeo
774 2381 968 2463 improbitate
985 2394 1117 2460 superat,
1134 2392 1170 2438 ut
1184 2391 1254 2445 nee,

57 2467 204 2548 acceptis
222 2467 307 2527 malis
326 2469 366 2527 sit
383 2468 479 2528 factus
498 2469 696 2540 emendatior,
713 2468 793 2529 sed
784 2491 817 2528 ιιι
835 2467 943 2527 iisdem
960 2465 1125 2533 sceleribus
1144 2477 1175 2523 et
1192 2463 1243 2538 ιιι·
1251 2523 1254 2527 Δ

58 2549 158 2611 iuriis
178 2553 281 2611 denuo
300 2553 520 2633 deprehensus.
543 2553 670 2612 Tanto
660 2552 755 2634 igitur
771 2575 853 2612 nunc
873 2553 900 2611 ei
918 2551 1038 2650 grauius
1057 2571 1146 2629 quam
1165 2532 1241 2607 olim

59 2649 119 2697 est
145 2637 353 2711 irascendum,
380 2640 463 2717 quod
481 2651 546 2699 tum
565 2640 685 2698 decreta
713 2641 856 2698 duntaxat
879 2636 1031 2696 contraria
1041 2633 1177 2734 legibus
1193 2632 1241 2692 fa·
1291 2643 1296 2653 '
1320 2645 1323 2653 ’

64 2722 181 2783 cienda
200 2743 265 2783 esse
284 2723 424 2802 putabat,
443 2745 524 2783 nunc
541 2744 613 2783 vero
633 2724 707 2782 haec
724 2723 811 2782 iacit:
829 2721 1022 2793 criminatur,
1040 2720 1071 2779 in
1091 2718 1241 2778 concione
1323 2728 1329 2745 '

71 2807 228 2869 orationes
248 2806 339 2867 habet
356 2809 397 2867 ad
411 2809 569 2888 populum,
588 2807 796 2880 calumniatur,
817 2807 926 2866 ducit
918 2829 949 2864 ιιι
969 2825 1129 2878 carcerem,
1147 2802 1242 2862 male·
1289 2825 1311 2843 ι’

69 2892 157 2966 dicit,
176 2892 281 2973 capitis
300 2893 434 2966 arcessit,
450 2894 547 2956 laesae
566 2893 729 2957 maiestatis
748 2915 817 2962 reos
835 2892 912 2974 agit,
932 2891 963 2950 in
982 2890 1121 2950 homines
1140 2888 1242 2947 hono-

68 2990 154 3036 ratos
174 2977 345 3050 invehitur,
371 2980 520 3059 cumipse
546 2979 661 3039 aerario
680 2978 805 3052 debeat:
832 2999 892 3058 quo
911 2976 987 3035 nihil
1015 2971 1242 3055 estindignius.
1305 3025 1307 3030 .

19 3074 44 3082 “
72 3061 118 3121 Ac
136 3063 301 3130 admonere
321 3063 470 3148 quidem
461 3077 562 3138 1stum,
581 3064 714 3124 insaniae
733 3062 833 3123 fuerit.
868 3061 930 3136 Qui
950 3061 1030 3136 enim
1048 3058 1243 3153 tumultibus,

75 3145 185 3227 quibus
211 3147 370 3207 universus
390 3144 530 3231 populus
550 3146 608 3208 sibi
631 3147 778 3208 molestos
803 3144 928 3219 monere
953 3146 1078 3220 solet,
1085 3144 1282 3233 nunquam

24 3232 28 3237 ’
76 3232 174 3304 cessit,
192 3252 293 3311 neque
313 3246 483 3292 commotus
503 3247 562 3293 est:
581 3235 606 3293 is
624 3234 713 3308 unius
733 3233 849 3293 scilicet
867 3230 998 3291 hominis
1018 3229 1156 3290 oratione
1175 3249 1242 3287 mo-

74 3316 216 3377 vebitur?
243 3316 420 3390 Insanabile,
439 3318 653 3392 Athenienses,
671 3319 751 3378 illius
771 3330 817 3377 cst
833 3316 998 3399 ingenium.
1034 3313 1192 3401 Oportet
1183 3312 1242 3394 1gi
1327 3337 1328 3340 ¹

76 3414 132 3473 tur,
149 3414 187 3461 ιιι
205 3402 316 3461 medici
334 3424 493 3476 cancrum,
511 3417 564 3463 aut
581 3404 689 3463 hulcus
708 3405 854 3474 erodens,
872 3414 924 3461 aut
941 3401 1023 3460 aliud
1029 3420 1166 3481 prorsus
1185 3398 1243 3479 imss

77 3487 253 3551 medicabile
280 3486 391 3546 m'alum
410 3502 462 3548 aut
478 3501 593 3589 urunt,
616 3501 668 3549 aut
684 3500 822 3549 resecant
839 3486 984 3576 penitus,
1003 3485 1043 3544 ita
1062 3504 1116 3544 vos
1135 3474 1250 3543 omnes

76 3571 150 3632 hanc
170 3573 302 3633 belluam
322 3573 536 3647 exterminare,
555 3575 664 3634 eiicere
684 3596 700 3634 e
719 3573 856 3645 civitate,
873 3563 984 3634 tollere'
1000 3590 1017 3629 e
1036 3568 1155 3629 medio:
1183 3587 1242 3633 nce
1265 3568 1328 3625 507

19 3709 23 3713 .
77 3677 109 3717 eo
128 3679 229 3757 usque
248 3671 419 3736 exspectare
437 3617 571 3759 debetis,
588 3660 659 3719 dum
675 3658 828 3739 accipiatis
847 3656 974 3729 malum,
993 3655 1076 3735 quod
1094 3651 1189 3727 absit,
1206 3663 1243 3713 ut

77 3742 232 3844 privatim,
249 3742 293 3801 sic
318 3742 438 3822 publice
457 3742 677 3824 perniciosum.
704 3745 761 3805 sed
782 3754 900 3802 mature
919 3739 1164 3822 praecavendum
1188 3749 1243 3797 est

77 3827 124 3888 Sic
144 3829 225 3888 enim
245 3826 447 3887 considerate
484 3829 644 3889 Neminem
663 3829 790 3889 sortasse
814 3839 957 3887 vestrum
965 3835 1099 3906 unquam
1117 3840 1243 3917 serpena¹
1318 3898 1320 3910 Ι

43 3976 50 3984 ,
77 3902 242 3972 momordit
266 3923 318 3971 aut
342 3933 483 3984 araneus,
511 3925 542 3972 et
559 3912 653 3985 absit,
677 3925 713 3973 ut
730 3932 864 3992 uuquam
889 3911 1042 3979 mordeat:
1068 3909 1123 3969 sed
1139 3905 1243 3975 tattien'

78 4016 123 4056 eas
141 3998 321 4068 animantes,
338 4010 374 4056 ut
390 3997 537 4072 videritis,
553 3998 653 4058 statim
673 3998 824 4058 occidetis.
848 3996 897 4056 Ad
915 3992 1073 4056 eundem
1064 3992 1159 4081 agitor
1175 4012 1255 4057 mo

78 4083 162 4156 dum,
179 4081 401 4153 Athenienses,
420 4082 508 4142 etiam
527 4104 595 4143 cum
613 4083 861 4144 calumniatorem
879 4094 909 4143 et
926 4079 1068 4159 acerbum
1087 4091 1119 4141 et
1134 4090 1245 4140 natura
1301 4144 1304 4149 ,

50 4209 53 4213 -
77 4168 249 4248 serpentina
265 4166 435 4247 praeditum
454 4166 608 4229 hominem
625 4167 772 4242 videritis,
790 4189 844 4241 ne,
862 4168 934 4228 dutu
951 4179 1087 4233 vestrum
1103 4162 1241 4247 singulos

78 4255 223 4327 mordeat,
242 4248 428 4332 exspectate·
422 4253 499 4312 ·sed
515 4255 631 4334 priu'tus'
649 4253 798 4334 quisque,
813 4252 874 4333 qui
884 4252 917 4312 in
934 4272 1005 4312 euru
1022 4249 1175 4326 inciderit,
1191 4247 1241 4310 ul.-

27 4370 30 4375 ’
78 4337 242 4420 curatum·
239 4338 302 4399 Ac
318 4338 479 4422 Lycurgus
496 4338 662 4443 Mineruam
683 4339 855 4401 obtestatus
880 4347 1129 4401 catarnaum
1136 4327 1243 4407 dein,

1213 4637 1218 4644 Ι
1262 4579 1281 4617 N
