2722 4754
347 221 371 255 ··
466 219 800 313 o‘nrnrnmca
825 228 865 285 11.
1209 232 1246 287 11
1273 221 1275 226 ·

21 410 22 415 κ
38 406 43 427 ·
113 393 159 453 ,ius
173 379 279 469 generis
298 380 419 439 infimas
435 378 734 464 parteslirmissimas
746 400 811 440 esse
827 393 964 461 oportet:
982 379 1026 440 sic
1042 375 1245 465 etiam'actio-
1286 440 1289 449 Α

21 492 22 495 ’
113 496 164 538 nnn
185 466 261 527 initia
289 480 320 526 et
346 466 548 540 fundamenta·
568 485 639 524 vera
664 479 693 526 et
718 465 797 526 iusta
813 468 883 526 'esse
908 464 1056 527 convenit.
1110 468 1144 527 ld
1171 488 1245 527 vero

21 560 23 591 ³
114 558 157 623 nun
169 557 236 616 inest
251 572 336 611 nunc
355 550 388 610 in
406 551 496 610 rebus
515 571 531 608 a
548 549 691 631 Philippo
710 552 810 632 gestis.
863 553 967 631 Itaque
987 572 1097 617 censeo
1116 574 1132 610 a
1151 552 1246 612 nobis

21 663 22 667 ’
115 661 220 723 elopem
241 638 401 696 ferendam
426 635 667 718 esse'Ulyuthiis
688 633 792 717 (quod
811 658 872 715 quo
890 636 1047 716 pulchrius
1068 650 1098 698 et
1115 637 1246 715 celerius

21 755 22 762 ¹
118 723 287 812 quisqnefieri
306 721 446 793 iusserit,
464 741 516 794 ¹eo
532 721 636 802 magis¹
648 721 722 779 mihi
741 718 955 803 probabitur),
984 736 1014 782 'et
1032 723 1068 781 ad
1083 723 1278 783 Thessalosv

119 812 256 896 legationem
281 808 471 880 mittendam,
500 826 576 886 quae
602 807 677 865 alios
696 807 776 866 ‘haec
802 807 938 879 edoceat,
964 808 1039 866 alios
1060 808 1246 868 exhortetur.

115 902 173 965 l'nnc
188 893 293 954 etenim
312 892 440 974 Pagasas
458 911 630 972 reposcere,
649 893 732 952 etde
748 891 1007 975 Magnesia'verba
1023 882 1121 952 la'cere
1139 894 1244 952 decre-

113 994 194 1042 verunt.
232 979 310 1036 Illud
328 991 429 1036 tamen
448 977 616 1056 providete,
634 973 850 1051 Athenienses,
869 999 908 1037 ne
927 977 1018 1037 verba
1038 979 1182 1039 duntaxat
1200 978 1243 1037 af-

109 1068 179 1126 ferant
193 1064 279 1145 legati
297 1063 408 1122 nostri:
427 1064 480 1122 sed
501 1075 622 1143 etopus
640 1063 765 1141 aliquod
784 1065 945 1123 ostendere
962 1063 1090 1145 possint,
1110 1063 1244 1122 exercitu

106 1149 210 1213 :vobis
229 1169 284 1228 pro
311 1148 459 1230 dignitate
481 1147 614 1228 ⁴civitatis
639 1149 760 1222 educto,
796 1162 827 1209 et
844 1151 908 1230 ipsa
925 1169 958 1208 re
978 1163 1123 1231 suscepta.
1159 1145 1243 1207 'Nam
1275 1195 1289 1209 .

104 1258 155 1311 curn
170 1234 386 1306 omnis-oratio,
411 1234 436 1293 si
454 1255 501 1293 res
521 1232 630 1305 absint,
654 1233 796 1294 frivolum
816 1235 959 1316 quiddam
978 1233 1108 1294 habetur
1126 1247 1156 1293 et
1175 1233 1240 1293 ina-

102 1343 144 1382 ne:
162 1333 215 1378 tum
233 1340 305 1378 vero
325 1340 370 1391 ea,
389 1340 465 1399 quae
485 1341 500 1378 a
518 1333 622 1380 nostra
640 1321 716 1379 urhe
735 1320 944 1400 proficiscitur.
982 1320 1050 1394 Qua
1069 1341 1130 1399 qno
1151 1336 1241 1400 expe-
1266 1304 1299 1359 1:

100 1407 171 1466 ditius
192 1405 235 1464 uti
258 1426 315 1464 nos
342 1418 460 1484 putant,
490 1426 526 1464 eo
550 1405 646 1486 magis
666 1406 694 1465 ei
713 1405 857 1465 diffidunt
875 1426 989 1464 omnes.
1042 1404 1247 1465 Ostendenda·

97 1505 176 1550 antem
193 1504 236 1549 est
253 1490 380 1572 insignis
401 1490 560 1565 conversio
573 1503 611 1570 ret
629 1506 735 1574 magna
754 1491 902 1564 mutatio,
936 1491 1122 1572 conferendi]
1142 1476 1241 1550 tribd-

94 1588 128 1648 to,
143 1575 300 1647 militando,
326 1575 428 1634 omnia
447 1589 570 1635 strenue
589 1577 738 1658 gerendo:
764 1577 789 1634 si
808 1579 900 1636 modo
920 1577 1079 1657 quisquam
1098 1575 1184 1636 vobis
1203 1575 1240 1634 fi-

92 1663 147 1720 dem
163 1660 268 1720 habere
288 1661 403 1721 debeat
456 1656 542 1736 Quae
562 1662 588 1721 si
605 1655 725 1734 voletis,
755 1676 791 1722 ut
811 1663 955 1722 convenit
973 1676 1003 1722 et
1022 1674 1155 1741 oportet,
1187 1659 1240 1719 ab.

89 1747 203 1806 solvere:
221 1767 284 1809 non
303 1747 412 1819 solnm,
430 1744 645 1822 Athenienses,
663 1749 836 1809 foederatos
855 1749 992 1807 infirmos
1012 1760 1042 1806 et
1059 1747 1170 1807 infidos
1187 1768 1251 1826 ap:

84 1831 188 1911 parebit
206 1853 271 1892 esse
290 1832 446 1913 Philippo,
474 1833 528 1891 sed
547 1835 636 1911 etiam
656 1835 856 1894 domesticum
871 1821 948 1893 'eius'
959 1833 1120 1913 imperium
1140 1845 1176 1890 et'
1189 1851 1240 1890 co-

83 1917 136 1997 pias
161 1915 298 1976 laborare
325 1909 575 1998 deprehendetur.
621 1919 755 1983 Omnino
783 1921 869 1978 enim¹
887 1918 1083 1977 Macedonica
1102 1915 1240 1997 potentia

81 2015 107 2060 et
123 2002 290 2082 imperium,
319 2003 516 2079 additamenti
534 2005 599 2077 viee
618 2026 681 2063 non
699 2026 914 2084 parvumtsane
935 2003 1077 2083 quiddam
1098 2015 1153 2075 est,
1186 2023 1239 2060 cu-

76 2088 202 2147 iusmodi
220 2088 487 2168 vobis'aliquando
506 2090 574 2162 suit,
606 2089 787 2172 imperatore
807 2089 993 2161 Timotheo,
1017 2100 1122 2147 eontra
1141 2087 1248 2170 Olym·
1270 2102 1295 2167 j

70 2173 165 2247 thius:
196 2186 287 2253 atque
311 2175 437 2248 iterum,
465 2188 569 2235 contra
587 2175 762 2236 Potidaeam
787 2175 956 2258 Olynthiis:
991 2175 1088 2233 visum
1109 2185 1154 2232 est
1173 2191 1239 2230 esse

73 2258 183 2337 aliquid
199 2272 366 2339 utrumque
385 2261 590 2320 coniunctum.
614 2261 704 2321 Nunc
712 2262 884 2335 Thessalos,
903 2252 1054 2320 seditione
1067 2258 1239 2318 laborantes

72 2357 103 2403 et
120 2344 325 2416 conturbatos,
344 2345 424 2405 idem
445 2360 555 2406 contra·
566 2342 754 2430 tqranniea'm
773 2348 915 2406 familiam
935 2346 1057 2405 adiuvit.
1097 2344 1239 2422 Denique

69 2428 146 2487 nihil
166 2443 210 2489 est
228 2431 349 2510 opinor,
369 2431 452 2510 quin,
472 2432 663 2511 quantumvis
682 2433 781 2513 parvis
800 2433 909 2492 additis
928 2430 1053 2501 viribus,
1072 2429 1239 2508 adiuvetur.

70 2514 170 2594 lpsum
189 2535 259 2574 vcro
279 2536 384 2595 perse
403 2517 557 2576 infirmnm
576 2540 610 2576 ac
628 2518 731 2576 multis
750 2517 835 2576 malis
855 2531 901 2576 est
917 2517 1071 2576 refertum.
1114 2511 1237 2573 Etenim
1282 2504 1290 2519 '

67 2599 127 2658 iste
146 2599 191 2658 his
209 2600 301 2658 rebus
320 2600 474 2673 omnibus,
499 2602 544 2661 'ob
564 2625 636 2682 quas
655 2624 886 2684 magnnmeum
905 2615 1002 2682 putet,
1030 2599 1118 2660 bellis
1138 2611 1168 2658 et
1188 2616 1238 2656 ex-

65 2684 276 2764 peditionibus
294 2686 450 2745 ruinosius
465 2686 513 2759 id,
538 2709 627 2766 qnam
646 2701 750 2768 suapte
769 2701 876 2746 natura
894 2688 1001 2760 fuerat,
1024 2684 1145 2744 sibimet
1164 2683 1237 2742 elie-

67 2768 118 2828 cit
172 2769 277 2849 Neque
296 2771 376 2830 enim
403 2764 536 2850 putetis,
554 2771 770 2843 Athenienses,
803 2771 910 2829 iisdem
938 2769 1080 2830 delectari
1097 2767 1189 2826 rebus
1209 2781 1240 2826 et

64 2852 242 2934 Philippum
261 2867 291 2913 et
308 2855 456 2936 populum
476 2856 548 2914 eius.
592 2857 669 2915 Nam
687 2868 722 2915 ut
740 2854 791 2914 ille
811 2855 937 2936 gloriam
956 2854 1080 2935 appetit,
1112 2872 1238 2931 eamque

35 3017 38 3023 Ι
62 2959 134 2997 rem
153 2940 324 3013 admiratur,
359 2953 450 3020 atque
469 2940 611 3015 institnit,
636 2934 782 3024 gerendisx
795 2941 887 3001 rebus
914 2951 943 2998 et
960 2938 1102 3021 periculis
1123 2938 1237 2997 adeun-

64 3023 124 3097 dis,
160 3025 279 3084 nnllum
298 3047 400 3085 casnm
418 3046 568 3098 recusare,
604 3041 634 3086 et
652 3027 729 3086 hanc
749 3025 937 3106 opinionem,
965 3036 1004 3083 'ut
1022 3044 1057 3105 ea
1075 3022 1245 3103 perfecisse>

65 3108 201 3182 dicatur,
218 3131 295 3195 quae
313 3110 415 3170 nullus
436 3111 511 3169 alins
530 3113 731 3175 Macedonum
749 3133 812 3183 rex,
840 3111 919 3172 vitae
938 3108 1092 3169 securitati
1110 3120 1240 3203 aqtepox

64 3193 143 3252 suit:
167 3195 209 3254 sic
227 3195 347 3254 illarum
365 3216 467 3255 rernm
486 3197 582 3279 gloria
600 3197 677 3256 nihil
695 3196 733 3256 ad
751 3195 807 3256 hos
827 3196 941 3256 attinet
961 3195 1035 3274 quin
1048 3193 1175 3252 moleste
1191 3193 1236 3252 se-

62 3290 147 3351 runt,
165 3300 196 3339 se
215 3281 344 3341 assiduis
363 3281 421 3339 illis
441 3304 560 3341 sursum
581 3284 722 3342 deorsum
739 3281 889 3341 obeundis
903 3278 1146 3362 expeditionibus
1162 3299 1235 3341 con-

62 3361 183 3438 flictari,
208 3378 239 3425 et
258 3366 453 3427 continenter
471 3389 628 3427 aerumnas
647 3368 779 3449 perpeti:
810 3382 845 3427 ut
864 3369 917 3447 qui
934 3388 991 3426 nec
1008 3365 1054 3425 rei
1073 3366 1142 3423 dare
1162 3383 1235 3445 ope-

64 3469 140 3521 ram,
168 3471 226 3510 nee
244 3451 346 3511 vivere
367 3452 449 3511 domi
468 3475 539 3513 suae
559 3444 703 3513 sinantur.
738 3454 846 3532 Neque
867 3453 1061 3530 etiam,quae
1081 3449 1123 3508 sic
1143 3469 1234 3528 quae-

63 3533 125 3593 sita
141 3546 257 3610 tenent,
276 3558 332 3617 suo
352 3538 497 3598 arbitratu
517 3536 666 3599 collocare
685 3551 835 3622 possunt,
851 3537 958 3598 clausis
977 3549 1103 3620 propter
1120 3535 1234 3594 bellurn
1277 3593 1281 3601 ,

61 3618 271 3680 Macedonicis
291 3623 442 3703 emporiis.
485 3623 541 3695 Ac,
573 3638 608 3684 ut
626 3624 953 3706 vulgusglllacedonum
973 3643 1042 3705 erga
1060 3621 1235 3701 Philippum

60 3703 103 3761 sit
121 3704 277 3781 allectum,
311 3727 346 3766 ex
363 3708 409 3767 his
428 3707 515 3769 facile
534 3706 722 3791 intelligitur.
767 3704 829 3784 Qui
848 3723 948 3769 autem
968 3730 1036 3767 cnm
1055 3728 1092 3767 eo
1111 3714 1233 3794 versan-

60 3800 115 3847 tur
131 3792 287 3872 peregrini
305 3793 417 3859 milites
438 3808 468 3854 et
485 3789 640 3867 satellites,
660 3795 836 3876 opinionem
854 3794 900 3853 illi
916 3792 1039 3875 quidem
1056 3788 1236 3865 ercitarunt,

59 3894 93 3933 se
115 3876 308 3936 admirandos
328 3897 392 3938 esse
412 3901 445 3938 ac
463 3891 604 3939 strenuos
623 3880 799 3941 bellatores:
836 3881 899 3953 sed,
935 3893 970 3939 ut
988 3876 1046 3962 ¹ego
1066 3899 1082 3937 e
1102 3877 1234 3958 quodam

58 3957 93 4017 in
114 3960 294 4021 Macedonia
313 3977 384 4024 nato
403 3961 515 4037 audivi,
534 3965 664 4044 optimae
682 3967 753 4026 fidei
769 3967 845 4039 viro,
863 3965 959 4026 nihilo
977 3977 1049 4025 sunt
1065 3963 1131 4023 aliis
1146 3983 1232 4045 prae-

59 4045 235 4112 stantiores.
280 4048 382 4121 Nam,¹
403 4050 459 4109 etsi
478 4050 530 4130 qui
548 4051 628 4111 inter
647 4072 698 4111 eos
727 4052 782 4113 viri
805 4051 869 4113 'sint
890 4051 936 4110 rei
954 4049 1090 4109 militaris
1120 4062 1150 4109 et
1175 4070 1232 4128 pn-

57 4131 179 4212 gnandi
197 4126 303 4212 periti:
336 4134 403 4208 eos',
431 4147 466 4195 nt
490 4148 536 4195 est
558 4136 752 4210 ambitiosus,
782 4154 891 4197 omnes
909 4136 945 4196 ab
966 4138 1001 4196 eo
1020 4134 1128 4217 repelli
1147 4133 1232 4207 dixit,
1286 4163 1288 4169 s

58 4217 311 4293 omniaflvole'nte
328 4219 461 4281 facinora
478 4221 576 4282 videri
593 4228 644 4284 sna
661 4242 734 4283 esse,
756 4235 877 4307 praeter
888 4221 969 4300 enim
981 4234 1107 4294 caetera,
1118 4231 1157 4303 et
1168 4239 1230 4279 am-

60 4300 217 4365 bitionem
236 4303 294 4363 viri
314 4327 377 4379 esse
396 4306 578 4369 immensam.
623 4309 742 4390 Siquis
768 4307 869 4369 auteni
895 4309 1050 4368 modestus
1079 4318 1129 4389 aut
1154 4303 1232 4363 alio·
1287 4320 1291 4327 “

59 4387 184 4466 qui-vir
200 4388 314 4463 bonus,
338 4388 639 4471 quotidianam'v'itae
657 4390 930 4476 intemperantiam,
949 4407 979 4454 et
997 4390 1183 4460 ebrietatem,
1202 4384 1235 4467 et'
1258 4390 1296 4445 16
