2722 4754
90 151 188 267 »ιιι
327 150 1003 268 ’,ιιιιοιιιιιιιόιιΤ-ιο
1282 192 1286 201 ’

21 333 26 343 “
96 335 210 405 »dicio
222 316 307 394 uude
324 333 370 408 vi,
397 354 462 393 nou
480 334 655 415 pecuniario
674 330 752 395 re'us—
765 319 868 399 essem.
905 337 1207 411 Quodut'constet,
1237 355 1296 417 ego

125 421 212 482 vobis
231 440 300 493 eos,
327 417 381 498 qui
405 418 536 479 subinde
560 421 828 503 incongressihus
853 419 1005 482 cum'isto
1023 421 1109 502 patri
1120 421 1296 493 adhierunt,
1354 430 1356 435 ⁴

115 503 413 589 apud-‘Lysithidem
430 505 534 579 factis,
551 510 645 566 testes
662 507 853 588 producam·
880 565 882 569 ,
966 535 969 540 ’

602 657 844 702 TESTES

210 759 317 819 Eum
307 733 417 841 igitur,
438 757 523 839 quasi
540 772 606 818 ιιιιιι
624 762 702 860 patri
721 781 790 820 meo
808 753 1017 852 iusiurandum
1034 757 1198 833 detulerit,
1216 780 1300 819 nunc

101 847 105 854 '
126 843 159 904 ἰιι
177 864 246 915 eum
266 845 442 921 defunctum
460 845 547 904 sacile
565 845 705 918 mentiri,
732 859 762 904 et
778 828 951 905 familiares
958 867 1048 919 suos,
1066 845 1206 907 falsum
1195 867 1230 904 ιιι
1249 841 1297 904 nie

87 991 89 998 ,
125 931 336 991 testimonium
355 917 441 990 laeile
461 925 611 1003 dicturos,
640 931 825 1008 producere:
860 943 925 989 tum
945 940 991 990 'ex
988 930 1201 1014 argumentis,
1231 941 1303 989 tum

67 1065 70 1071 ,
126 1036 163 1076 ex
181 1017 240 1076 hoc
256 1015 434 1076 testimonio
452 1015 540 1075 facile
565 1016 687 1075 avohis
706 1015 901 1103 intelligetur.
944 1016 994 1076 Me
1013 1029 1114 1076 autem
1133 1035 1192 1096 pro
1200 1027 1297 1114 :patre

34 1160 37 1163 Α
94 1154 97 1170 ,
124 1101 335 1167 iusiurandum
356 1101 384 1160 ei
403 1101 472 1160 dare
490 1099 634 1173 voluisse,
654 1097 909 1179 quemadmodum
927 1101 975 1160 lex
992 1100 1134 1187 iubet,
1109 1123 1136 1160 ιι
1154 1100 1247 1198 quis·
1245 1099 1299 1160 de-

125 1187 301 1247 functum
284 1207 426 1246 accusans
446 1208 513 1245 cum
532 1186 643 1244 herede
662 1199 745 1267 agat,
763 1206 826 1244 non
844 1185 941 1245 videri
959 1185 1034 1261 mihi
1047 1179 1099 1246 vel
1117 1184 1297 1266 promisisse

125 1283 259 1354 patrem,
285 1292 317 1332 se
336 1271 386 1330 isti
403 1271 594 1330 redditurum
612 1270 771 1350 pecuniam
790 1293 805 1330 a
823 1271 949 1353 Lycone
964 1272 1118 1344 relictam,
1143 1270 1194 1330 vel
1212 1290 1297 1336 com-

124 1359 301 1418 mendatum
325 1355 418 1424 istum
435 1356 513 1435 patri
531 1378 547 1415 a
564 1356 701 1439 Lycone:
727 1356 972 1415 Phormionem
962 1369 1035 1416 rtem
1054 1357 1237 1429 affirmasse,
1249 1376 1298 1414 ra-

38 1467 40 1471 ’
124 1444 247 1504 tionem
261 1442 459 1522 semetipsum
478 1463 546 1500 cum
564 1444 687 1523 Lycone
713 1441 908 1523 subduxisse,
936 1454 967 1501 et
983 1442 1017 1501 in
1042 1441 1192 1501 mandatis
1212 1460 1299 1505 acce-

44 1598 45 1609 *
124 1527 222 1609 pisse,
247 1539 283 1585 ut
301 1522 500 1606 Cephisiadae
522 1525 682 1606 pecuniam
706 1519 858 1600 redderet,
883 1520 997 1593 sibiab
1023 1524 1218 1586 Archehiade
1243 1526 1300 1584 de-

21 1628 30 1637 *
124 1616 311 1677 monstrato:
341 1618 372 1669 ct
389 1632 458 1676 eum
477 1606 633 1692 Callippus
649 1611 781 1690 primum
799 1611 835 1670 a'd
854 1631 987 1670 mensam
1005 1612 1202 1695 Lyconem
1182 1610 1297 1670 obiisse

112 1696 267 1769 ··dixisset,
286 1708 317 1754 et
334 1695 399 1776 ipse
416 1695 518 1756 literas
537 1697 639 1755 videre
658 1695 766 1768 vellet,
784 1718 858 1755 uum
877 1697 983 1795 quid
969 1718 1178 1756 nummorum
1184 1683 1295 1776 hospes

38 1809 40 1815 ·
124 1781 315 1860 reliquisset,
334 1801 382 1840 eas
402 1780 745 1860 ostendisse,·quibus
736 1791 793 1840 rste
812 1781 955 1868 inspectis
975 1803 1043 1842 cum
1060 1782 1206 1854 vidisset,
1224 1780 1298 1843 scri-

54 1878 58 1884 '
105 1880 210 1948 »ptum
229 1885 306 1939 esse,
321 1879 357 1926 ut
370 1863 567 1946 Cephisiadae
584 1852 774 1964 redderetur,
791 1866 916 1925 tacitum
928 1866 1048 1941 abiisse,
1066 1868 1183 1927 nullam
1195 1885 1298 1946 neque

15 1963 102 2023 288
125 1950 363 2022 controversiam
375 1963 560 2025 moventem,
572 1973 673 2031 neque
688 1951 849 2050 quicquam
862 1951 1098 2012 interdicentem
1105 1951 1314 2033 depecunia,'

16 2078 17 2082 =
72 2116 75 2121 ,
124 2050 160 2140 ut
178 2049 312 2100 constet:
329 2036 436 2097 harum
451 2057 555 2096 rerum
571 2035 746 2097 testimonia
763 2047 892 2116 utraque
911 2048 941 2097 et
958 2037 1007 2149 ιιι
1022 2036 1266 2133 recitabuntur.
1316 2104 1322 2121 ,

367 2169 388 2201 ⁵
453 2178 814 2234 rusrrmourn
857 2184 965 2231 uum

210 2290 307 2351 Vobis
325 2311 418 2372 porro
437 2274 631 2373 ostendam,
645 2292 801 2366 ludices,
812 2294 967 2375 Lyconem
987 2287 1126 2375 Callippo
1143 2317 1206 2355 non
1225 2315 1295 2354 esse

23 2409 28 2419 ·
125 2399 228 2437 usum:
247 2376 378 2436 arbitror
396 2376 508 2452 enim,
506 2377 543 2436 id
561 2397 687 2476 quoque
705 2390 810 2438 contra
827 2377 914 2436 istius
933 2376 1125 2439 insolentiam
1143 2379 1217 2439 mihi
1236 2380 1293 2439 ali-

41 2523 44 2526 A
93 2490 98 2502 ¹
125 2460 200 2542 quid
224 2462 543 2562 commodaturum,
512 2463 688 2561 'pecuniam
712 2461 795 2522 illam
818 2463 976 2562 aLycone
1000 2463 1060 2522 sihi
1085 2465 1166 2524 dono
1192 2466 1296 2525 datam

38 2591 40 2597 ι
126 2567 192 2608 esse
218 2546 388 2608 asserentis
423 2547 451 2605 Is
470 2547 568 2621 enirn,
594 2547 791 2637 quadraginta
815 2547 905 2606 minis
929 2548 1066 2608 nauticae
1089 2544 1238 2630 pecuniae
1263 2549 1296 2608 iu

125 2633 285 2709 Thraciam
301 2631 465 2714 Megaclidi
481 2631 668 2692 Eleusinio
659 2645 689 2691 et
706 2631 885 2716 shrasyllo,
903 2631 1034 2691 fratri
1007 2655 1088 2707 erus,
1113 2647 1222 2705 mutuo
1243 2636 1295 2695 da-

20 2747 34 2759 *
124 2718 181 2790 tis,
208 2739 277 2777 cum
302 2734 339 2776 eo
359 2716 526 2800 navigandi
548 2717 710 2777 consilium
728 2717 773 2775 illi
791 2731 958 2777 mutassent
976 2730 1006 2776 et
1022 2719 1194 2798 periculum
1213 2720 1296 2780 a'dire

126 2796 261 2883 nollent,
279 2814 466 2881 conquestus
485 2803 522 2862 de
540 2802 723 2884 Megaelide‚
743 2802 845 2870 nescio
866 2803 957 2888 quid,
975 2818 1101 2884 propter
1113 2816 1247 2874 usuras,
1262 2817 1297 2866 ut

126 2888 270 2969 deceptus
290 2886 482 2946 discordabat
499 2908 567 2946 cum
585 2908 623 2947 eo
643 2900 673 2945 et
691 2885 837 2968 litigabat,
854 2901 994 2946 mutuum
1011 2903 1222 2973 recepturus
1219 2884 1296 2948 Cum

108 2972 227 3033 'antem
250 2972 288 3032 de
310 2979 393 3032 tanta
416 2971 545 3052 pecunia
569 2973 698 3032 multum
726 2984 757 3030 et
780 2983 869 3052 saepe
894 2972 1098 3033 laboraretur
1124 2960 1293 3054 Callippum
1349 3002 1354 3009 ·

125 3057 185 3118 sihi
202 3058 307 3140 Lycon
332 3077 488 3156 nunquam
512 3078 641 3156 usquam
664 3053 838 3138 advocarit,
864 3056 918 3117 sed
935 3056 1160 3119 Archebiadem
1188 3072 1218 3119 et
1235 3058 1294 3117 Ἀι-
1312 3056 1318 3063 ’

84 3141 291 3202 ehehiadae
309 3141 438 3200 amicos:
471 3141 572 3222 etqui
591 3162 644 3201 eos
662 3142 695 3203 in
714 3135 907 3205 concordiam
925 3142 1061 3224 redegit,
1088 3143 1296 3218 Archehiades
1350 3208 1355 3220 ι

110 3226 198 3290 'luit
210 3220 321 3288 Acme
339 3245 409 3307 vera
427 3225 529 3311 dicere
545 3238 581 3286 ut
598 3238 727 3301 constet,
745 3226 859 3288 vobis
850 3249 949 3353 ipsum
965 3213 1167 3310 Megaclidem
1186 3241 1295 3290 testem

126 3311 300 3421 producam.
409 3325 411 3329 ’

507 3409 949 3514 rnsrlmoulum

212 3559 302 3624 Adeo
319 3564 523 3640 familiariter,
548 3567 685 3642 ludices,
707 3570 813 3650 Lycon
832 3564 969 3648 Callippo
989 3581 1035 3628 est
1052 3591 1144 3642 usus,
1173 3582 1209 3628 ut
1228 3590 1297 3629 eum

121 3668 230 3730 -neque
247 3650 286 3710 ad
302 3671 351 3711 res
368 3672 438 3727 suas
457 3664 638 3728 arcesseret,
656 3673 767 3733 neque
785 3654 866 3732 apud
885 3674 953 3712 eum
971 3676 1105 3736 unquam
1124 3615 1298 3714 diverteret
1349 3726 1353 3733 ἡ

34 3744 36 3749 ’
88 3760 91 3765 ’
127 3734 232 3816 Atque
249 3735 331 3795 istud
349 3722 449 3796 solunt
466 3734 654 3797 familiares
645 3737 731 3797 istius
750 3737 905 3797 testificari
923 3739 988 3799 au‘si
1006 3760 1069 3798 non
1087 3739 1232 3812 fuerunt,
1252 3739 1297 3798 di·
1350 3754 1353 3759 ’

125 3835 280 3881 versatum
284 3821 403 3901 apud
393 3835 487 3882 astum
505 3842 571 3882 csse
589 3823 694 3924 illum,
725 3823 796 3883 satis
814 3823 917 3904 gnari,
950 3845 982 3883 se
1000 3824 1101 3887 statim
1118 3845 1175 3906 per
1192 3845 1297 3887 servo-

66 3962 70 3973 ,
128 3928 196 3966 rum
220 3907 413 3986 quaestiones
437 3907 608 3969 convictum
632 3908 695 3980 iri,
712 3909 739 3967 si
762 3902 837 3987 quid
859 3908 919 3967 tale
943 3909 1153 3970 mentirentur.
1188 3910 1298 3972 Dicam

54 4032 57 4038 ,
87 4032 94 4040 -
129 4002 230 4053 antem
255 3990 342 4053 vohis
365 3992 458 4053 etiam
482 4006 711 4093 argumentum
717 3997 852 4067 tantum,
879 4004 914 4052 ut
940 4013 976 4053 ex
998 4015 1054 4068 eo,
1076 4016 1144 4056 mea
1171 3995 1298 4077 quidem

14 4152 19 4167 .
130 4075 294 4156 o'pinione,
319 4079 509 4180 perspecturi
532 4078 607 4163 sitis,
632 4078 725 4139 istum
747 4079 909 4138 mentitum
934 4100 999 4140 esse
1023 4081 1132 4140 omnia.
1168 4080 1297 4164 Lyconi,

33 4172 37 4177 “
78 4172 79 4175 ’
130 4161 267 4245 ludices,
286 4162 403 4224 etiamsi
419 4165 512 4239 istum
531 4181 666 4245 quoqne
673 4164 927 4243 complecteretur
943 4178 975 4224 et
991 4165 1194 4225 familiaris
1166 4187 1231 4226 erus
1251 4184 1299 4224 es-

85 4274 89 4281 ·
131 4254 196 4325 stt,
223 4260 258 4306 ut
275 4246 332 4307 iste
350 4249 471 4323 asserit,
499 4249 632 4330 eique,
636 4248 754 4330 siquid
771 4248 831 4309 sibi
849 4249 1022 4325 accidisset,
1050 4272 1194 4314 nummos
1214 4252 1296 4311 dono

90 4345 92 4349 ’
132 4330 203 4392 dare
220 4331 346 4411 vellet,
354 4335 503 4417 numquid
522 4350 575 4396 eos
592 4321 782 4427 commodius
800 4333 909 4397 suisset
924 4333 1105 4418 rectlapud
1124 4331 1296 4418 Callippum
