2722 4754
121 144 276 304 ass·
356 144 1061 295 “oenomelum-sonar101
1133 200 1138 214 ·

145 362 267 424 llorere
276 332 469 446 ploria‹apud
487 377 559 430 vos,
577 356 641 417 aliis
661 377 762 417 creare
779 354 929 437 pericula:
953 353 1028 434 quid
1046 354 1145 416 lacere
1162 353 1318 416 conetur?
1339 351 1341 356 ’

109 440 113 448 ’
146 449 278 511 Multum
304 444 474 526 impendat,
501 460 569 502 cum
595 437 887 523 liceal'paucioralx
906 462 944 500 an
970 440 1203 500 omnescolere
1230 439 1319 515 velit,

123 557 216 599 „eum
236 534 313 592 duos
332 544 384 614 aut
400 530 461 605 tres
481 526 588 589 liceat?
606 527 754 619 lnspuiret
765 527 911 607 profecto.
929 525 1036 605 Neque
1056 526 1137 586 eninr
1149 526 1317 587 Thebano-

60 610 125 689 2544
146 641 214 681 rum
241 616 311 680 urbi
334 613 493 696 Philippus·
518 614 708 673 benefactum
733 612 855 692 publi‘ce
878 610 1058 689 voluissem
1075 612 1205 673 multum
1232 623 1318 673 certe

145 704 237 766 abest
264 701 327 760 Sed
346 722 362 759 a
379 699 485 782 legatis
505 712 552 766 est
568 699 597 759 ei
615 718 801 781 persuasum:
820 717 881 776 quo
899 708 1001 756 autem
1018 710 1118 776 pacto,
1129 694 1236 758 'dicam
1256 716 1317 779 ego

145 777 240 849 vobis.
283 783 444 854 Venerunt
461 784 575 843 Thebis
595 785 631 843 ad
651 803 720 842 eum
739 782 853 865 legatis
876 803 944 840 cum
963 793 994 840 et
1010 803 1067 843 nos
1086 802 1103 842 a
1120 785 1207 843 vobis
1227 782 1318 847 missi

73 889 79 897 ·
145 874 209 934 illic
231 892 380 932 essemus:
407 869 442 930 iis
461 869 632 950 pecaniam,
645 868 697 927 ille
722 869 792 927 dare
810 867 1104 947 voluitseamque,
1121 880 1157 929 ut
1180 868 1339 943 aiebaob·

100 949 108 967 i
146 959 273 1018 omnino
291 976 446 1040 magnam„
478 955 550 1014 Non
568 953 772 1026 admiserunt,
791 973 847 1012 nec
865 966 1047 1032 acceperunt
1065 974 1130 1014 eam
1148 954 1317 1014 Thebano·

62 1050 65 1056 “
145 1066 216 1109 ηιω,
236 1041 336 1125 legati.
378 1041 455 1100 Post
478 1039 512 1098 in
537 1038 683 1098 sacrificio
709 1037 840 1117 quodam
862 1041 897 1099 'et
921 1057 1015 1100 coena
1039 1040 1147 1118 potans
1174 1040 1314 1100 cumaeis

145 1128 303 1210 Philippus
328 1138 359 1185 et
382 1125 548 1195 humanum
567 1143 645 1205 erga
668 1122 737 1199 illos
761 1144 793 1182 se
811 1121 958 1203 praebens
977 1134 1045 1182 eum
1064 1123 1121 1183 alia
1133 1126 1254 1196 multa,
1279 1137 1316 1186 ut
1337 1148 1344 1152 ·

60 1233 64 1237 ·
147 1215 279 1294 captivos
299 1210 412 1270 eteius
431 1208 551 1293 generis
571 1208 645 1282 alia,
663 1221 728 1268 tum
746 1208 855 1288 pocula
873 1208 995 1267 tandem
1014 1208 1154 1290 argentea
1173 1223 1204 1271 et
1222 1229 1315 1270 aurea

45 1343 57 1361 s
144 1300 190 1360 eis
208 1296 366 1358 offerebat·
392 1295 435 1354 Ea
453 1294 498 1353 illi
517 1293 618 1353 omnia
629 1293 844 1373 repudiabant,
863 1313 919 1352 nec
936 1315 1064 1373 usquam
1077 1295 1130 1383 'sui
1140 1296 1314 1373 ,oblivisce-

79 1397 82 1401 “
135 1385 263 1463 κἰκιιιῐιπ.
280 1384 440 1442 Postremo
456 1379 579 1452 Philon,
597 1382 676 1440 unus
695 1379 874 1461 legatorum,
891 1378 998 1439 habuit
1012 1379 1325 1456 orationern,'-Athe-¹

87 1504 90 1508 ·
146 1470 278 1542 arienses,
297 1489 387 1547 quam
405 1488 469 1526 non
484 1487 540 1546 pro
556 1464 791 1537 Thebarum-sed
808 1484 864 1544 pro
878 1463 965 1524 vobis
978 1463 1114 1526 habitam
1133 1488 1199 1529 esse
1220 1480 1313 1548 opor-

133 1556 213 1616 ruis.
256 1550 368 1614 Aiebat
380 1551 483 1627 enim:
502 1551 567 1624 Se,
586 1572 655 1621 cum
671 1549 847 1630 Philippum
864 1548 982 1627 videret
999 1573 1109 1633 magno
1129 1566 1159 1612 et
1177 1553 1314 1613 humano

123 1641 178 1701 -in
196 1641 278 1720 ipsos
298 1658 364 1697 esse
382 1637 500 1710 animo,
526 1635 669 1695 delectori
688 1647 720 1694 et
736 1635 883 1716 gaudere:
910 1637 964 1696 sed
982 1658 1014 1696 se
1032 1636 1091 1697 ian
1110 1650 1197 1698 antea
1216 1637 1313 1720 ipsius

93 1724 96 1728 '
139 1710 212 1786 ‘esse
230 1712 366 1802 hospites
386 1734 416 1781 et
432 1721 563 1794 amicos,
588 1720 677 1780 etiam
695 1719 761 1781 sine
780 1719 839 1782 illis
858 1714 1049 1781 morieribus:
1075 1736 1180 1803 petere
1199 1724 1336 1798 autem,¹

68 1848 70 1857 ·
142 1824 189 1884 ut,
207 1809 245 1868 ad
262 1803 501 1890 negotia'urbis,
519 1795 595 1888 qhae
613 1818 679 1865 tum
697 1805 749 1873 ille
767 1818 880 1887 ageret,
898 1826 932 1865 ea
942 1806 1136 1868 humanitate
1155 1810 1315 1885 conversa,

145 1892 260 1976 aliquid
279 1906 309 1952 et
326 1891 439 1972 seipso
459 1891 584 1978 dignum
599 1904 629 1951 et
640 1889 988 1971 Thebanis'praestaret‘:
1007 1892 1047 1953 ita
1064 1894 1266 1974 polliceri,·et
1280 1915 1314 1955 sc

65 1974 67 1981 ’
145 1991 297 2041 ettotam
320 1976 429 2037 urbem
453 1977 482 2036 ei
504 1977 571 2038 fore
589 1976 745 2036 addictam.
789 1978 849 2039 lam
867 1990 1015 2057 spectate,
1040 1979 1116 2058 quid
1139 1979 1199 2040 hoc
1222 1992 1314 2062 pacto

43 2095 45 2100 ·
65 2082 72 2090 ¹
132 2063 284 2125 ¹Thebani
302 2062 460 2123 consecuti
478 2061 561 2135 sint,
573 2068 614 2120 'et
632 2062 706 2140 quid
724 2061 811 2122 vohis
829 2062 1043 2136 acciderit„et·
1056 2085 1126 2125 vere
1144 2066 1314 2140 aestimate,

144 2150 253 2232 quanti
267 2139 308 2208 ¹sit
325 2169 389 2208 non
406 2143 538 2207 veirdere
557 2147 681 2228 negotia
699 2136 836 2211 civitalis.
877 2147 1011 2208 Primum
1029 2171 1101 2230 pace
1119 2150 1212 2229 potiti
1230 2164 1323 2227 sunt,—

144 2235 317 2295 laborautes
345 2245 376 2294 et
393 2232 505 2293 'afflicti
527 2233 587 2291 iam
613 2232 694 2292 bello
721 2244 751 2293 et
776 2232 1016 2308 succumbentes
1058 2235 1178 2295 Deinde
1194 2235 1314 2298 hostes

43 2349 46 2360 ν
144 2319 319 2380 Phocenses
342 2318 379 2378 ad
404 2317 645 2380 internecionem
671 2314 778 2390 deleti,
805 2339 973 2399 eorumque
988 2321 1126 2409 moenia
1144 2335 1175 2380 et
1191 2318 1326 2403 oppida*

145 2405 297 2467 sublatae
316 2403 436 2464 medio·
469 2404 626 2482 Numquid
644 2403 708 2463 sola
726 2402 823 2464 haec?
850 2404 945 2486 Nou,
966 2426 1014 2465 me
1033 2407 1100 2466 dius
1119 2406 1228 2472 fidius:
1258 2407 1315 2468 sed

131 2484 337 2553 =accesserunt
355 2489 445 2549 etiam
464 2489 693 2563 Orchomenus,
718 2485 873 2563 Coronea,
896 2486 1044 2565 Corsiae,
1068 2489 1315 2572 Tilphossaeum,

88 2578 94 2583 ’
138 2573 312 2637 ‚Phocensis
338 2574 403 2656 agri
430 2587 576 2656 quantum
600 2573 770 2636 voluerunt
807 2573 953 2634 ‘Thebani
976 2576 1073 2659 igitur
1095 2577 1170 2638 haec
1196 2598 1213 2638 e
1239 2599 1315 2660 pace

74 2674 81 2684 '
139 2659 302 2721 consecuti
326 2672 413 2733 suut,
437 2659 551 2739 quibus
574 2652 680 2740 utique
704 2659 817 2720 maiora
834 2662 892 2719 n'ec
909 2662 1050 2742 optarint
1093 2661 1313 2725 Thebanorum

125 2742 245 2807 ¹autem
268 2745 377 2826 legati,
404 2745 498 2824 quid?
526 2743 632 2818 Nihil,
653 2736 712 2803 nisi
738 2747 821 2825 quod
848 2748 954 2806 eorum
983 2768 1073 2828 opera
1098 2740 1313 2829 haecp‘atriac

141 2830 347 2914 contigerunt.
383 2831 417 2909 ld
435 2849 508 2890 vero
526 2829 712 2910 praeclarum
726 2828 793 2904 est,
811 2829 1031 2906 Athenienses,
1050 2845 1081 2891 et
1099 2834 1266 2917 egregium,
1282 2833 1310 2894 si

121 2905 263 2977 ‘virturis
284 2928 315 2974 et
331 2914 446 2997 gloriae
464 2915 542 2974 ratio
562 2916 703 2983 ducatur:
727 2937 800 2994 quas
818 2917 1082 2998 res.xistt2pecunia
1099 2920 1310 2980 vendiderunt.

144 2990 342 3060 Conferamus
368 2999 544 3080 iam,„quid
561 2998 797 3068 Atheniensium
821 3002 992 3083 respublica
1015 3024 1031 3064 e
1054 3025 1127 3084 pace
1146 3010 1311 3085 consecuta
1353 3031 1355 3036 ·

56 3129 63 3134 s
87 3102 89 3106 ·
142 3085 339 3168 simet-quid
355 3085 450 3169 legati
467 3085 718 3146 Atheniensium:
745 3100 776 3147 et
793 3088 1002 3161 considerate,
1013 3112 1098 3149 num
1118 3091 1228 3151 similia
1246 3088 1311 3153 res·

141 3171 262 3253 publiea
281 3184 313 3230 st
327 3171 381 3231 isti
399 3171 464 3252 ipsi.
499 3167 681 3252 Respublica
699 3172 709 3230 i
732 3172 809 3245 itur,
824 3186 868 3233 -ut
884 3175 1010 3234 cesserit
1029 3175 1174 3236 omnibus
1190 3189 1222 3237 et
1237 3174 1312 3258 pos·

67 3265 71 3271 “
140 3256 328 3327 sessionibus
343 3269 373 3316 et
385 3257 492 3329 sociis:
510 3269 545 3317 ut
556 3257 699 3317 iuraverit
741 3257 869 3339 hilippo,
886 3258 994 3341 siquis
1012 3260 1088 3321 alius
1107 3261 1172 3321 illas
1184 3263 1311 3324 r'nvas'c·
1335 3309 1338 3315 f

140 3340 191 3415 rit,
208 3341 295 3402 vobis
308 3354 343 3401 ut
355 3343 504 3416 restituat,
522 3364 576 3402 vos
594 3337 814 3426 prohibituros,
833 3356 863 3404 et
881 3345 934 3425 qui
947 3345 1033 3406 vobis
1053 3366 1109 3407 eos¹
1120 3348 1240 3408 tradere
1253 3368 1310 3409 vo·
1330 3398 1333 3403 .

140 3425 242 3500 luerit,
260 3447 330 3487 eum
347 3437 403 3508 p‘ro
422 3428 545 3487 inimico
566 3441 597 3489 et
609 3428 698 3488 hoste
716 3428 883 3504 habituros,
902 3431 955 3510 qui
973 3424 1129 3512 eripuerit,
1146 3454 1204 3514 pro
1222 3433 1311 3493 socio

56 3516 117 3578 245
142 3524 175 3573 et
192 3512 298 3591 amico.
341 3513 423 3573 Haec
441 3514 525 3573 enim·
540 3527 628 3589 sunt,
654 3535 730 3593 quae
749 3529 780 3576 et
796 3515 964 3576 Aeschines
983 3517 1159 3578 defenderit
1174 3531 1206 3578 et
1223 3518 1311 3594 adiu·
1337 3572 1340 3579 .

137 3599 190 3658 tor
208 3596 272 3657 eius
286 3597 474 3659 Philocrates
494 3600 617 3659 decreto
636 3599 774 3660 sanxerit.
794 3603 869 3661 ltem
887 3624 956 3662 cum
975 3623 1034 3686 ego
1052 3603 1150 3683 pridie
1168 3603 1330 3684 superior·

139 3682 226 3742 vobis
243 3684 477 3764 persuasissem,
505 3697 541 3744 ut
558 3685 711 3760 sociorum
730 3687 885 3746 decretum
903 3688 1122 3748 confirmaretis
1143 3703 1174 3749 et
1191 3689 1312 3773 legatos

138 3767 272 3850 Philippi
290 3764 500 3831 arcesseretis:
532 3770 609 3845 iste,
634 3771 875 3832 cavillationibus
893 3793 930 3832 ea
947 3766 1031 3834 rein
1049 3787 1208 3858 posterum
1227 3775 1331 3865 diem!

97 3887 102 3891 -
136 3854 268 3929 teiecta,
293 3855 458 3934 persuasit,
483 3859 521 3915 ut
537 3855 575 3916 in
597 3856 777 3918 Philocratis
802 3858 984 3919 sententiam
1007 3859 1108 3933 iretis,
1134 3859 1166 3920 in
1192 3856 1253 3941 qua
1279 3873 1336 3922 et*

51 3956 53 3961 ’
138 3938 213 4000 haec
230 3950 267 3999 et
278 3938 335 4001 alia
353 3940 449 4000 multo
468 3939 515 4003 his
531 3941 671 4024 graviora
689 3942 894 4009 continentur,
914 3943 961 4007 Ac
978 3945 1163 4026 reipublicae
1182 3947 1311 4026 quidem

138 4024 212 4084 haec
238 4044 275 4084 ex
298 4045 372 4108 paee
390 4024 602 4109 contigerunt,
631 4028 743 4108 quibus
760 4027 959 4112 flagitiosiores
983 4050 1040 4090 nee
1063 4030 1196 4091 inveniri
1218 4030 1310 4093 facile

137 4118 273 4189 possunt.
322 4111 443 4194 Legatis
461 4124 562 4173 autem
580 4113 671 4194 qnid,
696 4114 807 4174 horum
824 4115 1022 4191 auctoribus?
1058 4113 1184 4181 Caetera
1204 4117 1309 4178 omnis

78 4230 82 4235 -
136 4207 241 4267 taceo,
267 4215 345 4274 quse
363 4197 421 4277 ipsi
438 4196 575 4272 vidistis,
598 4199 715 4272 aedes,
728 4199 826 4282 ligna,
851 4200 1054 4261 frumentum:
1081 4202 1134 4262 sed
1153 4202 1185 4262 in
1200 4203 1310 4264 socio-

46 4342 53 4349 ·
136 4280 306 4360 rum,.-qui
323 4281 497 4362 perierunt,
526 4282 656 4366 regione
673 4284 882 4365 possessiones
901 4282 1196 4366 etdundi'plurimi,
1228 4307 1310 4368 quae

45 4421 48 4427 .
135 4362 300 4437 Philocrati
315 4366 484 4443 telenum,
501 4363 649 4429 Aeschiiri
666 4368 796 4432 tricenas
811 4370 910 4432 minas
927 4368 1088 4453 pensitant
1121 4371 1236 4454 lloune
1253 4380 1309 4434 ve-
1348 4452 1350 4456 .
