2722 4754
84 297 89 306 ,
137 187 185 280 ἰι
393 174 1021 284 ²nnuosruuuts1ouhr1o
1095 269 1097 272 .

142 371 341 434 infirmiorem
366 371 430 431 sibi'
443 369 605 450 minusque
622 371 712 431 fidam
724 372 871 433 reddidit
912 342 1023 451 Neque
1042 389 1113 431 vero
1132 383 1240 451 putare
1256 338 1356 430 de-

87 530 89 535 ,
130 459 239 531 betis,
263 451 487 528 Athenienses,
514 458 617 516 eadem
635 456 795 537 Philippo
804 469 834 517 et
851 457 972 542 populis
991 457 1056 516 eius
1077 477 1142 543 esse
1159 455 1313 516 iucunda.

142 545 196 604 scd
218 542 295 603 illud
320 541 569 642 ιιιιιειιιιιιιι,ὃ
555 541 679 601 storiam
698 541 802 614 illum,
828 541 885 601 hos
907 536 1109 602 securitatem
1124 542 1315 627 desideraret

141 650 231 716 quam
250 646 306 687 nec
325 626 418 686 ille
394 645 460 686 sinc
478 584 620 707 periculis
639 627 765 707 adipisci
782 640 905 706 potest:
939 639 969 686 et
988 627 1033 685 his
1052 627 1178 686 minime
1197 647 1313 707 oppor-

45 705 54 722 χ
139 723 248 775 ιιιιιιιιιι
268 725 332 784 est,
349 712 463 772 relictis
483 712 566 772 domi
583 711 704 784 liberis,
727 712 922 791 parentibus,
940 711 1104 786 uxoribus
1123 712 1213 772 atteri
1232 725 1262 773 et
1279 711 1314 770 ιιι
1346 784 1354 791 ,

141 799 205 859 dies
230 818 287 879 pro
314 818 350 856 eo
376 797 541 877 dimicare.
568 796 613 854 Ex
637 816 699 874 quo
722 797 853 876 perspici
877 809 995 879 potest,
1013 755 1176 876 quomodo
1200 797 1316 880 tulgus
1340 798 1343 802 ’

111 884 113 895 “
140 883 342 955 Macedonum
361 902 431 964 erga
449 881 623 961 Philippum
641 881 849 941 sitaffectum.
891 881 966 941 Eius
989 902 1082 962 porro
1100 882 1262 961 familiares
1280 884 1331 941 et'

66 988 74 1001 ‘
103 1013 105 1018 -
132 969 252 1048 etnicos
270 973 305 1028 ac
322 965 476 1049 peregrini
493 967 597 1026 militis
616 969 707 1026 duces
734 966 823 1026 laude
842 966 965 1047 quidem
982 965 1093 1027 llorere
1111 966 1313 1040 fortitudinis,

140 1055 245 1116 sedin
262 1054 375 1113 maiore
394 1064 477 1112 metu
496 1072 586 1130 quam
606 1051 746 1111 homines
765 1053 913 1112 obscuros
930 1052 1031 1112 vivere
1049 1053 1219 1112 invenietis.
1255 1050 1312 1110 His
1339 1080 1342 1085 ·

141 1140 222 1201 enim
239 1139 343 1199 hostes
357 1137 568 1199 tautummodo
586 1137 744 1197 metuendi
759 1150 846 1203 sunt:
865 1137 910 1196 illi
925 1150 1025 1198 autem
1038 1137 1134 1219 magis
1152 1137 1190 1196 ab
1206 1156 1314 1197 assera

140 1224 290 1286 tatoribus
309 1236 339 1282 et
358 1221 626 1283 calumniatoribus
646 1244 735 1302 quam
750 1220 770 1282 'a
788 1221 913 1304 proeliis
932 1235 1096 1284 metuunt..
1113 1222 1159 1283 Ac
1177 1223 1223 1281 illi
1241 1212 1317 1301 qui-¹

141 1312 210 1373 dem
228 1308 419 1368 adiutoribus
438 1308 579 1367 omuibus
598 1330 666 1368 cum
685 1308 824 1369 hostibus
843 1312 996 1390 puguant:
1013 1307 1163 1376 hiantem
1181 1312 1239 1367 ne'c
1253 1306 1312 1366 mi-

136 1396 252 1456 nimam
271 1395 303 1455 iu
321 1393 409 1454 bellis
427 1394 575 1453 malorum
594 1407 710 1475 pnrtem
728 1395 897 1466 sustinent,
927 1404 957 1453 et
969 1391 1101 1454 seorsim
1120 1393 1248 1466 accidit,
1266 1403 1314 1451 ,ut

140 1480 222 1563 regis
240 1478 398 1563 ingenium
418 1491 621 1558 expavescant.
665 1477 715 1539 Ad
733 1479 824 1553 haec,
842 1479 869 1539 si
886 1478 1024 1559 plebeius
1043 1478 1152 1557 aliquis
1171 1477 1313 1558 delique-¹

140 1566 196 1639 rit,
220 1586 319 1647 poena
338 1585 393 1646 pro
413 1565 516 1624 delicti
534 1565 626 1624 modo
646 1585 681 1624 er
666 1563 858 1647 'infligitun
879 1584 1025 1664 proceres
1037 1583 1117 1624 vero
1135 1576 1216 1636 tum,
1242 1583 1313 1621 cum

66 1706 70 1717 .
141 1651 377 1733 praeclarissime
396 1669 428 1709 se
443 1663 616 1733 gesserunt,
644 1650 780 1710 maximis
799 1650 944 1710 conviciis
963 1663 994 1710 et
1011 1648 1204 1710 contumeliis
1222 1666 1312 1729 prae-

108 1737 113 1743 ’
140 1749 189 1796 ter
205 1736 347 1812 meritum
365 1735 565 1794 incessuntur.
607 1735 717 1815 Neque
740 1736 898 1816 quisquam
908 1743 1006 1795 sanae
1024 1735 1134 1795 mentis
1152 1733 1244 1792 fidem
1263 1732 1333 1791 his.

116 1819 340 1903 =abr00aver1t
371 1820 450 1880 Eum
469 1820 550 1879 enim
568 1818 608 1879 ita
626 1821 741 1917 gloriae
761 1821 924 1915 eupiditate
942 1820 1159 1880 inflammatum
1179 1838 1244 1877 esse
1263 1818 1311 1877 di-

40 1970 44 1977 ,
142 1919 215 1966 cunt
233 1905 280 1979 hi,
307 1904 417 1993 quibus
435 1905 646 1978 familiariter
640 1919 731 1965 notus
751 1919 812 1978 est,
836 1910 872 1966 ιιι
890 1906 991 1966 omnia
1008 1905 1159 1986 praeclara
1176 1901 1312 1963 facinora

52 2040 57 2047 ,
90 2002 106 2008 ’“
143 2013 195 2051 sua
215 2011 279 2050 esse
298 1978 395 2051 videri
412 1990 503 2051 velit:
520 2003 554 2050 et
554 2011 662 2072 magrs
682 1991 859 2073 indignetur
873 1992 1001 2052 ducrbus
1021 2003 1051 2050 et
1067 1988 1238 2070 praefectis,
1257 1987 1328 2067 qui·

142 2076 257 2156 aliquid
274 2076 362 2135 lande
380 2063 506 2158 dignum
522 2090 692 2158 gesserunt,
707 2099 797 2156 quam
812 2076 882 2150 iltis,
898 2078 952 2157 qui
965 2096 1089 2157 prorsus
1107 2073 1311 2133 offenderunt.
1354 2072 1356 2077 ⁴

105 2182 109 2190 ·
142 2161 205 2237 (lui
229 2161 296 2221 fit
288 2162 398 2244 igitur,
424 2162 450 2221 si
474 2162 530 2221 ista
554 2181 624 2220 vera
648 2175 735 2236 sunt,
761 2175 797 2238 ut
820 2161 879 2220 iam
902 2163 1029 2244 longum
1052 2155 1184 2240 tempus
1198 2158 1313 2218 infide

75 2239 90 2327 Ἰ
141 2259 294 2306 maneant*
289 2253 381 2318 ,alnec
406 2243 474 2306 eum
499 2247 659 2306 deserant?
688 2247 768 2321 Quia
786 2267 959 2320 successus,
986 2245 1209 2315 Athenienses,
1236 2243 1310 2303 haec

142 2331 243 2392 omnia
262 2331 390 2414 caligine
408 2332 575 2392 ιιιιοιιιιιιι.
617 2333 692 2390 Nam
718 2332 869 2391 secundae
891 2353 940 2392 res
961 2352 1127 2430 magnam·-
1117 2331 1177 2389 vim
1197 2328 1311 2388 habent

64 2488 68 2495 Ι
141 2419 178 2479 ad
196 2429 316 2496 peccata
336 2414 494 2500 bominum
513 2418 703 2498 contegenda
722 2429 752 2475 ct
770 2417 985 2477 obumbranda.
1017 2415 1121 2475 Sed
1097 2438 1123 2474 ει
1142 2434 1232 2495 quam
1251 2413 1310 2474 cla-

57 2530 60 2536 *
142 2503 210 2568 dem
228 2503 388 2582 acceperit,
406 2515 471 2567 tum
488 2502 520 2560 in
539 2515 675 2582 apertum
693 2501 767 2560 haec
786 2503 886 2563 omnia
904 2502 1001 2589 palam
1019 2501 1220 2583 proferentur.
1249 2499 1308 2558 Ea-

131 2588 211 2646 dem
231 2587 311 2645 enim
330 2587 435 2646 harum
453 2609 555 2649 rerum
564 2588 650 2647 ratio
671 2599 726 2658 est,
744 2607 821 2666 quae
840 2608 1002 2670 corporum
1020 2599 1203 2650 nostrorum.
1224 2583 1309 2643 Nam

36 2719 41 2733 .
105 2739 107 2745 y
142 2673 214 2731 dum
232 2671 354 2751 aliquis
357 2673 455 2746 valet,
487 2672 604 2731 nullum
624 2692 661 2731 ιιι·
677 2671 888 2732 maleuffectis
907 2672 1057 2772 partibus·
1061 2673 1198 2731 dolorem
1216 2689 1309 2729 sensu

141 2756 277 2838 percipit
321 2732 375 2814 Sin
402 2757 596 2816 decubuerit.
628 2771 859 2818 commoventur
883 2757 1000 2830 onmia,
1032 2757 1096 2818 sire
1122 2769 1246 2854 ruptum
1271 2754 1311 2813 sit

49 2905 53 2913 ,
140 2841 274 2920 aliquid,
300 2841 363 2900 siue
373 2841 535 2914 luxatum,
562 2843 625 2902 sive
644 2844 727 2922 quod
740 2842 839 2903 aliud
845 2843 1014 2902 membrum
1031 2842 1164 2923 perfecta
1183 2839 1309 2907 sanitate

142 2927 330 2986 destituatur.
373 2926 424 2985 Sic
443 2927 532 2986 etiam
550 2928 617 2986 ιιι
608 2950 639 2986 ιιι
663 2927 765 3010 regnis
790 2941 820 2988 et
838 2914 1052 3008 quibuslibet
1042 2927 1185 3007 smperiis.
1228 2926 1308 2985 Dum

141 3011 173 3071 in
192 3011 279 3071 bellis
298 3011 423 3072 victoria
441 3012 618 3092 potiuntur,
644 3033 749 3071 eorum
768 3013 843 3071 mala
862 3014 969 3096 vulgus
987 3033 1051 3071 non
1069 3011 1233 3093 perspicit.
1262 3010 1330 3083 sin,

140 3096 285 3156 alicubi
275 3096 459 3197 impegerint
482 3095 527 3179 (id
546 3098 630 3177 quod
655 3098 683 3156 ei
706 3119 788 3157 nuuc
811 3120 869 3158 usu
893 3111 1055 3158 venturum
1073 3097 1249 3157 verisimile
1247 3108 1310 3168 est,

140 3194 302 3261 postquem
320 3183 415 3241 maius
434 3203 522 3255 onus,
540 3203 629 3263 quam
648 3184 797 3260 sustinere
814 3184 929 3258 taleat,
948 3180 1110 3266 suscepit),
1130 3203 1236 3242 omnes
1256 3200 1308 3240 eo

106 3286 109 3290 ·
141 3287 209 3335 rum
228 3267 419 3328 difficultates
444 3266 480 3325 ab
495 3267 642 3335 omnibus
661 3266 897 3349 conspiciuntur.
919 3269 1061 3344 Quod
1036 3291 1062 3328 ιι
1081 3268 1148 3348 quis
1168 3280 1310 3336 vestrum,

57 3357 119 3413 loo
143 3350 358 3425 Athenienses,
375 3351 508 3433 Philippi
526 3374 681 3414 successus
697 3354 814 3427 videns,
831 3353 1054 3414 formidabilem
1074 3374 1142 3415 eum
1163 3350 1311 3412 existimat

144 3449 175 3496 et
199 3451 342 3517 superato
365 3437 535 3498 difficilem.
561 3439 587 3498 is
613 3440 737 3518 quidem
762 3440 853 3522 digna
877 3438 1005 3522 sapienti
1029 3440 1094 3499 viro
1120 3434 1311 3519 providentia

32 3592 35 3601 Ι
142 3522 246 3583 ιιιιιιιι.
290 3525 397 3622 Magna
423 3523 502 3582 enim
526 3523 570 3583 ιιι
594 3537 640 3583 est
663 3524 694 3582 in
719 3525 839 3585 fortuna
863 3527 901 3584 ad
925 3544 1030 3585 omnes
1054 3545 1102 3583 res
1121 3522 1310 3584 mortalium:

84 3602 89 3615 “
143 3607 191 3668 vel
210 3628 243 3666 ea
261 3608 362 3687 potius
381 3608 483 3666 omnia
501 3608 560 3666 sibi
578 3608 716 3668 vindicat.
752 3609 813 3669 Sed
831 3611 943 3670 multae
961 3623 1032 3669 sunt
1051 3631 1167 3682 causae,
1185 3619 1313 3688 propter

42 3703 52 3777 J
143 3712 217 3771 quas
235 3693 354 3772 aliquis
361 3713 424 3753 non
443 3692 554 3751 iniuria
572 3706 705 3752 nostram
723 3694 904 3756 felicitatem
918 3717 982 3755 non
1001 3695 1101 3754 minus
1120 3716 1210 3775 quam
1229 3690 1312 3750 illius

51 3815 56 3833 ,
143 3789 273 3858 exoptet
316 3774 520 3876 principatum
540 3778 621 3837 enim
639 3799 655 3838 a
672 3779 837 3841 maioribus
856 3800 912 3840 nos
931 3779 1100 3861 accepimus
1119 3781 1214 3861 longo
1232 3790 1312 3837 tem-

141 3882 227 3943 pore,
245 3884 309 3922 non
328 3874 397 3945 qnte
416 3863 507 3922 istum
526 3865 683 3937 duntaxat,
702 3865 770 3938 sed,
788 3877 823 3926 ut
841 3865 973 3925 breuiter
991 3866 1098 3937 dicam,
1116 3880 1185 3925 ante
1204 3875 1312 3923 omncs

72 3975 74 3979 ·
142 3948 338 4007 Macedoniae
352 3959 455 4030 reges:
474 3948 519 4007 illi
534 3947 774 4013 Atheniensibus
789 3951 951 4033 vectigales
966 3951 1100 4022 fuerunt,
1117 3963 1222 4018 nostra
1237 3946 1312 4007 urbs

80 4066 82 4073 .
119 4031 259 4091 Γιιειιιιιιι
276 4054 410 4113 unquam
429 4032 566 4093 omnium
584 4035 764 4095 mortalium.
799 4037 957 4115 Praeterea
976 4048 1060 4096 tanto
1080 4035 1182 4114 plures
1201 4035 1238 4094 ad
1257 4032 1312 4091 bc-

144 4116 347 4177 nevolentiam
371 4117 497 4179 deonmi
523 4117 668 4178 habemus
694 4120 811 4192 aditus,
835 4133 949 4199 quanto
973 4120 1094 4201 pietatis
1122 4134 1152 4181 et
1177 4117 1313 4179 iustitiae

106 4265 109 4280 Ι
144 4214 292 4282 perpetuo
310 4202 423 4263 fuimus
442 4203 648 4264 studiosiores.
684 4204 794 4278 Quid
785 4203 879 4286 igitur
896 4205 947 4263 ille
966 4203 1123 4285 superiore
1142 4205 1224 4265 bello
1244 4224 1313 4262 suc-

144 4307 247 4347 cessus
264 4286 393 4347 maiores
412 4288 533 4362 habuit,
551 4311 639 4368 quam
658 4289 735 4348 nos?
760 4289 930 4364 Quoniam,
948 4288 1154 4349 Athenienses
1166 4289 1256 4373 (nam
1275 4287 1313 4345 li-

127 4371 218 4451 ‘bere
236 4371 396 4437 vobiscum
411 4371 521 4458 agam),
540 4374 592 4434 ille
611 4375 674 4455 ipse
694 4373 802 4469 militat
820 4381 854 4434 et'
868 4395 1026 4459 aerumnas
1041 4374 1157 4443 tolerat
1174 4389 1205 4434 et
1223 4384 1314 4456 proe-
