2722 4754
344 174 633 272 ,sovunsns
658 142 952 281 ,pertinen—s
998 255 1001 263 ¹
1031 134 1037 141 ’
1171 156 1251 259 231

181 320 183 325 .
478 296 484 321 i

84 343 153 416 mini
168 342 319 400 oratorum
339 325 441 411 cedat,
475 339 544 418 plus
561 326 657 400 lautiis
675 348 826 413 meretur,
859 338 887 398 si
905 350 939 399 ca
955 337 1096 412 facultate
1109 340 1152 400 tad
1169 340 1232 411 exi-

85 428 205 512 gendum
227 444 248 482 a
267 423 407 482 sontibus
422 423 636 503 supplicium,
650 444 743 502 ‚quam
767 424 995 485 ad··lae‹lendos
1010 424 1089 489 bene
1107 424 1239 493 meritos·

87 524 213 579 uteretur
246 507 324 568 Nam
342 506 368 566 si
386 527 516 587 quorum
535 503 605 586 odi'a
621 508 812 589 suscipienda
830 504 919 569 eunti
934 528 1040 571 eorum
1057 509 1231 583 inimicitiae

92 594 243 663 subeundae
260 604 343 665 sunt,
362 593 415 671 qui
432 591 557 652 laedunt
574 592 731 672 populum,
749 612 823 667 non,
841 593 894 671 qui
912 594 1010 655 eidem
1028 594 1232 669 benefaciunt,

95 707 149 748 mea
165 678 280 760 quidem
305 677 464 736 sententia.
505 671 611 736 Dinias
634 698 726 757 porro
750 672 1232 754 fortassiseommemorabitsse
1270 674 1274 681 ¹

94 774 205 833 mes
230 761 407 835 instruxisse
432 774 465 821 et
488 748 619 821 aedilitia
639 782 764 821 munera
782 761 972 821 exhibuisse..
1004 764 1072 845 Ego
1090 786 1179 838 vero,
1203 764 1232 833 si

94 854 193 921 Disias,
225 845 257 905 it
275 847 358 924 quod
384 847 496 927 etipse
515 845 669 919 existimo,
695 846 784 908 bene
803 848 839 907 de
858 847 1012 927 republica
1030 840 1232 924 meritusest,
1314 866 1318 870 ·

94 939 175 1024 potius
196 921 300 991 auctor
317 929 346 989 ei
363 929 473 989 fuerim
491 931 625 990 muneris
644 931 758 1011 aliquid
776 953 792 991 a
810 930 896 993 ¹vobis
913 932 1056 1012 petendi,
1090 930 1179 1011 quam
1196 947 1232 995 ut

96 1027 190 1088 iuberet
211 1035 279 1085 eos,
306 1016 361 1093 qui
378 1016 484 1094 prius,-
493 1016 695 1095 accepissent,
720 1016 850 1096 spoliari.
893 1017 971 1076 Nam
994 1015 1068 1076 boni
1091 1017 1148 1089 viri
1171 1016 1231 1079 boc

48 1116 53 1121 '
95 1108 176 1195 potius
192 1099 323 1160 officium
338 1104 398 1172 est,
411 1119 474 1179 pro
491 1100 554 1160 suis
573 1099 727 1161 benefieiis
746 1102 871 1184 gratiam
889 1102 1020 1184 exigere,
1038 1122 1127 1181 quam
1144 1102 1231 1175 babi-

96 1206 135 1258 tos
148 1191 266 1250 bonores
285 1182 350 1244 aliis
369 1181 512 1245 invidere.
529 1187 634 1259 'Quod
651 1206 724 1245 vero
744 1188 880 1247 omnium
897 1187 1066 1249 maximum·
1077 1198 1133 1260 est,
1151 1184 1181 1246 'et
1198 1187 1231 1249 iu
1301 1218 1305 1225 ·

96 1294 184 1366 gerere
206 1280 311 1331 contra
336 1269 411 1328 istos
440 1289 544 1329 omnes
570 1271 731 1331 advocatos
756 1270 845 1331 facit:
880 1270 1097 1351 Unusquisque
1124 1271 1231 1343 torum

99 1381 168 1445 ,ape
185 1354 264 1437 prius
286 1353 467 1434 quibusdam
488 1354 519 1412 in
536 1354 635 1416 causis
652 1354 837 1436 subscripsit
879 1357 934 1416 Est
956 1369 1058 1417 autem
1079 1356 1232 1434 praeclara
1262 1406 1266 1411 .

101 1441 314 1525 ierapodwos,
336 1460 400 1499 non
414 1438 458 1498 ob
476 1437 653 1499 huiusmodi
668 1439 749 1499 viros
767 1440 849 1514 lata,
877 1442 931 1499 scd
948 1441 1036 1514 ideo,
1071 1459 1229 1521 necares
1274 1454 1277 1459 ’
1331 1504 1335 1509 ,

99 1524 209 1615 quaestui
230 1535 310 1583 esset
334 1522 529 1607 sycophantis
548 1522 812 1603 ·quibusdam,.ne
837 1524 926 1598 liceat
947 1524 1054 1606 populi
1078 1524 1230 1607 suffragiis
1293 1554 1296 1561 ·
1328 1562 1333 1571 ι

97 1639 147 1679 non
160 1610 264 1673 delecto
283 1607 352 1688 plus
378 1629 467 1686 qnam
491 1609 596 1671 semel.
608 1607 807 1673 subscribere.
827 1611 1068 1679 ‚Decctautcm
1085 1621 1229 1689 patronos

81 1701 170 1782 tegis,
197 1693 276 1753 euius
295 1691 383 1751 vobis
401 1693 583 1773 aequitatem
597 1693 782 1774 persuadere
793 1695 946 1768 student,
976 1695 1060 1774 ipsos
1077 1692 1230 1773 veteribus

96 1785 190 1868 legibus
205 1777 418 1856 obtemperare.
461 1778 600 1851 Quod-si
617 1778 970 1860 negliguntz.ridiculum
989 1792 1050 1853 est,
1069 1798 1139 1853 eos,
1157 1781 1229 1857 dum

97 1870 148 1952 lagi
165 1861 394 1947 patrocinantur,
405 1914 408 1919 .
419 1863 508 1923 aliam
523 1863 626 1945 legem.
640 1862 767 1925 interim.
782 1864 915 1931 violare.¹
946 1858 1027 1946 Cape
1049 1864 1165 1946 legen,
1192 1864 1229 1939 de

98 1948 281 2032 qna-dico,ac
299 1946 424 2006 recita,
478 1980 500 2002 .»
566 1976 580 1985 -·
1097 1968 1100 1973 ’

159 2203 249 2276 Haeo,
265 2199 487 2278 Athenienses,
503 2217 542 2264 et
558 2216 683 2264 vetusta·
695 2217 726 2264 et
742 2203 892 2285 praeclara
909 2204 958 2263 lex
976 2215 1037 2263 est:
1063 2222 1228 2283 quamlnec
1313 2235 1316 2241 .

93 2289 142 2362 ini,
154 2288 178 2349 'si
192 2287 327 2369 sapiunt,
345 2288 516 2363 violabunt,
536 2287 841 2372 et·ego,·ubi:psuea
858 2287 1227 2361 addidero,.descendam.
1252 2290 1315 2346 320

28 2400 33 2407 ·
56 2418 58 2422 -
79 2364 230 2433 ¹sternio-’et
251 2393 378 2454 magnae
401 2380 496 2433 curae·
514 2374 600 2433 vobis
626 2393 691 2433 esse
717 2373 825 2445 debet,
849 2370 1083 2446 Athenienses,
1100 2395 1169 2443 cum
1194 2387 1230 2435 ut

92 2478 174 2518 onnes
193 2458 276 2540 leges
294 2461 416 2517 uestrae
433 2458 698 2538 'praeclarissimae
712 2459 789 2530 sint,
812 2470 878 2518 tum
897 2477 969 2518 vero
988 2456 1044 2517 bae
1062 2458 1227 2536 itt-primis,
1303 2512 1304 2517 ,

90 2541 310 2622 passivitatem
331 2555 385 2602 aut
402 2563 538 2625 magnam
556 2555 746 2623 autpertum
765 2542 884 2603 efficere
903 2551 1039 2621 possunt.
1072 2542 1134 2603 Eae
1149 2560 1225 2607 nero

89 2626 258 2706 quae-sonti
269 2627 335 2686 Hae
352 2627 505 2700 nimirum,
524 2647 601 2706 quae
621 2640 652 2687 et
668 2626 879 2687 benemeritis
897 2625 1046 2705 bonorem
1063 2624 1228 2691 babentet
1321 2650 1330 2659 “

89 2710 390 2793 inprobossuppliciis
409 2719 559 2773 cotircent
585 2711 661 2771 Nani
679 2711 706 2771 si
723 2729 1012 2790 omncspoenarum
1029 2722 1129 2784 metu,
1147 2730 1225 2789 quae
1308 2700 1320 2713 ’

24 2854 27 2859 .
86 2796 326 2880 iegibussancitae
342 2809 424 2870 sunt,
437 2795 591 2869 maleficiis
606 2796 748 2856 omnibus
764 2794 943 2866 abstineant,
959 2807 990 2855 et
1007 2814 1123 2868 omnes,
1138 2813 1225 2875 praes

82 2881 135 2941 niis
156 2879 372 2942 beneficiorum
394 2881 536 2953 invitati,
555 2880 689 2960 officinm
702 2879 817 2941 iacere.
834 2874 989 2940 studeant:
1015 2877 1089 2958 quid
1114 2879 1225 2953 obstat,

78 2965 242 3045 quominus
261 2966 367 3026 civitas
381 2964 602 3026 florentissima·
613 2967 776 3040 efficiatur,
802 2976 832 3024 et
849 2963 927 3029 boni
941 2963 1003 3023 sint
1019 2980 1143 3037 omnes,
1160 2984 1223 3023 ma·
1279 2965 1303 2995 ⁶

75 3050 113 3110 ius
127 3050 237 3117 nemo?
271 3050 315 3110 At
330 3052 387 3112 ista
404 3052 614 3133 Leptinaeiex
632 3073 695 3111 non
712 3051 744 3110 id
762 3049 882 3121 solum,¹
905 3047 1126 3121 Athenienses,
1152 3047 1223 3107 mali

74 3134 167 3210 babet,
191 3135 277 3216 quod
292 3134 427 3195 sublatis
450 3137 529 3196 bene
550 3137 727 3197 meritorum
743 3132 885 3216 praemiis
902 3133 1012 3205 efficit,
1036 3132 1152 3212 nequi
1173 3131 1223 3193 sui

73 3236 199 3305 ergnos
217 3219 312 3297 studii
327 3233 358 3280 et
374 3220 603 3281 benevolentiae
616 3221 749 3280 fructum
761 3217 946 3299 percipiant:
963 3219 1018 3278 sed
1031 3216 1223 3290 ittutettau,

68 3306 145 3384 (prod
159 3305 283 3366 nostrae
300 3305 413 3367 civitati
427 3306 631 3388 turpissimam
644 3305 825 3366 violatarum
839 3303 942 3384 legum
956 3302 1134 3382 opinionem
1149 3322 1223 3362 con-

68 3389 148 3450 siliat
190 3388 303 3470 Neque
326 3391 406 3450 enim
428 3413 481 3451 vos
500 3389 816 3471 prosectoipraeterit,
842 3408 877 3447 ea
899 3387 968 3470 lege
991 3396 1090 3447 unam
1106 3395 1249 3466 tautum*

21 3535 22 3539 ,
66 3476 188 3554 poenam
208 3496 275 3535 esse
294 3475 489 3536 constitutam
506 3476 543 3534 iis
562 3475 668 3549 etiam,¹
703 3474 757 3553 qui
773 3470 953 3556 gravissime·
964 3472 996 3533 in
1015 3492 1068 3531 vos
1086 3471 1223 3550 delique·

63 3563 159 3633 runt.
189 3580 229 3619 ua
254 3560 403 3631 sancitum
429 3573 488 3634 est,-
510 3558 731 3637 unius'iudieii
753 3556 906 3638 non-plus
931 3577 998 3617 una·
1015 3556 1223 3627 aestimatione

62 3662 125 3703 esse
141 3645 181 3704 dc
206 3664 276 3717 ere,
306 3657 373 3704 utra
391 3646 423 3705 in
440 3647 510 3704 foro
529 3646 649 3717 decreta
666 3641 824 3704 fueritve!
843 3642 954 3703 luenda
983 3661 1065 3719 esse,
1092 3641 1141 3700 vel
1159 3639 1222 3700 sol-

61 3723 172 3788 uenda-z
194 3725 343 3809 'utrasque
359 3742 435 3791 vero
452 3751 516 3789 nou
533 3730 633 3790 licere.-
663 3730 818 3791 Hacvero
836 3725 1052 3789 mensuraiste
1068 3745 1132 3785 non
1148 3744 1223 3785 usus
1320 3798 1325 3803 ι

40 3826 45 3845 ’
62 3808 130 3872 ctts³
145 3815 202 3874 sed
219 3813 248 3872 si
264 3814 474 3897 quis-gratiam
492 3815 599 3873 referri
615 3814 680 3874 sibi
692 3810 995 3894 postulat,.infamis,
1010 3810 1128 3889 inquit,
1145 3820 1222 3883 esto,

60 3909 186 3978 etopes
203 3897 268 3958 cius
286 3899 489 3980 publicentur.
523 3899 624 3959 Binae'
640 3919 757 3980 poenae
774 3896 832 3958 bae
849 3909 928 3957 sunt.
957 3896 1174 3973 Liceatporro
1192 3904 1223 3963 et

51 3975 179 4043 ¹tieferre
193 3997 231 4045 et
243 3984 279 4042 in
293 4004 447 4044 carcerem
459 3984 630 4043 abducere:
649 3984 759 4063 quodsi
778 3982 933 4043 conuictus
951 3980 1053 4051 suerit,
1071 3977 1223 4041 obnoxius

61 4066 125 4125 esto
152 4066 230 4150 legi,
243 4089 329 4146 *quae
353 4070 412 4128 iata
435 4082 481 4129 est
504 4081 608 4128 contra
632 4068 779 4141 aerarios,
801 4069 829 4127 si
852 4066 1041 4149 magistratus
1062 4062 1223 4144 gesserint.

58 4149 193 4211 Mortem
212 4153 299 4212 dicit:
325 4173 395 4235 nam
412 4152 443 4212 id
463 4154 526 4214 cius
545 4154 589 4212 rei
608 4153 789 4234 supplicium
803 4166 861 4212 -sst
903 4147 1089 4229 'rresssigitur
1104 4168 1222 4228 poenae

61 4248 131 4296 sunt
149 4236 224 4297 bae.
249 4237 364 4298 Annon
384 4237 477 4322 igitur
494 4239 697 4300 miserandum
716 4252 747 4299 et
763 4236 906 4300 acerbum
924 4247 988 4306 cst,
1008 4231 1223 4303 Athenienses,

63 4319 87 4378 ti
102 4323 225 4405 gessius
241 4325 320 4402 aput
336 4343 390 4383 vos
406 4322 570 4398 videbitur,
586 4325 711 4408 gratiam
728 4344 787 4405 pro
801 4317 1115 4398 beneficioirepeters,
1133 4336 1224 4397 quam
