2722 4754
344 133 1070 271 antonumcotv'c101vul1.¹⁴
1149 151 1268 262 ιιι,

58 360 114 399 nus
133 339 243 400 solitos
262 317 403 415 fuissem,
428 353 510 424 nunc
527 326 671 399 iacerem:
698 339 768 412 sed,
793 359 869 419 quae
887 305 974 398 vobis
991 306 1150 416 profutura
1164 356 1219 394 «eu

59 424 209 500 istimem‚
236 446 285 526 ea,
311 446 400 525 quam
418 445 433 483 a
451 443 500 482 me
518 423 598 484 fieri
603 423 791 484 brevissime
795 423 925 504 poterit,
950 420 1037 482 vobis
1057 420 1220 502 explicabo.
1308 412 1314 429 i

59 505 138 568 Cum
163 510 279 568 nemini
301 511 444 591 prorsus
452 498 628 567 obscu'rum-
640 527 720 569 esse
733 509 865 583 videam,
895 505 1029 588 quibus
1030 505 1220 566 orationibus

58 594 113 652 vel
127 587 336 667 delectemini,
366 593 413 653 vel
431 582 647 667 offendamini,
674 605 775 652 tamen
794 613 828 652 ea
846 593 965 664 dicere,
994 612 1083 670 quae
1081 588 1230 661 iucunda,

58 679 126 736 fore
144 678 318 751 videantur,
338 677 543 757 impostorum
563 697 627 750 esse
645 698 729 749 reor:
761 677 798 736 ab
816 676 863 735 his
881 688 998 749 autem,
1024 683 1101 755 quae
1118 674 1221 756 reipu-
1260 683 1270 693 ‘

32 812 34 817 ,
60 763 158 822 blieae·
175 763 332 843 profutura
351 783 416 822 esse
434 776 610 842 persuasum
628 746 747 862 haheas,
770 761 888 823 etiamsi
904 760 1057 821 auditores
1077 760 1223 845 obturba-
1264 814 1265 817 ,

47 848 165 920 turos,
180 860 233 907 aut
250 846 368 947 quidvis
387 846 467 906 aliud
486 847 619 906 facturos
637 846 728 923 scias,
746 867 810 906 non
829 846 954 926 depelli,
973 844 1003 903 id
1023 866 1080 928 ego
1100 858 1130 904 et
1147 844 1244 908 honi,
1300 878 1303 882 ›

30 1000 33 1004 ,
62 946 101 992 et
112 932 271 992 cordati'
244 932 316 992 ervis
335 931 469 990 officium
488 951 553 991 esse
569 924 681 991 iudico.
700 932 776 1014 Ego
794 947 865 990 vero
884 950 955 1003 vos,
973 930 999 1000 si
1017 951 1080 989 non
1098 943 1224 1011 propter

63 1017 223 1097 quicquam
243 1016 341 1088 aliud,
378 1016 418 1076 ob
442 1014 517 1075 illud
535 1016 640 1074 saltem
658 1028 859 1096 utrorumque
878 1015 1030 1074 orationes
1049 1015 1154 1075 audire
1171 1021 1224 1074 ιι-

62 1101 237 1175 lim,ut,'s1
228 1101 400 1206 quaedam
420 1101 486 1179 quis
504 1101 633 1173 rectius,
653 1121 742 1179 quam
757 1100 902 1198 impetus·
908 1094 1016 1160 vester
1027 1113 1058 1160 et
1074 1099 1243 1180 cupiditas·
1266 1093 1304 1167 ⁰,

62 1186 138 1258 sert,
163 1185 292 1258 diceret,
318 1185 382 1244 eiu‘s
401 1185 580 1262 consilium
561 1186 849 1286 amplecteremini:
877 1185 923 1244 sin
944 1184 1186 1245 destitue'retur
1176 1205 1225 1243 rn-

62 1271 173 1353 genio,
204 1288 304 1350 neque
322 1269 501 1329 sententiam
520 1269 612 1329 animi
630 1292 677 1329 sur
669 1268 842 1349 explicare
860 1282 981 1349 posset,
1012 1283 1048 1329 ut
1066 1269 1144 1328 ider
1161 1289 1224 1342 sua,
1280 1306 1285 1313 -

30 1421 35 1426 ,
63 1376 128 1414 non
150 1367 249 1435 vestra
272 1353 376 1434 culpa,
404 1354 456 1432 qui
473 1354 577 1413 arrdire
595 1355 716 1427 nolitis,
741 1353 884 1426 accidisse
908 1354 1069 1412 videretur.
1104 1352 1223 1412 Deinde

63 1460 141 1498 non
145 1430 227 1498 tanta
245 1438 382 1498 molestia
401 1438 648 1538 efficeremini,
623 1459 661 1496 ιι.
658 1459 757 1517 quem
776 1437 869 1496 multa
887 1449 1051 1520 nugantem
1070 1437 1225 1509 audiretis,

64 1535 190 1622 quanta,
210 1523 235 1581 si
251 1544 354 1623 quem,
373 1523 425 1602 qui
444 1497 650 1602 opportunum
668 1522 782 1603 aliquid
802 1522 884 1580 dictu
903 1521 1045 1594 haberet,
1062 1521 1225 1620 prohibeo
1253 1536 1255 1540 ’

62 1607 111 1667 tis
146 1606 191 1666 Ac
212 1608 394 1687 principium
414 1607 535 1706 quidem
560 1619 605 1665 est
622 1618 703 1665 recte
721 1606 870 1706 prohandi
888 1606 1005 1677 omnia,
1029 1618 1064 1665 ut
1089 1625 1127 1664 ne
1150 1598 1226 1684 quid

63 1705 153 1750 antea
170 1711 224 1751 vos
241 1703 347 1775 tenere
363 1687 493 1772 putetis,
517 1702 606 1769 quarn
625 1690 844 1773 cognoveritis.
869 1712 937 1749 curn
956 1689 1131 1771 praesertim
1150 1689 1226 1749 scia-

64 1775 122 1847 tis,
149 1796 237 1856 saepe
261 1772 320 1835 iam
345 1776 456 1835 multos
480 1774 604 1834 consilia
622 1787 761 1835 mutasse.
796 1774 916 1849 Quodsi
939 1796 1021 1835 nunc
1044 1774 1130 1835 vobis
1153 1773 1227 1834 haec

66 1881 209 1960 persuasa
226 1860 357 1934 suerint,
379 1860 446 1920 iore
464 1872 556 1940 puto,
574 1871 610 1918 ιιι
625 1860 728 1939 paucis
745 1859 846 1920 verbis
865 1858 976 1940 etipse
995 1859 1096 1921 dicere
1112 1858 1227 1938 aliquid

65 1944 133 2004 iure
151 1944 269 2020 videar,
294 1958 325 2006 et
341 1965 389 2004 me
407 1945 494 2006 vobis
513 1944 626 2024 optime
645 1945 803 2017 consulere
811 1955 969 2040 appareat

469 2118 825 2133 ura—m

69 2265 289 2372 Quamquam,
315 2289 537 2364 Athenienses,
552 2290 658 2351 'multa
675 2290 766 2350 verba
784 2290 861 2351 facta
877 2304 950 2372 sunt
966 2292 1003 2351 ab
1023 2291 1164 2352 omnibus
1181 2291 1243 2393 ιιι,

39 2439 44 2445 ,
67 2377 121 2458 qui
140 2377 263 2436 co'nsilia
282 2376 448 2442 dederuut:
483 2396 536 2435 vos
560 2387 662 2434 tamen
686 2396 767 2434 nunc
784 2375 882 2434 nihilo
900 2376 1044 2477 propius
1042 2376 1127 2467 ab
1099 2397 1163 2437 erus
1181 2377 1229 2437 iri

67 2460 229 2560 ventione,
257 2461 340 2541 qnod
363 2462 511 2543 agendum
535 2460 592 2532 sit,
622 2458 726 2519 abesse
748 2459 855 2535 video,
883 2482 971 2540 quarn
987 2460 1173 2550 priusquam
1197 2461 1230 2522 in
1253 2459 1315 2520 410

70 2546 250 2608 concionem
268 2545 505 2614 adscendissetis.
529 2541 623 2604 Cuius
640 2543 687 2603 rei
705 2552 801 2619 causa,
820 2545 939 2644 opinor,
958 2558 1004 2605 est
1018 2542 1139 2646 eadem,
1149 2567 1231 2625 quae
1279 2594 1281 2598 .

69 2644 133 2705 est,
157 2643 193 2690 ιιι
217 2651 332 2691 summa
355 2629 538 2710 reipublicae
563 2629 687 2689 laboret
722 2628 811 2688 Nec
804 2628 885 2689 enim
904 2631 941 2689 de
959 2624 1127 2710 propositis
1139 2629 1231 2692 rebus

68 2738 124 2776 vos
141 2728 269 2775 monent
287 2727 437 2787 oratores,
456 2715 509 2774 sed
528 2732 559 2771 sc
578 2713 708 2772 invicem
725 2724 866 2774 accusant
884 2727 914 2774 et
931 2715 1144 2796 proscindunt:
1167 2715 1231 2794 quo

69 2799 120 2883 (ιιι
138 2820 194 2882 ego
214 2799 335 2881 quidem
354 2797 470 2881 iudico)
488 2798 684 2879 consuefacti
693 2810 774 2857 extra
791 2798 955 2870 iudicium,
988 2812 1113 2878 quantas
1130 2799 1231 2864 clades

69 2884 255 2957 invexerint,
291 2883 411 2956 audire,
446 2905 472 2941 ιι
463 2882 639 2965 quando
630 2904 662 2941 ιιι
679 2882 726 2942 ius
746 2892 893 2944 vocentur
904 2881 993 2966 (cum
1008 2896 1064 2944 vos
1083 2882 1160 2942 nihil
1179 2903 1234 2943 au·
1248 2931 1250 2934 .

71 2969 153 3029 dire
155 2968 226 3027 novi
243 2967 373 3053 putetis,
390 2966 442 3026 sed
462 2987 495 3026 ea
512 2979 640 3040 tanturn,
659 2987 735 3045 quae
754 2989 856 3049 saepe
855 2988 915 3027 vos
934 2965 1177 3051 commoverint),
1196 2968 1234 3027 de
1269 2988 1276 2992 ·

70 3053 256 3113 facinoribus
276 3074 380 3113 eorum
399 3050 576 3111 clementius
594 3051 798 3131 pronuntietis
818 3065 848 3112 et
866 3051 1013 3113 iudicetis.
1037 3053 1110 3113 Ac
1101 3066 1157 3112 rsta
1176 3073 1250 3152 qua-

72 3139 111 3197 de
139 3159 225 3208 causa
249 3137 381 3210 iaciant,
416 3135 561 3195 stultitiae
586 3136 717 3195 sortasse
740 3136 833 3197 fuerit
858 3136 999 3219 indagare
1027 3136 1175 3214 curiosius
1202 3137 1235 3195 in
1312 3189 1314 3192 ,

72 3222 254 3303 praesentia·
272 3223 332 3281 sed
345 3220 412 3300 quia
431 3220 518 3280 vobis
536 3240 600 3280 non
619 3220 791 3300 expediunt,
809 3222 879 3280 ideo
899 3243 933 3282 ea
950 3221 1148 3303 reprehendo.
1167 3223 1257 3304 Ego'

41 3348 56 3378 z
72 3327 147 3367 vero
166 3327 222 3365 nec
237 3304 384 3366 accusabo
404 3326 584 3405 quemquam
603 3304 711 3379 hodie,
735 3327 834 3386 neque
852 3306 911 3366 tale
931 3306 1091 3395 quicquam
1109 3306 1237 3386 pollice·
1275 3358 1285 3365 .
1314 3342 1317 3347 ·

74 3392 142 3464 hor,
161 3389 244 3469 quod
262 3411 324 3449 non
341 3389 512 3472 evestigio
522 3389 660 3475 probem,
678 3409 778 3470 neque
794 3390 925 3470 denique
942 3387 1010 3450 illos
1023 3389 1087 3450 ulla
1101 3409 1137 3449 ex
1150 3402 1235 3479 parte
1272 3415 1277 3422 ¹

74 3474 230 3536 imitabor:
266 3475 319 3534 sed
337 3486 497 3553 quactum
517 3455 714 3534 conficiendis
731 3475 821 3535 rebus
840 3474 1025 3555 aptissima,
1037 3487 1102 3534 tum
1120 3470 1236 3535 delibe-

73 3560 215 3621 rantibus
228 3559 315 3642 vobis
333 3558 419 3619 utilia
438 3558 597 3639 existimo
620 3559 666 3619 his
686 3575 777 3640 quam
793 3559 982 3621 brevissime
988 3559 1157 3684 explicatis,
1184 3559 1236 3619 de·
1254 3614 1264 3630 x

76 3644 225 3706 scendaut.

63 3902 154 4054 ¹Qui
171 3974 300 4036 maiores
317 3985 434 4034 vestros
451 3958 593 4044 laudant,
617 3956 841 4045 Athenienses,
857 3969 1035 4058 =qrationem
1054 3972 1100 4031 illi
1118 3971 1243 4052 quidem

77 4058 250 4120 instituere
256 4057 331 4117 mihi
348 4057 491 4116 videntur
507 4055 670 4116 iucundam
687 4057 811 4156 ιιιιιιιιιι,Ι
825 4039 1008 4117 nontamen
1027 4079 1145 4131 eorum,
1163 4076 1240 4137 quos
1276 4085 1279 4088 ⁴

79 4142 245 4214 celebrant,
261 4143 373 4203 servire
393 4140 568 4200 commodis.
597 4139 744 4224 Aggressi
763 4141 849 4207 enim
861 4161 920 4214 res,
938 4164 1011 4222 quas
1031 4143 1177 4222 explicare
1196 4140 1243 4200 di-

81 4229 198 4291 cende
196 4247 261 4307 pro
272 4222 418 4309 dignitate
436 4244 527 4284 nemo
546 4239 654 4314 queat,
688 4227 746 4308 ipsi
771 4226 899 4325 quidem·
913 4226 1104 4307 eloquentiae
1122 4226 1242 4286 laudem

80 4323 253 4396 reportant:
278 4312 340 4426 sed
349 4310 440 4422 iidem
459 4307 630 4385 efficiunt,
621 4324 657 4372 ut
675 4313 713 4407 de
730 4302 854 4372 illorum
871 4311 982 4372 virtute
999 4322 1145 4394 concepta
1164 4310 1241 4428 apud
1295 4320 1297 4325 ⁴

170 4548 234 4583 ..ς
306 4582 310 4589 ἱ
