2722 4754
801 83 819 132 ‚⁴

338 154 343 177 ³
420 132 871 233 ιιιιιιιιιιιιιιιιιι
936 148 944 163 ’
1021 238 1038 263 „-
1097 115 1240 297 v‚sai
1303 239 1308 250 ‚

62 323 162 388 vistis:
188 345 253 386 eam
271 344 360 400 vero,
384 344 461 405 quae
479 324 512 384 iu
528 345 633 385 mensa
651 335 732 398 erat,
752 343 843 406 quam
862 336 969 393 omnes
986 328 1114 395 notant,
1136 287 1231 399 quae-

63 433 122 493 que
148 410 239 471 celari
263 432 327 471 non
352 421 486 495 poterat,
514 408 723 488 ostendendo,
738 420 866 498 patrem
889 418 1029 500 nostrum
1054 405 1232 467 obaeratum
1285 409 1293 414 ’

64 519 147 571 esse,
165 510 214 571 ut,
234 517 433 576 quaecunque
452 493 564 555 habere
583 487 825 580 convinceretur,
844 513 879 553 ea
897 512 929 552 se
946 492 1098 575 recepisse
1115 508 1233 553 assere·
1283 532 1286 541 ι

63 595 117 643 ret
153 586 216 642 Vos
241 596 340 642 autem
368 603 453 653 eum,
481 580 565 660 quod
589 599 702 663 genere
724 578 874 639 sermonis
899 578 1100 641 insolentiorc
1125 576 1233 651 utitur,

64 666 224 729 barbarum
242 666 378 727 fortassis
397 678 428 725 et
446 665 601 726 hominem
622 665 789 756 simplicem
807 660 927 744 puta&
961 665 1018 726 Est
1033 685 1107 725 vero
1124 661 1233 726 barba,-

64 777 115 816 rus
134 752 235 812 odio
227 775 259 812 ιιι
277 773 347 827 eos,
373 741 450 833 quos
470 752 570 812 colere
590 747 734 811 debebat.
766 749 820 811 sed
837 748 992 810 maleficiis
1012 763 1044 812 et
1061 748 1233 830 corruptela

63 838 258 921 negotiorum
282 837 404 898 nemine
430 849 476 897 est
500 835 635 896 inferior.
667 832 751 916 Cape
775 834 959 905 locationem
983 848 1015 896 ct
1028 835 1115 918 lege,
1141 854 1231 915 quam
1254 837 1315 895 201

65 926 173 986 eodem
191 924 283 984 modo
305 944 361 1004 per
368 920 665 1007 provocationem
645 910 850 986 iniecerunt.

386 1060 630 1118 nocarto
682 1070 921 1133 mensur„
1020 1061 1032 1122 f

148 1178 204 1238 His
230 1176 460 1238 conditionibus
486 1176 598 1238 locavit
621 1175 711 1239 Pasio
737 1196 871 1245 mensam
894 1170 1092 1235 Phormioni:
1116 1187 1152 1234 ut
1176 1193 1233 1254 pro
1317 1224 1319 1229 ,

63 1264 215 1326 locatione
233 1284 355 1324 mensae
372 1263 518 1333 Phormio
541 1262 612 1322 filiis
630 1262 768 1322 Pasionis
790 1260 864 1320 hina
884 1260 998 1320 talenta
1015 1272 1048 1329 et
1066 1261 1236 1342 quadrage·

62 1372 114 1411 nas
133 1350 228 1410 minas
248 1349 411 1449 quotannis
436 1349 534 1409 solvat
557 1359 678 1428 praeter
696 1345 922 1445 quotidianas·
912 1365 1077 1426 impensas:
1098 1362 1141 1409 ne
1159 1361 1233 1405 vero
1263 1384 1279 1409 ι,

62 1437 152 1496 liceat
170 1435 297 1495 seorsim
315 1433 515 1518 argentariam
525 1433 631 1492 faeere
645 1429 841 1502 Phormioni,
861 1428 921 1489 nisi
938 1450 955 1490 a
973 1427 1076 1488 liberis
1095 1428 1233 1490 Pasionis

61 1522 92 1582 id
117 1520 294 1601 impetrarit
318 1518 429 1580 ¹Debet
452 1529 554 1579 autem
570 1516 660 1578 Pario
679 1518 716 1578 ad
734 1537 869 1578 mensam
891 1514 1035 1613 undecim
1060 1514 1172 1575 talenta
1195 1514 1234 1574 ad

62 1606 209 1688 deposita
701 1640 707 1651 t
1222 1650 1227 1655 .
1252 1609 1255 1615 “

147 1690 275 1766 Quam’
265 1689 360 1772 igitur
376 1689 549 1770 pactionem
568 1686 723 1760 exhibuit,
758 1706 795 1746 ex
813 1708 872 1766 qua
890 1684 1070 1769 conduxerit
1088 1674 1233 1760 mensam,

61 1776 137 1835 haec
156 1788 219 1848 est,
239 1774 365 1835 ludices
399 1772 522 1835 Auditis
540 1778 660 1848 autem,
683 1773 717 1832 in
735 1793 769 1833 ea
787 1771 894 1855 lcgi,.'
884 1764 976 1833 istum
994 1770 1156 1833 locationis
1174 1789 1233 1830 no-

61 1861 144 1919 mine
167 1818 301 1941 pehdere
327 1858 456 1959 debere,
480 1871 601 1940 praeter
617 1857 843 1939 quotidianas
827 1859 1001 1939 impensas,
1026 1856 1096 1917 bina
1118 1854 1234 1917 talenta

62 1958 94 2004 et
112 1947 319 2027 quadragenas
337 1943 433 2005 minas
453 1943 631 2025 quotannis:
662 1964 725 2004 non
748 1943 841 2022 licere
866 1955 968 2004 autem
987 1942 1015 2004 ei
1033 1940 1232 2029 argentariam

60 2030 187 2090 seorsim
205 2029 368 2102 lacere,'
337 2051 396 2089 nssr
388 2016 504 2099 hobis
522 2029 554 2089 id
571 2028 777 2109 persuaserit.
777 2029 954 2088 Postremo
946 2048 1028 2089 vero
1048 2016 1232 2108 adscriptum
1274 2050 1279 2063 ι

62 2125 122 2173 est:
141 2113 243 2173 Debet
260 2127 362 2174 antem
380 2115 468 2174 Pasio
487 2115 629 2174 undecim
646 2113 783 2174 talenta
774 2135 806 2172 ιιι
819 2113 963 2194 deposita.
982 2113 1037 2173 Est
1055 2133 1126 2172 vero
1147 2112 1231 2192 quis-
1268 2154 1279 2168 .

61 2219 170 2278 quam,
198 2221 251 2277 qur
242 2198 347 2298 ligni
365 2211 396 2258 et
413 2199 473 2258 loci
497 2211 528 2258 et
545 2197 673 2258 tabellae
697 2209 812 2257 tantam
838 2197 1003 2258 sus'tinerct
1026 2195 1232 2258 locationem?

61 2283 116 2342 Est
133 2302 206 2345 vero
233 2283 410 2363 quisquam,
436 2282 489 2363 qui
508 2281 554 2356 ei,
579 2302 634 2363 per
660 2303 751 2362 quem
778 2302 885 2370 mensa
906 2295 1025 2343 tantum
1043 2280 1121 2342 aeris
1138 2280 1232 2342 alicui

42 2367 270 2452 contraxisset,
287 2368 404 2447 reliqua
422 2366 581 2428 crederet?
599 2366 632 2426 Si
648 2367 728 2426 enim
742 2380 791 2429 tot
808 2365 980 2451 pecuniae
974 2367 1151 2435 defuerunt:
1169 2367 1230 2445 isto
1271 2405 1273 2411 ι

61 2465 258 2552 procuratore
277 2453 448 2514 defuerunt„
475 2452 566 2513 Scitis
585 2452 666 2512 enim
686 2473 802 2527 omnes,
822 2454 912 2514 etiam
931 2475 1000 2514 cum
1017 2464 1116 2534 pater
1121 2458 1230 2553 argen-
1240 2454 1249 2463 “

61 2537 166 2598 tariam
192 2539 319 2612 laceret,
345 2539 437 2599 istum
462 2527 576 2599 sedisse
602 2549 633 2598 et
656 2537 823 2618 praefuisse
848 2559 978 2599 mensae.
1013 2536 1144 2614 Quare
1133 2559 1166 2597 ιιι
1183 2537 1230 2619 pi·
1260 2560 1265 2570 ι
1307 2561 1310 2566 ·

61 2624 158 2684 strino
177 2644 247 2684 cum
266 2624 380 2684 molere
398 2624 501 2705 potius
520 2622 643 2696 decuit,
651 2645 741 2702 quam
757 2622 884 2703 reliquis
902 2623 1004 2705 potiri.
1040 2623 1101 2684 Sed
1120 2623 1230 2684 omitto

23 2751 28 2758 ·
61 2708 135 2768 haec
153 2722 184 2769 et
202 2709 268 2783 alia,
287 2729 364 2788 quac
382 2711 420 2769 de
437 2708 581 2774 undecim
598 2708 719 2770 talentis
739 2707 840 2768 dicere
858 2729 1008 2810 possem,
1008 2709 1091 2768 unde
1111 2707 1231 2791 coguo-

62 2807 212 2881 sceretur,
237 2806 354 2876 patrem
373 2815 408 2854 ea
424 2800 488 2854 n'on
507 2793 666 2869 debuisse,
694 2792 776 2866 scd
766 2806 858 2855 rstum
876 2793 1073 2875 surripuisse..
1100 2793 1158 2854 sed
1172 2814 1237 2879 qua

46 2872 156 2962 *gratia
174 2879 253 2964 legi,
278 2893 313 2940 ut
330 2880 540 2953 ostenderem,
565 2891 781 2940 testamentum
800 2900 866 2939 esse
882 2879 1010 2953 falsum,
1027 2878 1058 2939 id
1075 2877 1163 2938 vobis
1179 2898 1232 2938 re-

60 2965 209 3047 digamia
235 2965 420 3025 memoriam.
435 2964 607 3045 Scriptum
634 2976 680 3025 est
696 2963 840 3038 ibidem,
850 2985 916 3024 uon
940 2965 1042 3029 licere
1050 2961 1232 3025 Phormioni

58 3051 258 3133 argentariam
277 3051 385 3124 lacere,
403 3048 463 3110 nisi
480 3072 497 3110 a
514 3049 631 3111 nobis'
621 3049 798 3130 rmpctrarit.
821 3048 917 3117 Hoc
906 3049 1002 3132 rgitur
1016 3048 1164 3130 scriptum
1182 3048 1230 3108 in

60 3135 151 3209 dicat,
167 3148 382 3197 testamentum
399 3135 521 3217 penitus
541 3155 605 3199 esse
624 3132 740 3196 salsuiu.
758 3134 837 3210 Quis
853 3135 934 3195 enim
949 3133 1134 3208 mortalium,
1152 3153 1229 3214 quae
1273 3151 1285 3163 ·
1316 3131 1324 3139 ’

59 3220 119 3280 iste
137 3221 275 3299 faciendo
295 3220 493 3321 argentariam
521 3220 712 3307 quaesiturus
732 3232 812 3294 erat,
838 3241 872 3280 ea
890 3233 926 3280 nt
944 3219 1033 3281 nobis
1052 3217 1142 3293 filiis,
1165 3239 1229 3278 non
1293 3260 1297 3265 -

58 3305 111 3365 isti
129 3284 347 3380 tribuerentur,
365 3305 501 3393 carisset,
518 3319 741 3387 proptereaque
759 3326 823 3368 nou
835 3304 953 3366 licere
944 3304 995 3374 isti
1007 3305 1106 3365 lacere
1120 3324 1229 3387 argeu-

59 3390 167 3451 tariam
185 3390 370 3492 scripsisset,
399 3402 475 3464 nea
494 3391 585 3452 nobis
603 3413 636 3452 se
658 3403 844 3453 removeret·
869 3403 947 3484 quac
970 3411 1043 3451 vcro
1062 3390 1127 3471 ipse
1144 3401 1258 3470 parta

59 3475 142 3536 intus
160 3467 353 3557 reliquisset,
373 3497 406 3537 ea
423 3489 459 3538 ut
475 3475 534 3538 iste
553 3490 689 3559 caperet,
707 3475 937 3539 confecisset?
936 3475 986 3537 cui
1004 3487 1164 3576 quaestum
1181 3474 1229 3534 in·

60 3561 206 3633 vidisset,
232 3563 273 3622 de
289 3582 351 3642 quo
369 3562 516 3642 aliquid
507 3563 656 3644 smpertiri
674 3562 757 3640 nulla
781 3561 942 3642 turpitudo
959 3544 1084 3636 luisset,
1107 3560 1136 3621 ei
1153 3578 1231 3619 uxo-

59 3665 124 3734 rem
143 3603 300 3720 dedisset,
306 3668 366 3727 quo
385 3647 559 3728 relinquere
577 3648 695 3709 nullum
709 3647 805 3726 maius
810 3647 951 3709 dedecus
963 3645 1138 3728 potuisset,
1142 3656 1228 3744 post·
1251 3657 1315 3718 202

60 3753 150 3811 quam
166 3744 269 3793 vestro
288 3731 438 3797 beneficio
450 3733 509 3795 suit
526 3733 670 3795 ornatus?
687 3734 802 3794 Tamen
818 3744 962 3816 tanquam
980 3752 1088 3793 servus
1103 3729 1229 3792 domiuo
1302 3756 1304 3760 ·

59 3816 161 3892 daret,
180 3839 245 3878 non
263 3830 369 3878 contra
387 3817 528 3891 dominus
546 3839 653 3893 servo,
676 3816 780 3881 dotem
798 3817 923 3892 adiecit,
943 3818 1085 3898 quautam
1104 3816 1136 3876 in
1152 3815 1269 3891 urbe

57 3904 215 3963 neminem
234 3903 352 3963 dedisse
370 3916 496 3965 constat
518 3903 684 3965 Enimvero
702 3925 771 3964 cum
788 3903 847 3981 isto
865 3902 1018 3984 praeclare
1036 3914 1136 3989 actum
1153 3901 1230 3961 luis-

58 4001 124 4060 set,
150 3989 177 4046 si
195 3988 315 4069 nuptias
335 3987 475 4049 dominae
493 3989 602 4050 suisset
627 4001 747 4050 nactust
773 4001 888 4069 patrem
906 4000 1026 4061 autem,
1051 4009 1090 4049 ne
1109 3999 1231 4067 accepta

58 4072 186 4151 quidem
203 4085 285 4133 tanta
302 4073 446 4154 pecunia,
472 4086 615 4154 quautam
633 4096 703 4134 eum
721 4072 909 4134 isti⁸dedisse
927 4073 1046 4145 serunt,
1070 4071 1229 4154 probabile
1248 4114 1250 4119 -

57 4158 118 4217 fuit
137 4158 211 4218 haec
228 4157 322 4220 fuisse
341 4171 487 4221 acturum.
505 4160 567 4220 Sed
584 4160 698 4232 tamen,
715 4178 793 4239 quae
811 4157 917 4242 signis,
932 4156 1230 4240 'quae.‘temporibus,

59 4264 137 4323 quae
155 4242 250 4303 rebus
269 4243 341 4324 ipsis
358 4243 431 4304 falsa
450 4245 791 4325 deprehenduntur,ea'
802 4243 973 4323 Stephanus
992 4242 1148 4307 testificari
1165 4264 1240 4323 non-

58 4327 217 4390 dubhsvit
235 4328 344 4391 Postea
361 4329 473 4412 passim
491 4330 619 4406 dictitat,
636 4329 832 4393 testificatum
848 4347 915 4390 esse
926 4328 1095 4405 Nicoclem,
1112 4349 1146 4393 se
1159 4349 1229 4412 ges·
