2722 4754
1040 102 1060 136 Χ

165 188 169 196 ’
245 140 985 272 ,ιιιιιίιιιιιιιιιιιιιοιιιιιιιιι.
1089 183 1222 257 ’,ιιι
1266 218 1276 225 --

65 359 138 414 mr
151 335 287 401 leviores.
331 339 407 400 Nam
424 336 509 399 illum
529 339 659 439 ⁸quidem
678 353 709 401 et
725 340 854 421 pecunia
880 341 1011 423 spoliare
1028 345 1085 422 per
1099 338 1224 401 insidias

84 431 227 499 ethonore
244 436 348 490 vestro
366 443 421 505 per
443 423 586 485 iniuriam
613 425 753 485 deiicere
769 427 903 488 studuit:
927 439 1093 489 meantem
1111 438 1224 487 morta-

84 523 142 597 lium
155 530 243 571 nemo
262 521 344 569 tecto
360 509 543 589 recepisset,
571 511 598 570 si
615 530 669 571 vos
687 511 773 575 istius
798 511 974 592 imposturis
991 513 1084 572 fidem
1101 511 1224 572 habuis·

84 602 144 671 ,etis
170 591 353 655 Criminatus
371 594 452 657 enim
470 616 519 654 me
538 606 583 655 est
602 596 681 656 eius
678 595 837 670 facinoris,
856 599 939 675 quod
956 619 1048 661 nemo
1067 598 1157 658 etiam
1175 614 1225 658 ae·
1301 616 1303 625 ¹

85 707 130 773 qus
145 679 240 749 animo
260 678 356 751 dicat,
381 679 440 740 nisi
458 679 545 740 istius
563 680 685 741 similis.
711 693 827 780 patrem
852 703 956 741 meum
975 704 1040 743 esse
1058 705 1074 742 a
1091 705 1140 743 me
1158 683 1225 764 ipso

25 810 28 855 i
84 767 262 854 interfectum,
279 763 355 823 etin
368 763 517 825 iudicium
529 766 654 832 adduxit
671 778 763 846 atque
781 765 944 846 impietatis
952 788 1043 827 reum
1059 769 1152 847 fecit,
1161 789 1226 827 non

25 862 28 925 ξ
57 840 67 889 ·’
85 840 189 931 „used
203 844 345 929 patruum
361 871 474 923 meum,
492 849 524 909 in
538 850 615 911 hanc
631 852 829 912 sententiam:
849 873 918 911 eum
935 853 1027 953 impie
1041 853 1153 926 facere,
1172 852 1254 934 qui.

25 937 39 989 ἰ’
86 959 177 1008 murm
195 932 444 1016 congrederetur,
462 935 514 995 tali
533 936 648 998 scelere
668 937 842 997 constricto.
867 938 974 1012 Qui
948 959 974 998 s1
991 950 1056 997 tum
1075 938 1154 998 forte
1174 939 1226 997 ιιι-

69 1036 177 1093 mnatus
195 1030 289 1078 esset:
318 1020 385 1099 quis
405 1019 557 1081 crudelius
583 1022 648 1081 ab
638 1030 708 1095 rsto
725 1009 814 1101 qnam
834 1043 892 1105 ego
902 1023 1031 1096 tractari
1054 1021 1226 1103 potuisset?
1316 1049 1321 1056 ’

87 1110 145 1190 Quis
160 1104 237 1164 enim
255 1103 303 1163 vel
329 1104 443 1164 amicus
461 1105 510 1165 vel
536 1106 647 1188 hospes
666 1127 763 1173 mnam
790 1108 1044 1168 consuetudinem
1062 1128 1126 1166 non
1143 1106 1225 1167 refu-

86 1191 189 1303 ῧῐιιιιι·
206 1188 295 1262 Quae
307 1189 415 1253 civitas
440 1190 557 1270 uspiam
582 1192 716 1252 habitare
741 1214 844 1252 secum
862 1215 948 1273 passa
966 1206 1063 1255 esset
1071 1192 1227 1253 bominem

85 1274 251 1361 inopinione
268 1285 331 1333 tam
349 1261 457 1334 n'efarii
475 1276 596 1335 sceleris
615 1278 814 1358 perpetrati?-
809 1278 908 1338 Nulla
925 1280 1073 1378 profecto.
1090 1279 1157 1380 Ego
1165 1299 1225 1338 au·
1259 1323 1262 1327 -

28 1438 30 1443 ,
89 1385 148 1438 ten,
166 1360 445 1441 quemadmodum
436 1382 468 1419 ιιι
488 1381 522 1420 ea
542 1383 629 1421 causa
648 1382 712 1422 ιιοιι
729 1361 832 1443 paucis
851 1364 1029 1438 sententiis,
1047 1365 1128 1424 sed
1119 1376 1161 1424 ιιι
1177 1363 1225 1422 ιιι-
1306 1408 1311 1413 ,

72 1453 180 1516 'calente
192 1458 263 1504 sum'
280 1465 296 1503 a
311 1445 398 1504 vobis
416 1445 584 1519 absolutus,
602 1460 638 1507 ut
653 1446 788 1526 quintam
802 1446 859 1507 iste
876 1461 992 1529 partem
1010 1448 1224 1532 suffragiorum
1318 1469 1323 1485 ⁴

78 1556 134 1600 non
146 1531 244 1591 ferret:
263 1529 308 1588 sic
326 1529 417 1589 istum
435 1543 535 1591 vestro
548 1532 705 1612 praesidio
725 1545 756 1592 et
773 1552 855 1592 nunc
874 1547 904 1593 et
922 1535 954 1593 in
972 1554 1063 1594 omne
1082 1534 1225 1615 deinceps

85 1636 179 1699 tenpus
195 1612 302 1675 ulcisci
320 1615 462 1675 conabor.
504 1616 550 1676 Ac
569 1619 606 1677 de
624 1616 748 1698 privatis
775 1618 908 1701 negotiis
927 1640 995 1679 cum
1013 1620 1114 1680 dicere
1132 1619 1225 1701 longe
1281 1638 1289 1646 ·

83 1706 152 1788 plura
165 1720 293 1785 possem,
311 1701 456 1760 omittam.
475 1701 596 1775 Quibus
615 1715 716 1763 autem
735 1703 773 1763 de
791 1704 882 1763 rebus
899 1717 931 1764 et
947 1705 1020 1764 actis
1039 1705 1088 1764 in
1084 1700 1224 1785 republi-

81 1813 111 1871 ca
125 1807 192 1848 nnnc
207 1785 390 1847 sententiam
408 1786 542 1859 ferretis,
555 1809 611 1868 per
629 1809 705 1887 quae
723 1789 780 1848 iste
798 1788 885 1849 vobis
904 1810 968 1849 non
985 1812 1091 1870 parum
1107 1789 1225 1883 nocuit,
1291 1817 1292 1820 ¹

82 1886 199 1955 quaeque
206 1864 290 1929 mibi
314 1871 552 1950 praetermisisse
572 1873 668 1933 visus
686 1887 732 1933 est
747 1874 937 1954 Euctemon,
963 1895 1101 1955 quaeque
1107 1872 1226 1934 audiri
1260 1904 1262 1919 ·

79 1957 181 2020 anobis
196 1968 342 2036 praestat:
361 1977 395 2015 ea
413 1956 516 2037 paucis
535 1971 570 2017 ut
587 1958 743 2039 explicem,
767 1978 890 2037 operam
908 1957 995 2017 dabo
1029 1960 1151 2041 Ego,'s1
1168 1958 1225 2019 ob-

78 2043 142 2102 ieeta
156 2039 276 2101 crimina
294 2040 424 2121 simplici
439 2041 538 2121 aliqua
550 2044 669 2103 ratione
685 2040 747 2101 ab
738 2055 797 2103 asto
817 2043 951 2101 excusari
968 2064 1059 2122 posse
1076 2045 1156 2123 apud
1171 2065 1225 2104 vos
1276 2107 1280 2113 ,

78 2127 208 2205 viderem:
233 2125 272 2184 de
291 2146 325 2186 ea
344 2126 456 2186 nullam
474 2127 605 2187 facerem
623 2127 818 2187 mentionem.
852 2126 942 2187 Nunc
960 2128 1031 2187 satis
1050 2128 1129 2201 scio,
1147 2127 1224 2187 nihil

79 2233 133 2273 eum
147 2210 273 2290 simplex
288 2223 341 2270 aut
360 2232 495 2311 aequum
521 2234 612 2310 posse
636 2211 760 2271 afferre:-
785 2212 837 2270 sed
857 2212 998 2273 daturum
1023 2231 1163 2304 operam,
1188 2225 1225 2273 ut
1248 2213 1309 2269 378

77 2295 238 2375 quibusdam
257 2295 427 2377 praestigiis
446 2295 571 2357 crimina
590 2296 701 2368 eludat,
722 2308 754 2356 et
771 2295 885 2355 callidis
904 2299 995 2375 atque
1014 2290 1159 2377 improbis
1176 2321 1224 2359 ra-
1320 2307 1323 2313 ⁴

76 2379 193 2441 tionibus
212 2379 358 2460 deceptos
376 2402 430 2441 vos
449 2402 465 2439 a
484 2402 572 2441 causa
590 2381 726 2441 abducat.
761 2381 816 2440 Est
833 2380 925 2452 enim,
943 2380 1172 2455 Athenienses,
1178 2382 1224 2443 di-

75 2465 146 2525 cendi
161 2463 280 2537 artifex,
299 2477 330 2524 et
348 2486 469 2525 omnem
488 2465 520 2525 in
539 2487 576 2525 eo
596 2465 697 2525 studio
715 2454 843 2526 aetatem
863 2465 1042 2526 consumsit
1066 2466 1140 2525 Ne'
1131 2466 1225 2549 igitur
1284 2494 1289 2499 ·

66 2548 177 2635 decepti
194 2570 232 2609 eo
251 2550 459 2626 adducamini,
485 2563 521 2609 ut
540 2562 570 2609 et
588 2563 693 2610 contra
712 2572 802 2630 quam
826 2550 1023 2610 iurisiurandi
1040 2550 1150 2633 religio
1167 2573 1224 2633 po-
1279 2592 1283 2601 ι

66 2631 182 2709 stulat,
171 2634 423 2721 pronuntietis,
459 2648 490 2695 e‘t
507 2635 614 2707 istum,
651 2649 742 2716 quem
768 2635 908 2695 mulctari
925 2636 1029 2695 multis
1048 2636 1224 2697 nominibus

72 2740 188 2818 aequum
205 2731 267 2791 est,
303 2719 483 2781 absolvatis:
517 2732 646 2779 attente
658 2719 759 2783 audite
788 2708 957 2785 orationem
982 2742 1121 2819 meam,
1132 2734 1169 2780 nt
1187 2722 1224 2780 de

25 2808 27 2813 ’
70 2800 183 2903 singulis
207 2804 298 2864 istius
323 2803 460 2886 effugiis,
494 2825 542 2864 me
568 2804 691 2878 audito,
718 2815 801 2863 recte
827 2817 958 2864 statuere
984 2804 1116 2904 possitis.
1158 2807 1226 2863 Una
1289 2840 1292 2845 ·

68 2889 135 2949 ratio
154 2889 184 2948 ei
202 2901 264 2962 est,
290 2912 380 2969 quam
398 2890 590 2950 artificiosam
610 2910 675 2951 esse
693 2889 795 2986 p'utat,
822 2889 860 2947 de
878 2889 1045 2949 decreto
1020 2910 1086 2948 sure
1105 2901 1226 2949 senatus

66 2974 238 3035 anctoritate
256 2974 456 3057 promulgato
473 2974 572 3047 Lex,
563 2975 674 3053 inquit,
692 2986 747 3046 est,
766 2972 791 3032 si
810 2985 930 3033 senatus
948 2960 999 3034 ita
1008 2992 1096 3033 suum
1116 2995 1227 3034 munus

64 3059 292 3133 administrarit,
307 3074 344 3119 ut
362 3059 496 3141 praemio
516 3059 626 3141 diguus
646 3079 720 3118 esse
712 3058 883 3118 videatur·
901 3058 1068 3139 praemium
1086 3059 1117 3130 id
1136 3081 1153 3118 a
1170 3079 1256 3140 pn

64 3144 130 3226 pulo
148 3144 269 3211 senatui
289 3165 353 3205 esse
373 3145 513 3207 dandum.
538 3144 607 3203 Hoc
624 3143 752 3226 rogavit,
769 3143 882 3223 inquit,
897 3144 1078 3223 praefectus,
1095 3143 1227 3224 populus
1310 3172 1315 3177 ·

62 3228 200 3312 suffragia
218 3229 300 3302 tulit,
318 3231 416 3291 visum
436 3243 488 3289 est
510 3228 605 3301 Nihil,
624 3228 735 3309 inquit,
752 3227 801 3288 hic
813 3248 898 3308 opus
918 3241 964 3289 est
981 3227 1227 3298 senatusconsul-

60 3326 105 3374 to:
123 3315 247 3397 exlege
267 3315 347 3375 enim
367 3316 418 3376 illa
434 3314 556 3375 fiebant
574 3313 641 3396 Ego
658 3332 730 3374 vero
749 3313 934 3373 contrarium
953 3334 1019 3375 esse
1036 3334 1141 3375 verum
1159 3334 1227 3373 seu·
1267 3339 1270 3343 ’

62 3398 121 3472 tio,
145 3411 179 3458 et
196 3420 251 3460 vos
261 3400 346 3467 mihi
364 3421 539 3461 assensuros
565 3398 710 3459 arbitror:
737 3398 775 3457 de
792 3397 840 3457 his
857 3398 949 3457 rebus
967 3397 1230 3459 senatusconsulta

60 3483 242 3564 proferenda
260 3505 325 3544 esse
344 3486 427 3559 solis,
446 3506 523 3564 quae
542 3484 687 3545 iubentur
703 3482 831 3565 legibus.
863 3481 979 3542 Nam''
958 3505 995 3542 ns
1014 3484 1052 3542 de
1069 3483 1174 3555 rebus,
1191 3482 1229 3541 de
1314 3557 1317 3561 ἱ

60 3568 170 3653 quibus
188 3569 273 3651 leges
292 3571 399 3631 nullae
413 3581 544 3642 exstant,
570 3590 694 3650 prorsus
712 3567 790 3627 nibil
809 3579 855 3628 est
872 3567 1106 3641 decernendum.
1140 3566 1231 3627 Dicet

58 3666 225 3745 praeterea,
244 3676 392 3730 omnem,
422 3679 455 3715 ιιι
446 3650 536 3739 ullo
554 3667 692 3735 tempore
709 3653 818 3725 fuerit,
836 3664 991 3754 senatum,
1008 3654 1046 3713 ad
1063 3654 1146 3715 bunc
1163 3671 1230 3711 mo-

54 3732 159 3799 'dum
149 3739 303 3821 accepisse
321 3741 469 3823 praemia,
487 3736 692 3820 quiunquam
711 3760 729 3799 a
745 3737 832 3799 vobis
850 3723 1015 3819 acceperit:
1034 3760 1091 3799 nec
1110 3738 1147 3798 de
1164 3735 1230 3795 ullo

40 3841 195 3905 ‘unquam
220 3825 333 3885 factum
354 3847 419 3886 esse
446 3823 750 3885 senatusconsultum.
793 3823 861 3906 Ego
878 3843 952 3884 vero
976 3845 1046 3884 eum
1063 3823 1144 3883 baud
1161 3840 1231 3880 vera
1305 3856 1307 3860 -

26 3916 29 3922 '
59 3910 234 3989 praedicare
246 3910 402 4010 arbitrpr,
427 3931 460 3970 ac
479 3908 581 4009 potius
607 3920 795 3988 compertum
822 3909 929 3982 babeo.
973 3908 1034 3968 Sed
1051 3920 1087 3969 ut
1103 3905 1231 3966 mafrme

59 3992 117 4055 boe
135 4015 244 4055 verum
263 3995 313 4068 sit,
331 3995 423 4055 silex
441 3994 627 4062 contrarium
635 3992 750 4067 iubet,
758 4014 822 4053 ιιοιι
840 3994 957 4094 utique,
976 3993 1046 4072 quia
1062 3991 1147 4072 prius
1165 4009 1230 4051 sae·
1292 4044 1297 4053 ,

61 4099 96 4159 pe
114 4092 277 4160 peccatum
296 4092 359 4153 est,
384 4092 546 4162 propterea
571 4092 674 4141 vetera
699 4091 820 4160 peccata
837 4079 930 4138 novis
950 4097 1032 4138 nunc
1050 4075 1231 4136 cumulanda

29 4194 32 4199 ·
59 4178 145 4229 snut:
165 4165 221 4224 sed
240 4177 345 4226 contra
363 4186 444 4224 nunc
463 4163 588 4224 caeteris
611 4164 797 4244 imponenda
815 4177 862 4224 est
875 4162 1100 4223 necessitas-ita
1117 4162 1230 4222 facien-

61 4248 89 4315 di
106 4250 191 4322 talia,
209 4250 466 4328 quemadmodum
484 4249 533 4309 lex
550 4249 652 4319 iubet,
671 4261 736 4309 ate
755 4261 857 4309 sumto
874 4247 971 4307 initio.
1009 4244 1062 4310 ·Tn
1080 4247 1231 4330 igiturne
1290 4310 1292 4313 ,

60 4332 139 4395 dieas
158 4335 238 4406 hoc,
254 4334 344 4415 saepe
364 4355 430 4395 esse
448 4335 574 4395 factum:
600 4335 653 4394 sed
672 4333 766 4404 illud,
787 4332 930 4395 decuisse
947 4332 988 4393 ita
1006 4331 1081 4391 fieri·
1122 4330 1230 4408 Neque
1319 4406 1323 4415 1

1260 2953 1281 2989 N
