2722 4754
330 152 335 157 ’
425 148 932 269 anunnsusurntani·
1020 152 1083 254 2'
1142 180 1257 285 Jass

69 329 151 399 ver'e
173 339 256 414 dici,
283 360 463 422 quamquam
481 340 540 420 ipsi
557 339 623 402 fere
646 340 761 403 conscii
780 342 871 418 estis,
897 356 991 408 testes
1006 344 1131 408 'vocabo
1147 359 1257 410 tamem

437 487 443 495 ·
511 464 778 574 -xrnsres
859 540 862 545 ,

119 650 123 656 .
168 591 269 657 Cleon
288 593 463 669 Suniensis,
480 596 650 657 Aristocles
667 588 876 673 P'aeaniensis,
894 599 1079 682 Pamphilus,
1096 602 1256 666 Niceratus

64 681 311 754 -Kcherdusius,
328 680 499 741 Euctemon
518 682 694 763 Spbettius,
722 705 784 763 quo
801 696 939 764 tempore
958 706 1027 746 cum
1045 701 1109 749 tota
1127 689 1220 752 classe
1239 710 1258 771 e
1310 708 1315 717 ·

69 765 183 850 Styris
201 767 264 826 huc
279 765 546 848 renavigabamus,
563 767 722 827 trierarchi
741 789 857 830 eramus
877 783 908 829 et
925 771 993 850 ipsi,
1013 785 1043 832 et
1061 774 1183 847 Midias,
1202 779 1256 858 qui

72 852 321 913 &Demosthene
345 872 428 910 nunc
451 863 617 926 accusatur,
635 853 685 912 cui
700 873 756 913 nos
779 855 988 915 testimonium
1008 857 1142 919 dicimus.
1162 859 1255 922 Cum·

73 957 140 1018 que
160 949 225 998 tota
249 935 351 1007 elassis
377 937 485 996 ordine
510 937 683 1012 incederet,
714 952 745 1015 et
760 940 933 1000 trierarebis
959 940 1139 1022 imperatum
1165 961 1256 1021 esset,

74 1041 117 1082 ne
137 1033 335 1104 segregarent
353 1019 429 1095 sese,
449 1022 547 1082 donec
562 1021 623 1083 huc
637 1023 874 1103 appulissemus:
892 1025 1010 1100 Midias,
1027 1027 1121 1088 classe
1139 1030 1255 1105 relicta,

75 1119 277 1169 nave'autem
302 1106 394 1188 lignis
412 1120 444 1167 et
460 1107 545 1167 vallis
564 1120 596 1166 ct
618 1108 787 1188 pecudibus
811 1110 939 1193 aliisque
957 1111 1048 1172 rebus
1073 1113 1254 1192 quibusdam

77 1206 223 1266 onerata,
243 1191 281 1251 'in
299 1191 458 1251 Piraeeum
477 1193 594 1273 appulit
611 1193 694 1254 solus
714 1193 808 1256 biduo
827 1210 912 1277 post,
938 1215 994 1257 nec
1012 1219 1065 1258 sua
1082 1201 1253 1279 praesentia

73 1296 152 1339 'mm
168 1277 232 1338 aliis
250 1275 424 1337 trierarchis
444 1277 568 1338 classem
587 1278 713 1337 ornavit.
1013 1312 1016 1316 ·

170 1361 288 1439 Quodsi
305 1382 396 1435 vero,
420 1361 644 1437 Athenienses,
669 1383 870 1445 quaecunque
887 1366 1024 1447 proferet
1041 1381 1132 1451 atque
1150 1371 1252 1434 statim

79 1449 162 1531 apud
178 1466 230 1507 ros
247 1442 607 1522 insolenter'iactitabit,
636 1449 674 1508 ad
692 1449 906 1512 eum‘modum
925 1451 961 1511 ab
981 1473 1019 1513 co
1037 1454 1172 1536 impensa
1189 1457 1251 1517 rei·
1333 1448 1340 1456 “

75 1533 267 1615 publicae-et
285 1532 491 1593 administrata
510 1544 627 1608 essent,
652 1545 684 1594 et
701 1554 765 1593 non
784 1536 846 1611 ita,
860 1549 895 1596 ut
914 1557 972 1620 ego
991 1539 1185 1602 demonstro:
1209 1561 1250 1602 ue
1274 1543 1346 1610 362-

24 1642 31 1651 ·
75 1617 263 1698 sicquidem
286 1616 483 1692 iniuriarum,
508 1618 620 1697 quibus
637 1638 685 1677 me
704 1617 824 1694 affecit,
848 1634 975 1703 propter
996 1626 1102 1686 merita
1119 1627 1152 1686 in
1169 1647 1250 1688 rem-

73 1702 230 1786 publicam
248 1701 277 1761 ei
295 1703 392 1764 danda
412 1716 492 1763 essct
508 1704 680 1783 impunitas.
697 1704 774 1764 Nam
787 1724 845 1788 ego
860 1708 933 1767 novi
950 1708 1074 1785 multos,
1093 1711 1146 1790 qui
1165 1734 1249 1774 com-

49 1783 168 1870 ‘plura
181 1788 217 1849 in
232 1804 286 1848 vos
305 1800 336 1848 et
353 1788 465 1849 Midiae
490 1788 647 1849 beneficiis
659 1868 663 1873 ἱ
674 1788 771 1850 multo
790 1792 936 1871 ampliora
955 1796 1170 1871 contuleruut,
1198 1798 1250 1859 alii

73 1874 177 1935 classe
193 1873 277 1934 vietis
301 1873 457 1948 hostibus,
481 1874 533 1956 alii
550 1874 678 1935 urbibus
705 1876 814 1955 captis,
840 1876 890 1935 alii
909 1879 1012 1939 multis
1032 1894 1073 1941 ett
1087 1882 1248 1962 praeclaris

70 1958 272 2041 reipublicae·
284 1959 449 2040 triumphis
467 1959 576 2040 partis:
601 1959 680 2019 nulli
692 1973 801 2033 xtamen
826 1960 935 2021 horum
952 1984 1089 2044 uuquam
1108 1985 1173 2026 eam
1190 1988 1248 2047 po-

71 2056 218 2104 testatem
236 2042 361 2104 dedistis
379 2042 426 2126 (et
444 2044 531 2117 absit,
548 2057 584 2104 ut
602 2043 705 2128 detis),
722 2058 758 2104 ut
776 2065 883 2106 eorum
902 2047 1042 2131 cuiquam
1061 2050 1167 2112 liceret
1184 2052 1248 2132 pri-

70 2128 151 2189 uatis
169 2127 301 2188 inimicis
326 2128 488 2203 insultare,
516 2129 637 2209 quando
663 2130 756 2191 vellet
774 2142 804 2190 et
823 2151 885 2210 quo
903 2134 997 2192 modo
1015 2148 1126 2215 posset
1169 2136 1247 2196 Nam

72 2213 188 2294 siquis
207 2213 367 2274 Harmodii
390 2227 421 2274 et
438 2213 658 2297 Aristogitonis
677 2214 738 2297 (his
758 2215 840 2276 enim
866 2217 993 2277 maxima
1011 2219 1091 2281 dona
1109 2241 1165 2301 pro
1183 2242 1247 2282 ma-

71 2299 161 2359 ximis
173 2297 373 2359 ‘beneficiisa
389 2299 477 2369 vobis
496 2299 563 2360 data
581 2297 667 2381 sunt)
685 2312 802 2362 statuae
810 2300 1038 2382 tadscripsisset:
1056 2305 1159 2366 Liceat
1174 2327 1247 2388 por-

50 2402 107 2444 ro
127 2376 172 2444 eis
197 2384 290 2444 etiam
313 2384 433 2445 laedere
461 2385 613 2465 quemvis,
638 2384 762 2446 minime
787 2386 818 2447 id
836 2386 1000 2462 tulissetis,
1024 2390 1095 2470 quia
1121 2390 1161 2451 ob
1186 2391 1248 2455 boo

68 2470 173 2551 ipsum
190 2470 309 2549 reliqua
328 2471 407 2529 dona
425 2481 622 2551 acceperant,
648 2472 732 2551 quod
750 2471 878 2531 aliorum
896 2471 1022 2533 iniurias
1041 2472 1247 2556 compescuis-

69 2567 150 2615 sent
174 2556 237 2623 lam
252 2555 378 2617 relatam
397 2556 425 2614 ei
444 2576 568 2637 quoqne
586 2577 602 2615 a
619 2556 706 2616 vobis
725 2578 791 2618 esse
808 2557 944 2640 gratiam,
961 2576 1026 2620 non
1041 2572 1161 2622 tantum
1180 2562 1247 2624 cius

69 2640 191 2701 meritis
207 2637 301 2723 (quae
319 2662 407 2721 parva
427 2641 553 2701 omnino
572 2639 675 2725 esset),
692 2643 747 2702 sed
759 2643 895 2703 maximis
910 2644 999 2705 etiam
1017 2644 1174 2715 beneficiis
1191 2668 1246 2728 pa-

71 2745 158 2800 rem,
182 2724 213 2784 id
231 2747 356 2807 quoque
375 2728 549 2800 ostendam,
575 2748 614 2786 ne
634 2727 745 2787 debere
763 2749 817 2787 uos
844 2729 959 2807 aliquid
976 2729 1095 2789 homini
1112 2732 1246 2811 spureis—
1304 2806 1309 2813 .

70 2810 154 2870 simo
166 2811 289 2890 putetis.
307 2815 383 2884 Vos,
397 2810 613 2883 Athenienses,
628 2812 729 2887 istum,
748 2812 844 2892 qualis
861 2812 957 2893 qualis
973 2826 1028 2887 est,
1040 2814 1138 2875 Parali
1151 2837 1246 2894 quae·
1315 2810 1320 2816 ’
1336 2812 1341 2819 ’

69 2907 186 2955 storem
205 2896 345 2956 creastis:
371 2917 428 2957 nee
446 2917 510 2975 nqn
536 2896 712 2978 magistrum
737 2898 893 2978 equitum,
920 2919 988 2958 cum
1004 2899 1130 2978 quidem
1148 2900 1181 2959 in
1199 2901 1245 2961 fe-

68 2979 255 3041 stivitatibus
275 3002 355 3062 equo
380 2983 560 3062 periurum
586 2982 727 3043 incedere
752 3003 817 3043 non
834 2995 953 3064 posset,
981 2995 1012 3042 et
1028 2984 1245 3067 mysteriorum
1283 2992 1286 2996 '

68 3079 255 3140 curatorem,
275 3081 305 3127 et
322 3067 485 3147 aliquando
503 3088 607 3150 regem
623 3068 843 3140 sacrificulum,
862 3067 1018 3148 boumque
1037 3082 1195 3147 amtorem,
1213 3084 1245 3131 et

70 3151 193 3232 si'q'uae
211 3165 286 3212 sunt
304 3152 368 3213 eius
386 3154 507 3235 generis
526 3153 600 3212 aliae
626 3153 795 3235 dignitates.
830 3152 904 3213 Eius
922 3153 1017 3235 igitur
1030 3152 1161 3237 ingenii
1174 3175 1244 3236 per·
1280 3170 1288 3210 t

69 3235 255 3311 vertitatem,
274 3239 423 3321 ignaviam
443 3253 473 3299 et
490 3237 716 3319 improbitatem
732 3237 840 3298 vestris
859 3237 1092 3320 magistratibus,
1115 3238 1245 3302 honori-

68 3317 129 3380 bus
147 3334 182 3382 et
194 3322 349 3406 suffragiis
375 3325 553 3397 emendare,
577 3321 701 3403 parvum
727 3323 848 3383 creditis
867 3341 933 3384 esse
956 3345 1067 3385 munus
1085 3338 1176 3406 atque
1193 3347 1242 3386 re-

69 3406 339 3469 munerationem?
374 3408 470 3488 Atqui
488 3409 514 3469 si
532 3408 600 3488 quis
620 3408 648 3468 ci
667 3407 864 3489 isthaeeipsa
881 3409 1053 3470 sustulerit:
1072 3410 1130 3469 Fui
1148 3412 1243 3493 magi-

69 3502 137 3550 ster
153 3492 311 3572 equitum,
337 3493 434 3553 Parali
452 3506 643 3572 quaesturam
662 3494 760 3576 gessi,
778 3529 820 3540 --
839 3494 924 3553 cuius
943 3494 1034 3576 pretii
1050 3497 1171 3559 tandem
1190 3496 1242 3555 ille
1272 3506 1277 3517 “

67 3574 184 3637 fuerit?
202 3576 301 3655 ,titud
319 3578 408 3638 etiam
428 3578 525 3651 scitis,
545 3599 614 3638 eum
632 3579 730 3640 Parali
743 3592 940 3659 quaestorem
958 3580 1086 3660 amplius
1104 3580 1241 3665 quinquie

66 3658 182 3722 talenta
191 3657 354 3746 Cyzicenis
372 3663 518 3744 rapuisse,
537 3684 580 3738 ac,
598 3684 637 3723 ne
655 3665 894 3746 repetundarum
909 3666 1124 3745 postularetur,
1142 3665 1242 3724 modis

68 3744 214 3807 omuibus
233 3747 374 3809 homines
392 3749 545 3822 vexando,
564 3762 595 3809 et
614 3751 810 3833 exagitando,
835 3762 866 3810 et
883 3763 1011 3811 tesseras
1030 3749 1242 3811 conturbando
1275 3804 1278 3811 .

65 3828 256 3912 reipublicae
283 3846 404 3894 nostrae
432 3834 513 3893 illius
537 3834 623 3895 urbis
655 3835 828 3896 inimicitias
851 3856 1048 3916 procurasse,
1081 3834 1242 3916 pec‘uniam

36 3989 43 4001 Ι
66 3917 170 3995 ipsum
188 3918 248 3978 sibi
265 3919 435 3979 retinuisse.
471 3919 616 4000 Magister
630 3921 771 4001 equitum
788 3920 904 3994 factus,
920 3934 1053 3983 vestrum
1072 3920 1241 4000 equitatum

65 3999 304 4075 laesitrtalibus
322 4004 440 4087 legibus
457 4004 543 4077 latis,
561 4006 663 4067 utea's
682 4029 699 4067 a
717 4026 748 4065 se
767 4025 834 4066 esse
850 4005 925 4068 latas
943 4007 1008 4087 ipse
1026 4016 1131 4085 postea
1147 4024 1241 4087 uega-

24 4140 31 4153 Ι
64 4091 125 4159 ret,
143 4108 179 4148 ac
196 4100 263 4150 tum
281 4089 378 4150 Parali
397 4101 549 4169 quaestor,
572 4110 641 4151 cum
658 4091 691 4151 in
709 4090 866 4152 Euboeam
884 4112 938 4154 vos
956 4102 1062 4150 contra
1078 4084 1242 4151 Thebanos

64 4171 351 4252 proficisceremini,
370 4175 482 4256 etipse
501 4175 534 4234 in
551 4176 699 4241 mandatis
718 4176 852 4252 haberet,
870 4190 905 4237 ut
923 4175 1088 4237 duodecim
1104 4195 1141 4235 ex
1158 4194 1241 4236 aera:
1261 4210 1267 4217 ·

66 4256 115 4317 rio
132 4259 249 4322 talenta
268 4261 469 4342 dispensaret,
496 4260 714 4343 imperantibus
732 4262 820 4327 vobis
837 4275 873 4323 ut
890 4260 1251 4344 navigaret-deduceret·x

68 4345 281 4422 qucmilites,
307 4367 370 4409 uon
387 4343 520 4409 adiuvit:
545 4349 599 4409 sed
624 4348 695 4410 icto·
711 4349 771 4410 iam
793 4369 848 4428 per
864 4346 1005 4410 Dioclem
1028 4347 1156 4419 foedere¹
1172 4366 1241 4406 cum
