2722 4754
517 70 537 104 'h

374 174 920 285 con-'rnsuuoum'on'u
1037 235 1114 284 „a
1168 152 1256 260 sos·
1315 204 1317 209 ¹

57 348 173 409 minem
190 320 382 409 advocarem:
405 338 442 407 iis
460 347 549 428 ipsis,
567 345 621 428 qui
631 368 686 421 ¹me
704 325 876 424 laeserunt,
893 359 962 419 utar
977 347 1116 410 testibus.
1139 334 1229 425 'Qui-
1266 422 1268 425 ¹

57 434 117 496 bus
135 456 170 495 ea
188 434 312 518 scripsi,
331 453 408 523 quae
426 432 537 496 infitias
555 433 600 494 ire
618 453 682 493 non
700 445 853 518 potemnt.
896 433 1010 496 Recita.
1031 474 1034 478 Δ
1120 459 1123 463 ·
1296 429 1299 434 ’

388 576 898 655 Ιτιεετιιςιοιυωις,
1199 577 1314 642 ,(330

147 685 278 762 Quodsi,
297 685 434 759 ludices,
451 680 595 746 Alimusii
613 685 666 746 illo
686 686 735 746 die
753 685 896 770 suffragia
915 686 952 747 de
972 686 1113 763 omnihus
1131 687 1232 749 muni·
1282 687 1288 696 ’

60 773 179 856 cipibus
197 772 355 831 tulissentz
382 784 620 839 consentaneum
638 770 763 845 luisset,
789 794 841 833 eos
859 793 957 852 usqne
976 773 1008 831 in
1026 786 1149 835 noctem
1168 772 1258 834 suf-'
1310 825 1314 836 ,

58 861 154 942 fragia
172 859 269 930 serre,
286 868 330 929 ut,
348 853 381 915 r'e
400 857 537 915 confecta
555 870 749 937 vestrumque
768 858 924 938 decretum
944 859 1087 932 exsecuti,
1105 856 1242 920 abirent.¹
1317 906 1322 917 ,

54 940 139 1004 “Cum
157 955 256 1002 autem
282 941 409 1020 amplius
433 941 541 1022 viginti
566 941 678 1020 reliqui
703 955 805 1002 essent
823 964 839 1002 e
858 937 1080 1024 municipibus,
1105 945 1143 1003 de
1161 937 1230 1024 qui-

60 1030 118 1089 hus
137 1026 283 1108 postridie
302 1025 444 1108 suffragia
462 1027 585 1106 ferenda
605 1036 708 1100 erant,
735 1039 766 1086 et
783 1027 991 1101 nihilominus·¹
1007 1046 1131 1087 necesse
1151 1040 1231 1089 esset

46 1113 229 1191 ‘municipes
256 1111 438 1170 convenires
460 1112 533 1190 quid
559 1112 668 1171 suisset
691 1112 878 1172 incommodi
895 1112 1082 1184 Eubulidae',
1107 1113 1230 1174 differre

61 1200 94 1259 in
114 1199 193 1258 diem
219 1209 374 1276 posterum
399 1209 430 1256 et
456 1198 492 1255 de
516 1217 564 1255 me
591 1191 910 1277 primopopularihus
936 1198 1007 1257 dare
1031 1197 1231 1282 suffragium?

61 1285 246 1365 Propterea,
270 1280 406 1353 ludices,
426 1282 507 1360 quod
526 1281 695 1340 Eubulides
713 1284 777 1364 non
794 1281 969 1364 ignorabat,
988 1281 1013 1341 si
1027 1281 1105 1341 mihi
1124 1303 1230 1345 causae

61 1369 359 1445 dicendaepotestas
378 1365 480 1438 fieret,
500 1379 530 1425 et
547 1366 708 1445 populares
728 1386 833 1425 omnes
851 1378 972 1446 praesto
991 1380 1102 1438 essent,
1121 1380 1151 1428 et
1163 1369 1230 1428 *cal-

62 1454 148 1513 culus
169 1451 248 1520 iuste
268 1451 400 1522 daretur,
417 1471 489 1510 suos
508 1451 644 1531 gregales
663 1450 739 1516 nihil
759 1470 824 1510 esse
843 1450 996 1515 valituros.
1021 1451 1110 1510 Unde
1128 1466 1230 1512 autern

62 1539 120 1597 ista
139 1534 322 1614 conspiratio
341 1535 482 1608 sitgorta,
506 1557 573 1594 cum
593 1536 630 1594 de
649 1556 760 1615 genere
779 1555 848 1594 meo
860 1535 990 1608 dixero,
1007 1547 1084 1610 tum,
1101 1536 1127 1596 'si
1144 1538 1230 1598 vole-

61 1623 117 1695 tis,
143 1632 297 1699 exponam.
332 1619 421 1678 Nunc
440 1621 539 1678 auten'r
559 1619 632 1698 quid
649 1619 762 1678 iustum
783 1639 847 1678 esse
867 1618 1023 1694 existimo,
1048 1634 1078 1681 et
1096 1621 1168 1702 quid
1186 1623 1232 1702 fa:

62 1718 217 1767 cere‘sum
235 1716 366 1783 paratus,
384 1704 523 1764 ludices?
560 1704 724 1762 Ostendam
743 1703 841 1778 vohis,
859 1724 908 1763 me
927 1725 992 1764 esse
1010 1705 1232 1767 Atheniensem

64 1805 96 1851 et
114 1813 129 1850 a
147 1801 231 1870 patre
251 1800 280 1846 et
298 1809 313 1845 a
333 1800 442 1847 matre:
472 1801 502 1847 et
520 1787 610 1847 huius
628 1788 671 1846 rei
690 1800 801 1862 testes,
829 1810 906 1868 quos
925 1810 1045 1850 veraces
1064 1812 1129 1852 esse
1148 1793 1231 1852 dice-

63 1877 122 1947 tis,
140 1873 227 1932 vohis
254 1872 420 1947 exhibebo,
440 1885 478 1932 et
496 1872 632 1932 convicia
660 1873 845 1952 criminaque
871 1874 1030 1934 refutabo!
1052 1890 1082 1936 et
1100 1898 1115 1936 a
1134 1877 1232 1951 vohis,

63 1960 112 2019 his
131 1958 258 2030 auditis,
283 1970 398 2037 petam,
424 1957 450 2016 si
469 1957 553 2017 vohis
573 1957 644 2016 civis
665 1964 702 2018 et‘
712 1957 895 2017 factionibus
914 1979 1076 2039 oppressus
1095 1960 1232 2038 videbor,
1322 2024 1323 2027 ,

62 2057 100 2103 ut
118 2063 165 2105 me
184 2042 327 2113 servetis,
344 2041 391 2100 sin
410 2042 530 2116 minus,
558 2055 593 2101 ut
610 2040 645 2118 id„
659 2043 770 2124 agatis,
795 2045 877 2121 quod
895 2044 985 2114 vobis·
1000 2044 1085 2125 pium¹
1104 2066 1169 2107 esse
1186 2047 1250 2108 vi..

64 2131 179 2188 deatur.
196 2126 276 2184 Hinc
295 2139 395 2185 autem
414 2126 599 2206 auspicabor.
628 2128 873 2205 Perstrinxerunt
890 2141 1125 2207 patremmeum
1144 2153 1233 2212 pere-

63 2210 224 2295 grinitatis.
260 2204 387 2290 Captum
413 2223 512 2270 autem
532 2233 599 2270 eum
619 2211 675 2287 suh
693 2210 868 2269 Decelicum
899 2211 1011 2285 bellum
1031 2214 1067 2272 ah
1085 2213 1232 2276 ‘hostibus
1282 2251 1285 2256 ·

64 2311 96 2357 et
112 2296 281 2355 Leucadem
299 2295 465 2366 venditum,
484 2317 552 2354 cum
571 2294 602 2352 in
620 2296 791 2355 laeandrum
810 2293 990 2355 histrionem
1010 2297 1175 2373 incidisset,
1195 2302 1232 2361 ad

15 2427 25 2433 -
60 2402 135 2444 'suos
154 2381 246 2460 longe
264 2392 334 2458 post
352 2398 417 2438 esse
434 2398 589 2439 reversum
608 2380 802 2450 incolumem,
819 2374 1055 2460 praeterierunt:
1073 2385 1127 2444 sed
1146 2386 1233 2465 quasi

64 2465 154 2528 nobis
172 2476 298 2545 propter
314 2463 365 2521 illa
383 2463 549 2544 infortunia
565 2465 754 2544 pereundum
773 2465 829 2538 sit,
853 2466 1077 2547 peregrinitatis
1095 2480 1165 2529 eum
1183 2491 1232 2530 ac·
1264 2481 1273 2495 ¹

66 2561 215 2614 cusarunt.
234 2549 301 2628 Ego
319 2567 391 2607 vero
409 2569 464 2629 per
481 2549 554 2608 haec
573 2550 637 2630 ipsa
655 2549 845 2632 potissimum
865 2551 1033 2624 ostendam,
1052 2574 1120 2612 eum
1133 2555 1232 2615 Athe-

65 2637 202 2696 niensem
228 2633 328 2691 luisse.
363 2633 409 2691 Ac
433 2633 563 2714 primum
591 2636 629 2693 de
656 2635 720 2694 eius
739 2646 770 2693 et
792 2635 963 2715 captivitate
988 2649 1019 2695 et
1041 2639 1232 2700 redemtione

64 2733 158 2780 testes
177 2717 263 2777 vobis
282 2718 462 2797 producam:
487 2719 597 2778 deinde
616 2741 685 2778 eum
710 2739 864 2779 reversum
883 2720 1031 2800 a'patruis
1049 2724 1244 2785 facultatum.

65 2816 180 2887 partem
206 2802 371 2882 accepisse:
397 2815 519 2883 postea,
546 2824 603 2862 nec
620 2804 652 2862 in
677 2803 901 2884 municipibus,
917 2826 983 2865 nec
1001 2806 1033 2865 in
1058 2808 1232 2883 curialibus,

65 2911 122 2949 nee
149 2888 222 2946 alibi
243 2908 369 2965 usquam
396 2888 435 2945 ob
462 2889 610 2946 sermonis
643 2888 889 2970 peregrinitatem
917 2903 952 2951 ut
976 2892 1171 2976 peregrinum
1194 2893 1232 2954 ab

64 2975 130 3034 ullo
149 2993 215 3032 esse
233 2985 410 3032 accusatum.
430 2971 506 3054 Age,
524 2993 596 3052 cape
614 2969 796 3033 testimonia.
888 3022 895 3031 .

469 3123 828 3195 ΤΕξΤΙΜΟΝΙΑ.

152 3231 198 3287 De
217 3226 387 3306 captivitate
407 3226 529 3304 quidem
549 3240 578 3286 et
597 3225 745 3286 incolumi
769 3226 861 3306 patris
880 3229 940 3287 mei
957 3229 1057 3290 reditu
1075 3231 1107 3290 in
1124 3232 1246 3305 urbem„

66 3313 200 3374 audistis.
234 3313 312 3369 Eum
331 3324 431 3370 autem
451 3324 583 3371 vestrum
609 3312 708 3375 suisse
721 3311 815 3370 civem
835 3310 894 3394 (rei
912 3314 996 3373 enim
1010 3316 1120 3376 veritas
1138 3317 1180 3377 ita
1198 3339 1231 3378 se
1254 3321 1315 3379 331

40 3396 42 3401 ’
66 3397 189 3481 hahet),
215 3409 307 3456 testes
333 3416 411 3455 voco
439 3417 474 3454 ex
499 3395 634 3478 cognatis
659 3396 751 3475 patris
777 3397 853 3469 mei,
880 3398 1023 3475 quisunt
1047 3390 1232 3480 superstites.
1261 3395 1263 3399 η

65 3484 201 3543 Primum
219 3494 319 3541 autem
331 3480 539 3559 Thucritidem
558 3480 633 3538 mihi
650 3501 724 3553 voca
743 3494 774 3542 et
786 3478 998 3542 Charisiadem.
1016 3483 1135 3546 Horum
1151 3487 1234 3547 enim

65 3581 153 3649 pater
171 3565 324 3626 Charisius
347 3566 440 3625 frater
457 3565 516 3624 luit
533 3566 580 3625 avi
602 3565 661 3624 mei
678 3565 872 3626 T-hocritidae
899 3581 931 3628 et
947 3570 1126 3651 Lysaretae,
1150 3573 1233 3632 aviae

63 3674 169 3731 meae,
189 3666 220 3711 et
236 3663 359 3732 patruus
377 3650 469 3731 patris
488 3651 561 3709 mei:
579 3670 716 3711 sororem
735 3651 815 3712 enim
835 3652 959 3713 duxerat
976 3673 1048 3713 avus
1066 3676 1150 3716 meus
1169 3678 1247 3732 non,

65 3737 225 3810 uterinam.
260 3735 376 3794 Deinde
395 3735 564 3795 Niciadem:
599 3757 667 3795 nam
687 3735 751 3796 eius
770 3756 892 3816 qnoque
910 3733 996 3817 pater
1012 3738 1155 3821 Lysaniae
1173 3741 1234 3802 fra-

64 3835 115 3882 ter
131 3821 191 3880 luit
208 3819 401 3879 Thucritidae
421 3833 452 3879 et
468 3820 646 3902 Lysaretae,
665 3832 695 3878 et
712 3822 803 3902 patris
822 3821 881 3879 rn'ei
899 3834 1032 3902 patruus.
1049 3824 1123 3884 Post
1140 3826 1233 3891 Nico-

66 3919 210 3967 stratum:
247 3926 314 3962 nam
333 3905 396 3964 eius
420 3925 544 3984 quoque
568 3917 654 3983 pater
670 3905 810 3966 Niciades
835 3926 930 3986 nepos
947 3928 985 3966 ex
1001 3907 1092 3968 fratre
1110 3910 1175 3983 suit
1185 3911 1233 3971 avi

66 3992 129 4050 mei
148 4002 178 4049 et
195 3989 294 4060 aviae,
314 4002 343 4048 et
361 3990 438 4070 patri
457 4010 525 4049 meo
544 3978 754 4052 consobrinus.
789 3995 872 4051 Voca
890 3991 965 4051 mihi
983 3991 1180 4057 hosomnes:
1198 4008 1232 4058 tu

66 4097 141 4138 vero
159 4076 231 4143 siste
249 4096 363 4154 aquam.

543 4231 563 4272 r
581 4230 600 4272 n
618 4229 633 4272 s
652 4231 671 4272 r
689 4230 708 4273 E
726 4228 754 4273 S.

49 4324 53 4330 ’
91 4404 94 4411 Α
153 4330 450 4416 Quiigituraviris
468 4332 546 4414 patri
564 4352 632 4394 meo
651 4331 931 4414 cognominarunt,
956 4352 1009 4394 eos
1028 4330 1241 4409 audivistis-el

981 4415 1049 4496 39Δ
