2722 4754
307 202 372 265 DE
403 202 633 267 FOEDERE
663 200 1020 267 ALEXANDREO.
1183 208 1242 263 101

61 356 280 433 cunctatione,
299 360 344 420 sic
360 373 477 423 vestrae
494 359 633 421 utilitatis
658 359 807 421 rationem
825 359 975 433 habeatis,
1000 369 1036 420 ut
1055 377 1093 418 eo
1118 350 1242 417 nomine

59 440 191 521 possitis
211 446 369 506 anemius
386 446 575 527 reprehendi.
592 446 625 504 Si
641 446 735 528 igitur
752 446 851 526 ipsum
867 445 975 505 foedus
990 457 1021 505 et
1033 442 1242 504 iusiurandum

58 524 98 583 de
117 530 286 588 communi
305 552 378 610 pace
396 534 499 592 datum
518 531 742 591 consideretur:
767 530 926 611 perspicue
944 530 1092 603 cernitur,
1119 528 1241 607 quinam

59 608 133 683 sint,
152 612 214 693 qui
233 614 295 675 iam
313 616 388 675 illud
406 616 555 677 violarim.
578 616 681 697 Atque
699 637 758 699 ego
776 614 826 697 (ut
844 615 959 697 magnis
979 617 1016 675 de
1034 612 1140 696 rebus)
1158 633 1241 673 eom-

59 694 180 777 pendio
200 720 260 759 vos
279 700 404 761 docebo.
439 700 472 759 Si
491 700 558 780 quis
576 722 630 761 vos
648 714 755 784 roget,
773 699 992 773 Athenienses,
1012 700 1100 780 quam
1119 698 1241 758 obrem

64 780 248 865 grauissime
266 784 510 868 indignaremini,
527 786 762 867 respondebitis,
781 785 900 865 opinor,
914 805 1043 866 omnes:
1061 785 1086 843 si
1101 783 1168 863 quis
1187 803 1240 843 vos

63 880 193 947 cogeret
211 869 254 951 (si
272 869 332 929 hoe
349 883 487 951 tempore
512 872 649 931 viverent
666 868 886 952 Pisistratidas)
905 882 935 930 et
952 870 978 929 si
997 869 1064 949 quis
1082 869 1142 927 vim
1160 869 1240 929 lace·
1275 874 1283 881 '

59 964 123 1021 ret,
151 966 194 1013 ut
213 974 270 1013 eos
289 955 320 1015 in
338 956 491 1039 integrum
516 950 732 1016 restitueretis:
758 975 812 1016 vos
839 953 1092 1034 correptisarmis
1118 953 1239 1031 quidvis

58 1036 167 1117 potius
187 1039 320 1117 periculi
336 1041 502 1115 subituros,
520 1064 610 1121 qnam
627 1054 663 1103 nt
681 1062 733 1102 eos
752 1040 967 1115 admitteretis,
985 1052 1047 1113 aut,
1065 1037 1091 1098 si
1107 1037 1194 1098 vobis
1208 1037 1238 1097 id

56 1124 246 1201 persuaderi
263 1126 460 1205 pateremini,
485 1148 542 1207 pro
559 1146 628 1186 aere
647 1127 756 1207 emptis
775 1126 931 1208 mancipiis
950 1125 1126 1186 servitutem
1145 1122 1238 1181 servi-

58 1218 162 1281 turos,
181 1220 213 1267 et
231 1210 410 1271 servitutem
430 1232 467 1272 eo
485 1212 664 1295 graviorem,
687 1213 771 1291 quod
788 1212 935 1272 famulum
953 1230 1044 1269 nemo
1061 1209 1167 1268 volens
1188 1228 1238 1267 oc-

57 1292 155 1353 cidit:
183 1316 253 1353 cum
272 1296 433 1379 tyrannide
453 1317 612 1378 oppressos
639 1319 703 1357 non
720 1296 813 1357 modo
832 1296 945 1357 indicta
963 1315 1050 1355 causa
1068 1292 1176 1374 perimi
1194 1293 1238 1351 vi-

60 1376 207 1449 deamus,
226 1380 282 1438 sed
300 1402 406 1441 eorum
424 1382 514 1441 etiam
531 1404 641 1441 uxores
662 1395 692 1442 et
710 1382 823 1441 liberos
841 1382 879 1442 ad
896 1393 999 1461 stupra
1018 1377 1239 1439 contumeliose
1265 1452 1268 1459 ⁴

58 1464 136 1543 rapi.
172 1462 349 1526 Alexander
365 1479 466 1527 autern
485 1481 589 1527 contra
608 1468 835 1540 iusiurandum,
854 1466 886 1525 in
905 1463 1060 1526 communi
1076 1484 1149 1545 pace
1168 1484 1237 1544 per-

57 1547 224 1629 scriptum,
242 1550 396 1611 Philiadae
415 1552 527 1627 liberis,
547 1553 599 1632 qni
616 1553 738 1636 tyranni
756 1566 846 1626 sunt,
869 1551 1038 1611 Messenam
1055 1547 1238 1608 reducendis

56 1634 217 1714 numquid
231 1634 364 1696 iustitiae
377 1638 526 1698 rationem
544 1637 664 1698 habuit:
682 1659 793 1698 aenon
809 1636 911 1718 potins
924 1656 982 1697 suo
997 1635 1155 1719 tyrannico
1170 1653 1236 1691 mo-

54 1738 202 1794 reusus,
221 1734 286 1781 tnm
304 1743 369 1798 vos,
386 1735 451 1783 tum
469 1725 641 1805 pactionem
656 1745 847 1784 communem
865 1742 922 1803 pro
938 1721 1036 1787 nihilo
1052 1719 1157 1778 duxit?
1175 1718 1237 1776 Ne-

54 1824 120 1884 que
139 1824 233 1880 vero,
248 1805 275 1865 si
289 1808 357 1887 quis
369 1809 456 1867 vobis
474 1830 539 1869 eam
555 1811 765 1871 necessitatem
780 1810 926 1890 imponat,
945 1802 1142 1885 iniquissimis
1159 1803 1237 1861 serre

54 1888 173 1949 animis
192 1892 362 1972 oportebit:
385 1894 432 1953 sin
451 1895 522 1954 alibi
541 1916 668 1974 usquam
686 1894 896 1953 iusiurandum
914 1891 1000 1949 vobis
1019 1890 1123 1948 datum
1140 1888 1237 1963 viole-

53 1986 120 2047 tur,
136 1974 218 2035 boni
227 1978 447 2038 consulendum
460 1981 527 2053 erit,
543 1980 652 2040 omissa
663 1979 842 2039 defensione
854 1975 1001 2035 laederis:
1016 1995 1126 2053 neque,
1142 1995 1236 2051 qmnn

54 2060 190 2139 quidam
209 2062 259 2122 bic
274 2084 328 2122 vos
347 2062 484 2139 incitent,
502 2077 537 2124 ut
553 2064 662 2125 loedus
677 2065 812 2137 servetis,
831 2074 912 2125 tanta
927 2060 1048 2121 licentia
1063 2052 1236 2118 conceden-

55 2146 97 2204 da
115 2146 181 2205 illis
202 2160 258 2222 cst,
274 2168 290 2207 a
307 2148 417 2228 quibus
435 2150 476 2209 ita
494 2152 590 2232 palam
608 2150 753 2209 violatum
773 2162 825 2209 est
843 2149 925 2207 llaec
944 2146 1025 2206 enim
1043 2142 1162 2204 admitti
1180 2163 1234 2201 ne-

58 2252 219 2311 quaquam
236 2246 380 2313 possunt,
398 2236 425 2295 si
441 2234 487 2295 ius
500 2235 626 2315 exsequi
642 2235 748 2295 velitis.
766 2235 842 2293 Itan
861 2232 936 2292 illud
955 2232 1052 2291 etiam‘
1063 2228 1095 2288 in
1109 2228 1233 2287 loedere

58 2328 109 2376 est
128 2318 329 2399 adscriptum,
353 2332 390 2379 ut
406 2341 463 2400 pro
481 2321 573 2381 hoste
597 2320 748 2381 habeatur·
761 2320 802 2392 is,
830 2318 883 2398 qui
902 2317 971 2378 talia
994 2314 1107 2398 egerit,
1136 2313 1234 2392 qualia

56 2402 171 2463 studio
190 2403 248 2463 sibi
264 2404 357 2465 habet
371 2406 556 2481 Alexander,
582 2406 619 2467 ab
639 2396 785 2467 omnibus
798 2405 852 2479 iis,
871 2403 925 2483 qui
941 2422 1015 2485 pace
1033 2398 1233 2480 comprehen-

59 2487 201 2547 duntur:
216 2501 311 2570 utque
329 2510 435 2551 omnes
454 2504 485 2552 et
498 2512 626 2575 regnum
646 2493 711 2551 eius
726 2504 756 2551 et
772 2491 871 2571 ipsum
890 2487 972 2548 bello
988 2498 1102 2568 petant.
1119 2484 1234 2558 Quare,

60 2572 90 2633 si
109 2592 157 2647 ea,
173 2595 250 2655 quae
263 2596 444 2651 convenere,
462 2598 581 2637 servare
595 2578 747 2649 velumus,
765 2576 899 2635 hostium
912 2592 1040 2637 numero
1055 2568 1234 2631 habebimus

59 2678 153 2732 eum,
171 2661 223 2739 qui
237 2674 382 2745 tyrannos
399 2663 543 2723 restituit'
557 2661 600 2723 At
616 2684 690 2723 sero
709 2662 812 2721 dicent
829 2659 880 2719 isti
898 2670 1096 2743 tyrannoram
1114 2653 1233 2714 studio-

63 2744 118 2817 si,
142 2744 289 2807 Philiadae
306 2746 421 2823 liberos
439 2760 617 2829 propterea,
643 2748 726 2826 quod
744 2743 919 2813 Messeniis,
945 2754 1106 2819 antequam
1124 2739 1234 2796 foedus

60 2828 223 2905 feriretur,
237 2830 428 2913 imperarint,
445 2833 603 2893 restitutos
621 2831 658 2892 ab
677 2829 860 2890 Alexandro.
895 2827 955 2885 Sed
972 2824 1100 2886 ridicula
1119 2836 1165 2882 est
1182 2821 1234 2881 illa

59 2912 166 2975 ratio:
190 2936 277 2995 quum
293 2917 397 2977 Lesbii
420 2918 541 3002 tyranni
567 2916 629 2978 sint
654 2917 743 2979 eiecti
760 2914 884 2974 Antissa
908 2924 939 2972 et
955 2910 1068 2983 Ereso,
1094 2910 1232 2969 damnata

63 2999 136 3081 ipsa
155 3001 379 3084 gubernationis
403 3004 499 3064 forma
517 3016 552 3063 ut
570 3003 694 3076 iniusta,
714 3001 853 3082 quiante
876 2992 1040 3058 loedus'et
1057 2995 1115 3076 ipsi
1134 2992 1231 3054 domi-

65 3086 136 3146 nati
152 3100 236 3161 sunt,
258 3088 416 3148 Messenae
440 3082 617 3149 tolerandos
636 3108 714 3148 esse:
741 3108 810 3146 cum
832 3084 979 3165 utrinque
1003 3081 1042 3142 sit
1060 3081 1165 3140 eadem
1183 3079 1230 3136 in-

70 3170 207 3253 dignitas.
222 3173 339 3233 Deinde
356 3186 386 3233 et
399 3173 507 3234 foedus
524 3173 623 3233 statim
639 3172 675 3233 ab
688 3172 777 3232 initio
794 3172 928 3232 Graecos
943 3168 1057 3229 liberos
1074 3186 1139 3226 esse
1153 3164 1230 3225 suis-

71 3276 136 3335 que
151 3257 242 3317 vivere
259 3258 379 3342 legibus
397 3259 490 3320 iubet
522 3259 605 3335 Quid
623 3259 718 3342 igitur
734 3257 904 3330 absurdius,
922 3276 1012 3336 quam
1030 3264 1120 3335 caput
1137 3252 1175 3310 de
1193 3248 1230 3308 li·

71 3340 187 3403 bertate
203 3343 387 3406 Graecorum
412 3345 581 3428 principem
603 3352 708 3405 tenere
733 3344 835 3403 locum
854 3341 886 3402 in
911 3341 1051 3401 loedere:
1078 3350 1110 3397 et
1128 3332 1230 3397 existi-

78 3428 160 3501 mut,
174 3428 260 3503 illum,
279 3430 333 3509 qui
349 3434 472 3491 eosdem
484 3432 628 3492 servitute
644 3428 797 3511 opprimit,
814 3426 893 3487 nihil
907 3424 1120 3487 communibus
1134 3420 1229 3503 pactis
1259 3421 1315 3476 137

81 3510 179 3573 fecisse
193 3515 398 3576 conuariunr?
416 3520 518 3593 Quare
537 3538 660 3577 necesse
680 3514 835 3587 babemus,
854 3511 1058 3572 Athenienses
1075 3509 1117 3588 (si
1135 3507 1229 3567 modo

80 3597 165 3657 fidem
179 3600 357 3661 servabimus
372 3596 402 3662 et
419 3602 563 3663 iustitiam
581 3598 741 3685 colemus),
759 3620 821 3680 quo
837 3618 893 3659 nos
907 3597 957 3657 isti
975 3607 1095 3668 uocant,
1111 3604 1147 3653 nt
1164 3612 1230 3652 mo·-

61 3682 124 3741 'do
138 3684 268 3759 dicebam,
292 3688 439 3769 correptis
457 3687 545 3749 armis
564 3687 746 3766 adscitisque
763 3685 864 3757 sociis,
883 3682 935 3764 qui
953 3681 1071 3753 volunt,
1087 3680 1251 3761 foedifra-⁸

83 3766 127 3846 gis
141 3766 380 3833 inferrebellum.
411 3771 461 3832 An
480 3795 564 3846 uero,
581 3796 651 3833 cum
667 3771 781 3853 putetis
799 3768 963 3849 aliquando
981 3768 1076 3849 ipsam
1095 3763 1229 3826 occasio·
1249 3794 1256 3807 ι

84 3870 146 3911 nem
158 3855 257 3929 valere,
275 3878 309 3916 ac
323 3858 388 3917 sine
404 3858 526 3931 iustitia,
539 3860 570 3918 id
585 3859 666 3938 quod
683 3856 831 3941 expediat,
849 3854 1017 3914 conficere:
1035 3873 1128 3922 nunc,
1145 3861 1229 3930 post—

84 3956 161 4013 ,quam
176 3952 203 3999 et
218 3942 337 4002 occasio
357 3955 388 4003 et
404 3942 451 4001 ins
471 3956 501 4003 et
524 3944 639 4003 utilitas
657 3964 717 4004 una
742 3952 943 4013 concurrunt,
969 3938 1051 3998 aliud
1076 3936 1229 4017 quoddam

83 4031 184 4100 tempus
207 4026 401 4107 expectabilis
432 4032 494 4087 tum
519 4042 652 4101 vestrae,
681 4040 744 4087 tum
762 4025 898 4106 reliquae
917 4022 1064 4084 Graeciae
1082 4020 1229 4082 libertatis

82 4102 278 4170 vindicandae?
296 4115 357 4171 lam
375 4112 507 4173 adalind
526 4112 599 4173 iuris
617 4126 706 4194 capot
723 4112 821 4171 venio.
846 4110 998 4190 Scriptum
1016 4121 1062 4169 est
1074 4108 1105 4167 in
1120 4106 1226 4167 loede-

81 4200 125 4264 rt,
146 4192 233 4276 siqui
251 4196 437 4277 respublicas
454 4200 533 4278 apud
559 4218 697 4281 quosque
723 4210 859 4277 receptas
879 4208 958 4267 tum,
986 4216 1055 4254 eum
1074 4191 1227 4273 inparem

83 4272 211 4354 iurarent,
229 4279 457 4364 abrogaverint,
484 4302 536 4343 eos
554 4284 591 4342 ab
611 4282 751 4343 omnibus
769 4282 824 4352 iis,
842 4282 879 4339 ad
898 4300 976 4359 ‹qtros
993 4278 1144 4361 pertineat
1162 4298 1227 4357 pax,
1260 4312 1266 4323 ·

82 4362 275 4439 potestibus
294 4380 359 4427 e'sse
375 4367 539 4429 habendos.
576 4367 666 4450 Agite
684 4387 773 4441 vero,
792 4365 994 4441 considerate,
1012 4363 1227 4432 Athenienses,
