2722 4754
593 61 600 87 Ι
612 55 614 58 .

404 194 464 276 nn
499 197 875 280 cnunsonnsn...
1141 173 1210 280 aa

541 326 548 349 Ι
631 329 637 337 .

60 382 143 446 datur,
167 382 197 431 et
214 379 334 430 caetera
353 369 454 450 omnia
471 369 619 429 molitur..
640 369 722 444 Quid
739 370 867 453 igituri·
883 362 1082 437 Prudentinm
1101 369 1200 434 bomiss

62 482 115 528 „um
129 468 187 529 est,
207 475 304 536 quum
323 454 397 514 baec
415 455 511 515 sciant
529 467 560 514 et
576 454 756 537 cognorint,
774 456 925 539 insignem
942 453 1030 519 istam
1048 458 1203 540 pernicio-

63 563 158 624 ,uuque
175 539 347 600 socordiam
366 540 530 620 deponere,
548 552 579 599 et
596 538 754 620 pecuniam
773 542 923 616 conferre,
943 542 1086 625 idemque
1104 557 1139 605 ut
1155 544 1200 604 sa-

65 635 134 702 tisut,
156 648 170 685 a
187 624 279 685 sociis
298 624 470 706 postulare,
497 646 531 684 ac
547 625 706 705 providere
726 637 816 704 atque
835 649 925 710 agere
943 631 1059 703 omnia,
1087 628 1202 691 cousti-

68 732 127 782 mun
139 711 192 771 iste
211 710 361 771 exercitus
380 730 419 769 ne
435 710 598 770 dilabatur:
615 721 660 783 ut,
679 712 934 789 quemadmodum
951 713 1003 773 ille
1023 714 1202 796 paratas-le-

72 806 143 890 giones
163 795 255 854 babet
279 795 315 854 ad
341 794 497 854 violandos
523 809 553 854 et
578 795 764 877 subigendos
784 817 889 856 omnes
909 798 1059 872 Graecos,
1082 800 1123 859 ita
1147 819 1202 858 vos

72 887 171 970 legiones
198 878 334 939 babeatis
362 881 398 939 ad
426 882 588 940 servandos
617 902 722 940 omnes
752 895 781 942 et
806 883 937 942 tuendos
965 895 1090 962 paratas.
1126 884 1203 944 Nam

60 958 155 1037 xauxiliis
185 964 342 1024 mittendis
363 964 408 1023 ¹et
440 964 534 1024 milite
560 963 757 1026 tumultuario
784 986 940 1046 nunquam
966 968 1086 1048 poterit
1108 968 1204 1047 quic-
1263 1002 1266 1007 ·

66 1076 133 1138 quan
147 1063 224 1110 recte
243 1048 356 1129 perfici.
392 1048 452 1108 Sed
471 1050 707 1111 conscribendae
726 1050 862 1134 legiones
880 1065 952 1112 sunt
970 1065 1001 1111 et
1018 1060 1206 1112 commeatus·

66 1135 352 1217 illissnppeditandus
379 1147 410 1193 et
432 1134 546 1214 publici
563 1148 741 1217 quaestores
760 1136 931 1218 deligendi,
959 1150 1004 1210 et,
1030 1138 1119 1216 quain
1138 1136 1206 1195 fieri
1271 1180 1274 1187 ι

65 1236 159 1309 potest,
175 1218 402 1306 diligentissima
420 1220 641 1279 conservandae
659 1220 806 1301 pecuniae
824 1222 901 1282 ratio
921 1235 966 1283 est
983 1223 1123 1281 ineunda.
1149 1220 1229 1303 His,

64 1304 285 1386 laetis,pecunia
304 1326 319 1362 a
339 1304 567 1383 quaestoribus,
578 1318 685 1373 'rerum
704 1319 855 1388 gestarum
874 1307 1007 1367 rationes
1026 1329 1042 1366 a
1061 1309 1137 1366 duce
1155 1327 1205 1364 re-

40 1404 207 1477 .posceotur.
237 1390 332 1463 Quod
350 1389 376 1447 si
394 1388 467 1448 baec
485 1389 572 1449 vobis
592 1389 824 1464 cordi-fuerint,
850 1389 876 1450 si
895 1388 968 1451 baec
993 1391 1204 1472 susceperitis:

64 1499 147 1540 revera
160 1474 261 1534 licebit
276 1474 386 1533 iustam
404 1473 513 1534 babere
531 1481 645 1555 pacem,
665 1489 695 1535 et
707 1475 882 1556 Philippum
898 1477 982 1536 domi
997 1496 1030 1536 se
1047 1477 1206 1536 continere
1289 1520 1292 1527 ,

64 1561 156 1646 cogetis
180 1557 255 1641 (quo
282 1558 375 1616 maius
402 1557 518 1618 bonum
537 1561 655 1618 nullum
682 1572 755 1619 esse‘
774 1560 896 1642 queat),
922 1575 974 1621 aut
992 1582 1090 1642 aequo
1109 1562 1206 1619 Marte

63 1645 155 1722 bellom
172 1642 289 1724 geretis.
310 1641 342 1699 si
362 1643 427 1720 quis
446 1661 525 1702 vero·
539 1644 612 1703 baec
631 1645 696 1703 sine
711 1658 741 1703 et
758 1645 874 1728 magnis
892 1646 1061 1726 sumptibus
1073 1628 1111 1705 ‘et
1127 1645 1207 1704 mul-

62 1733 91 1792 tis
112 1726 254 1788 laboribus
279 1747 369 1806 posse
388 1729 497 1795 confici
516 1749 579 1786 non
597 1742 697 1808 putat:
721 1743 804 1789 recte
824 1731 950 1789 omniuo
964 1743 1060 1811 putat.
1097 1730 1156 1788 Sed
1181 1724 1208 1788 si

61 1818 127 1876 idem
143 1811 319 1883 consideret,
339 1831 415 1892 quae
433 1811 567 1890 pericula
585 1813 654 1871 urbi
672 1813 876 1892 impendeant,
895 1815 953 1874 nisi
971 1815 1011 1873 ita
1029 1814 1209 1873 fecerimus:

62 1898 177 1960 inveniet
193 1896 343 1976 expedire,
365 1909 401 1954 ut
417 1897 510 1969 ultro,
529 1897 612 1978 quod
630 1897 695 1955 beri
715 1888 982 1970 debet,‘saciamus.
1000 1899 1077 1956 Nam
1095 1898 1121 1957 si
1139 1897 1207 1977 quis

62 1987 169 2045 deorum
186 1979 271 2041 vobis
289 1982 456 2060 sponderet
474 1978 545 2062 (nec
563 1980 642 2039 enim
661 1981 906 2040 mortaliumsulli
923 1996 1006 2042 tanta
1025 1982 1062 2041 de
1080 2003 1114 2041 re
1131 1982 1208 2041 fides

62 2068 148 2129 baberi
164 2078 229 2126 tuto
246 2063 382 2147 posset),
408 2065 434 2124 si
452 2065 626 2144 quieveritis
646 2077 676 2124 et
695 2067 795 2137 omnia
814 2067 1024 2148 neglexeritis,
1052 2086 1121 2126 eum
1139 2079 1208 2125 tan-

62 2156 118 2214 dem
132 2152 162 2211 in
177 2172 231 2231 vos
249 2150 331 2230 ipsos
350 2149 496 2231 impetum
515 2171 577 2210 non
597 2171 661 2208 esse
679 2151 843 2211 sactorum:
865 2164 953 2231 supe
973 2151 1096 2230 quidem
1114 2163 1207 2223 certe,
1225 2155 1264 2210 6⁶

65 2236 135 2299 ollii
149 2234 347 2307 immortales,
371 2235 465 2294 suerit
483 2249 573 2315 atque
592 2235 766 2316 indignum,
784 2248 850 2294 tum
866 2236 972 2309 vobis,
994 2248 1060 2295 turn
1077 2233 1209 2296 florente
1290 2278 1294 2283 -

63 2321 211 2402 republica,
228 2333 295 2379 tum
312 2320 404 2388 rebus
423 2320 514 2402 gestis
540 2319 705 2392 maiorum,
725 2320 773 2395 ,ob
792 2320 946 2399 privatum
959 2334 1092 2380 vestrum
1112 2321 1209 2389 otium
1242 2312 1258 2353 ’·
1277 2374 1282 2383 .

63 2408 175 2487 reliquos
195 2405 329 2464 Graecos
349 2403 455 2470 omnes
473 2406 609 2465 desertos
629 2403 761 2464 obiicere
775 2404 925 2465 servituti.
944 2405 990 2464 Ac
1009 2425 1065 2495 ego
1086 2405 1210 2485 quidem
1294 2387 1297 2405 Ι

64 2493 117 2574 ipse
129 2490 221 2551 malim
240 2489 346 2561 emori,
366 2512 455 2568 quam
472 2487 540 2549 talis
559 2489 682 2548 alicuius
700 2501 807 2549 auctor
824 2511 889 2549 esse
906 2490 1033 2549 consilii.
1051 2493 1166 2550 Verum
1183 2487 1210 2548 si

65 2575 204 2656 quisalius
221 2573 292 2634 talia
311 2573 386 2634 dicit
402 2586 432 2634 et
448 2574 534 2634 vobis
552 2575 724 2655 persuadet,
743 2587 824 2633 esto:
842 2595 880 2633 ne
893 2574 1056 2634 defendite
1074 2595 1142 2647 eos,
1156 2573 1210 2633 ab·

63 2662 132 2722 iicite
148 2658 255 2721 omnib·
285 2659 340 2718 Sin
358 2658 417 2718 boe
435 2660 608 2720 consultum
628 2680 801 2719 esse'nemo
819 2662 1106 2739 putat¹,·co.ntraque
1124 2679 1210 2738 prae·
1249 2663 1251 2669 '
1274 2716 1278 2721 .

65 2747 161 2807 odorus
178 2765 289 2817 omnes,
308 2756 422 2825 quanto
440 2743 527 2824 plura
542 2765 613 2804 eum
627 2745 685 2802 sibi
701 2743 851 2801 subiicere
869 2743 1106 2822 permiserimus,
1123 2754 1211 2802 tanto
1283 2756 1286 2761 ·

65 2853 124 2891 cum
146 2829 274 2911 graviore
300 2841 333 2888 et
355 2829 529 2910 potentiore
555 2830 643 2889 boste
669 2828 756 2887 nobis
775 2827 842 2886 fore
860 2826 1111 2891 conflictandum:
1138 2825 1212 2908 quid

63 2914 293 2997 tergiversamur,
325 2927 377 2973 aut
395 2913 469 2994 quid
487 2913 570 2973 lente
588 2913 721 2996 agimus,
753 2925 809 2971 ant
827 2913 967 2992 qnando,
984 2910 1212 2993 Athenienses,
1274 2934 1279 2942 ¹

64 3021 151 3079 perum
164 3021 262 3058 curam
274 2999 493 3079 suscipiemus?
511 3001 600 3072 Tum,
619 2999 721 3072 credo,
742 3008 809 3056 cum
827 2994 976 3080 ingruerit
990 2997 1090 3076 aliqua
1106 3016 1212 3056 neces·
1248 3042 1251 3047 a

65 3085 140 3144 sius?
156 3083 249 3163 Atqui
267 3106 302 3144 ea
320 3083 500 3157 necessitas,
519 3106 608 3164 quam
627 3084 720 3142 bomo
735 3082 817 3141 liber
834 3083 874 3141 ita
893 3081 1045 3153 nominet,
1057 3090 1127 3140 'non
1144 3093 1213 3157 tan5

65 3183 117 3228 tum
132 3169 186 3228 iam
203 3170 298 3243 adest,
315 3170 369 3229 sed
387 3169 564 3248 iampridem
582 3168 671 3228 etiam
689 3165 1089 3248 praeteriit‘'Servilis·vero
1106 3184 1213 3225 nems-

66 3253 123 3313 sitas
140 3276 173 3314 ne
191 3255 327 3336 ingruat,
345 3253 452 3333 utique
472 3267 517 3314 est
535 3252 821 3333 optandum-'Quid
838 3274 911 3313 vero
931 3252 1057 3311 interest
1065 3252 1084 3317 Ρ,
1103 3248 1213 3309 Homi-

66 3358 123 3397 nem
137 3338 261 3399 liberum
279 3339 354 3399 baec
373 3339 501 3399 maxime
519 3338 689 3417 ¹necessitas
708 3349 814 3419 urget,
837 3338 863 3396 si
881 3358 933 3397 res
948 3350 1075 3399 temere*
1096 3350 1126 3396 et
1143 3355 1219 3415 eum
1282 3385 1287 3390 .

68 3410 196 3483 dedecore
212 3424 469 3484 administrentur.
501 3422 556 3484 bac
576 3444 633 3505 ego
652 3422 844 3501 maior-,quae
861 3412 1030 3482 necessitas*
1044 3422 1084 3481 sit
1109 3421 1213 3492 dicen-

70 3505 114 3578 da,
126 3508 227 3568 nescio.
246 3509 343 3569 Servo
361 3523 412 3569 aut
429 3509 535 3591 plagae
555 3521 585 3568 et
604 3507 738 3588 corporis
759 3507 994 3568 excarnificatio:
1020 3512 1096 3586 quae
1115 3505 1215 3565 absint

32 3603 35 3607 ’
66 3603 96 3649 ut
110 3591 186 3666 fiant,
205 3606 237 3654 et
254 3594 337 3654 dictu
354 3594 479 3676 indigna
497 3607 576 3654 sunt.
595 3592 786 3671 Quamquam
804 3588 910 3652 autem¹
922 3592 1038 3670 reliqua
1058 3592 1159 3650 omnin
1176 3589 1221 3659 ti?

66 3673 156 3736 beuter
169 3678 321 3752 dixissem,
340 3693 370 3738 et
388 3679 598 3752 ostendissem,
618 3700 679 3757 quo
697 3691 785 3757 pacto
805 3699 858 3737 vos
875 3677 1214 3759 aliqui-magistratuum

64 3760 263 3823 circumvenire
280 3765 414 3824 soleant:
433 3777 550 3824 caetera
563 3764 653 3824 missa
667 3762 780 3823 faciam.
798 3762 859 3822 Sed
878 3785 946 3822 cum
964 3763 1095 3842 primurn
1113 3759 1214 3840 aliqua

63 3846 161 3906 mentio
185 3849 221 3908 fit
237 3848 472 3929 Philippicarum
496 3870 615 3921 rerum,
642 3848 763 3928 quidam
789 3852 915 3930 surgens
935 3847 1022 3907 dicit:
1049 3845 1215 3917 Pace'frui,

63 3926 139 4008 qnam
157 3933 289 4012 optabile
308 3933 366 3992 est!
384 3954 528 4015 magnum
545 3932 710 3993 exercitum
724 3931 815 4005 alere,
832 3930 919 4012 quam
936 3930 1115 3993 molestum!
1130 3929 1214 3990 Diri,

61 4035 122 4094 pere
138 4017 260 4096 quidam
278 4019 425 4088 aerarium
443 4019 566 4078 uolunt:
584 4017 701 4096 aliaque
719 4018 827 4077 similia
844 4018 945 4089 verba,
964 4016 1074 4095 quibus
1092 4018 1147 4075 vos
1164 4026 1214 4074 η’-

46 4106 221 4176 'morantur,
248 4113 280 4162 et
304 4098 349 4161 illi
374 4103 563 4164 occasionem
588 4103 750 4183 praebent,
786 4123 843 4162 suo
868 4102 1011 4161 arbitratu
1038 4099 1214 4182 parotium

59 4183 166 4263 quidvis
183 4185 356 4270 peragendi
374 4188 418 4248 lta
432 4188 488 4262 fit,
500 4201 537 4248 ut
553 4208 606 4247 vos
625 4188 721 4248 otium
744 4185 950 4269 adipiscamini
968 4199 1059 4267 atque
1076 4178 1212 4265 inprae-

57 4288 118 4330 sens
134 4270 210 4331 nibil
227 4271 321 4353 agatis
339 4270 430 4354 (quoe
445 4294 564 4347 vereor,
581 4294 621 4333 ne
636 4270 722 4334 vobis
736 4272 899 4352 aliqnando
914 4292 1025 4354 magno
1040 4269 1214 4332 constitisse

57 4353 192 4418 uedturi
210 4354 307 4438 sitis):
329 4356 379 4417 isti
403 4378 475 4419 vero
498 4358 624 4441 gratiam
645 4371 775 4420 vestram
795 4369 1028 4436 consequantur
1052 4355 1213 4416 ‹rc-harum
1250 4379 1269 4439 .'

984 4444 1009 4518 t
