2722 4754
326 207 405 274 ‘nu
438 202 597 289 rausa
629 196 930 280 nnca‘munn
1162 221 1221 280 asa
1269 210 1272 214 ’

57 362 139 442 cam,
165 380 195 428 et
213 387 263 440 ea,
287 389 364 448 quae
381 369 621 453 restabant‚(qui
637 369 811 431 Phocenses
831 360 916 432 eran't
934 383 966 430 et
984 369 1108 457 Pylae),
1130 372 1221 445 suasi,

58 472 99 525 ne
116 452 308 526 amitteretis,
331 467 407 514 neve
426 453 458 513 in
478 448 604 514 eandem
621 455 758 528 fraudem
777 455 969 530 incideretis,
994 463 1086 532 nete,
1110 456 1165 518 alia
1185 478 1221 517 ex

63 538 119 598 alia
134 559 184 618 spe
201 538 339 618 suspensi
358 550 389 598 et
405 538 675 618 pollicitationibus
694 539 838 614 deleniti,
855 562 903 600 res
922 541 955 600 in
967 555 1140 603 ,extremum
1159 541 1219 615 dis·

43 646 48 651 ’
66 623 173 684 crimen
197 622 305 682 adduci
322 623 509 703 pateremini.
539 623 642 704 Atque
660 624 734 685 baec
752 626 870 684 senatui
888 627 1030 705 persuasi.
1054 625 1131 687 Cum
1148 647 1222 689 vero
1271 682 1272 688 ,

71 709 167 770 concio
193 708 398 788 conuenisset,
422 721 456 767 et
480 708 595 768 advos
621 708 712 770 rerba
736 709 873 769 facienda
899 724 1016 770 essent:
1041 702 1220 796 pro‘gressus

74 793 227 857 Aeschines
241 791 356 871 primus
375 793 510 871 omnium
527 806 667 853 nostrum
684 793 838 877 (obtestor
854 802 955 854 autem
973 816 1027 855 vos
1046 818 1102 877 per
1118 801 1220 859 lovem
1243 802 1305 858 221

77 893 105 942 et
120 881 201 951 deos,
229 877 297 936 date
316 896 456 957 operam,
475 877 520 938 'ut
536 900 596 938 una
614 899 732 953 mecum
751 879 914 940 memoriae
932 880 1081 961 infigatis,
1097 883 1135 943 ,εἰ
1152 903 1222 943 vera

80 957 183 1028 diiero:
216 980 250 1021 ea
268 963 349 1021 enim
360 963 489 1022 demum
508 976 597 1037 sunt,
628 984 705 1043 quae
724 964 825 1025 omnia
843 964 966 1048 negotia
983 978 1080 1024 vestra
1097 987 1221 1046 prorsus

82 1051 260 1128 corruperunt
277 1058 308 1106 et
325 1045 537 1129 perdiderunt)
554 1069 732 1130 progressus
750 1049 845 1131 igitur
862 1049 1037 1132 longissime
1053 1050 1170 1124 abfuit,
1186 1063 1223 1110 ut
1298 1043 1311 1048 “

44 1204 48 1215 ,
83 1133 245 1200 nnuntiaret
255 1131 370 1211 aliquid
385 1132 417 1190 in
432 1131 583 1213 legatione
601 1146 711 1208 actum,
729 1146 782 1195 aut
797 1147 833 1194 ut
851 1135 888 1194 de
906 1135 953 1208 iis,
972 1147 1052 1215 quae'
1066 1135 1098 1195 in
1115 1148 1223 1197 senatu

86 1224 149 1285 dieta
163 1227 256 1278 essent
276 1213 318 1299 (si
335 1216 439 1289 forte,
456 1230 559 1277 utrum
578 1239 636 1300 ego
654 1240 725 1278 vcra
743 1219 893 1294 dicerem,
917 1218 1105 1303 dubitabat),
1128 1220 1222 1280 ullam

87 1309 116 1369 in
133 1315 205 1383 coetu
228 1301 336 1382 populi
354 1301 541 1363 mentionem
559 1303 685 1379 faceret:
712 1306 849 1367 sedeam
868 1305 976 1366 babuit
995 1305 1168 1366 ‘orationem
1194 1317 1225 1366 et

39 1428 46 1443 =
90 1387 273 1467 tottaatisque
292 1386 382 1446 bonis
400 1387 560 1464 refertam,
586 1404 622 1452 ut
638 1392 798 1469 univ‘ersos
814 1414 868 1453 vos
888 1392 1023 1451 insuam
1042 1390 1225 1455 sententiam

92 1471 249 1564 pertraxerit-
285 1470 396 1539 Aiebat
414 1476 511 1550 enim,
532 1499 564 1537 se
582 1477 765 1558 persuasisse
783 1477 925 1558 Philippo
945 1476 1061 1551 omnia,
1081 1497 1158 1557 quae
1177 1496 1224 1536 es·
1300 1504 1303 1511 ¹

92 1577 144 1628 sent
155 1559 229 1622 utilia
245 1560 448 1641 reipublicae,
465 1575 527 1621 tam
545 1563 577 1621 in
595 1557 853 1646 Amphictyoniea
868 1584 972 1638 causa,
991 1583 1080 1642 quam
1100 1560 1243 1623 caeteris,

91 1646 231 1715 omisssis:
242 1658 273 1705 et
289 1647 437 1727 prolixam
454 1646 541 1706 vobis
561 1648 731 1708 orationem
748 1648 942 1721 recensebat,
962 1669 1051 1728 quam
1063 1657 1101 1706 'se
1120 1659 1226 1707 contra

91 1735 220 1807 Thebanos
237 1731 318 1811 apud
336 1731 510 1812 Philippum
528 1732 670 1792 habuisse
689 1733 818 1793 diceret:
846 1747 876 1793 et
894 1729 990 1814 capita
1007 1731 1094 1797 vobis
1111 1731 1225 1791 refere-

91 1824 139 1885 bat:
169 1830 195 1878 et
211 1816 483 1891 commemorabat,
508 1838 540 1876 se
559 1817 589 1877 id
605 1840 661 1878 'sua
680 1818 817 1879 effecisse
835 1818 1005 1900 legatione,
1030 1830 1066 1877 ut
1082 1817 1161 1876 intra
1179 1816 1227 1875 bi-

91 1910 163 1969 duum
182 1915 231 1962 aut
255 1901 391 1962 triduum
410 1900 457 1984 ·(si
476 1903 560 1962 domi
585 1903 747 1962 maneretis
776 1915 806 1962 et
822 1902 1082 1963 'non'moueretis
1101 1901 1227 1974 bellum,
1310 1921 1320 1926 ·

91 2009 168 2070 neque
182 1986 271 2048 vobis
282 1986 340 2065 ipsi
358 1987 517 2068 negotium
534 1986 737 2070 facesseretis)
755 1987 888 2047 audituri
907 1987 1031 2060 essetis,
1049 1988 1089 2045 'et
1106 1985 1226 2045 Thebas

92 2077 150 2139 solas
170 2073 276 2152 absque
301 2067 419 2152 reliqua
436 2072 563 2131 Boeotia
588 2072 746 2146 obsideri,
764 2085 794 2132 et
811 2072 957 2152 Thespias
983 2070 1227 2151 atquePlataca's

91 2157 237 2231 instaurari,
266 2170 297 2217 et
314 2156 453 2236 Apollini
470 2156 629 2237 pecliniam
647 2158 743 2231 solvi,
771 2179 834 2216 non
853 2180 869 2216 a
886 2148 1118 2228 Phocensibus,
1132 2155 1193 2221 ,sed
1208 2153 1245 2213 'a‘

73 2242 229 2314 'Thebanis
254 2240 307 2322 qui
333 2254 471 2301 auctores
494 2237 627 2302 fuissent
650 2242 765 2323 templi
780 2241 956 2323 occupandi.
1001 2240 1040 2300 Se
1066 2239 1147 2319 enim
1172 2240 1228 2299 do·
1319 2274 1321 2278 ·

94 2331 166 2392 tuisse
180 2327 366 2408 Philippum,
393 2327 490 2387 nihilo
510 2327 673 2406 deliquisse
692 2328 791 2388 minus
810 2348 878 2402 eos,
904 2328 958 2406 qui
981 2327 1079 2386 facere
1098 2324 1247 2409 cogitas-2
1308 2397 1312 2403 ‚

92 2421 264 2493 seut,.qua1n'
290 2413 353 2492 qui'
370 2417 474 2471 manus
501 2413 693 2487 intulissent,
721 2426 943 2494 proptereaque
967 2432 999 2479 se
1026 2410 1229 2492 proscriptum

94 2521 143 2561 esse
157 2520 170 2558 a
184 2496 350 2567 Thebanis:
376 2497 450 2577 quin
469 2498 619 2559 audivisse
637 2519 686 2571 se,
705 2510 736 2558 et
752 2492 982 2558 Euhoeensium
1001 2497 1148 2576 quosdam
1166 2507 1229 2554 ter-

52 2589 53 2593 ’
94 2587 151 2657 ritus
165 2595 192 2643 et
205 2582 406 2664 perturbatos¹
416 2596 542 2663 propter
567 2582 815 2643 coniunctionem
828 2584 920 2643 ‘inter
931 2582 1111 2663 ‘Philippum
1130 2594 1161 2641 et
1178 2600 1230 2640 ur·
1253 2643 1258 2649 ⁶

94 2671 149 2730 bem
160 2669 348 2741 conciliatam,
368 2668 420 2748 qui
437 2668 469 2726 in
486 2668 563 2728 banc
578 2669 758 2728 sententiam
774 2668 865 2729 verba
880 2668 1039 2733 fecissent:
1057 2665 1128 2727 Non
1144 2687 1233 2748 prae-

94 2754 153 2816 terit
170 2775 234 2828 nos,
257 2753 367 2836 legati,
395 2753 504 2833 quibus
524 2749 759 2819 'conditionibus
782 2774 887 2834 pacem
911 2751 1046 2812 feceritis
1069 2764 1138 2810 cum
1159 2747 1232 2808 Pbi-

93 2838 172 2920 lippo:
199 2859 291 2918 neque
311 2840 501 2921 ignoramus,
527 2859 581 2898 vos
600 2838 645 2898 illi
664 2836 1026 2918 dedi-sseAmphipolim,
1058 2833 1232 2916 Philippum
1263 2848 1265 2852 '

75 2936 172 2990 ,auten
187 2924 368 3004 promisisse,
385 2924 567 2983 traditurum
585 2944 617 2983 se
635 2923 721 2983 vobis
736 2923 902 2999 Euboeam.
919 2922 1022 3002 Atque
1041 2920 1124 2981 aliud
1143 2920 1233 2980 etiam

71 3004 188 3085 'dicebat
215 3025 246 3069 se
268 3022 473 3091 procurasse,
506 3008 560 3068 sed
592 3009 730 3068 nondum
757 3002 793 3068 ¹id
820 3007 898 3069 velle
932 3007 1051 3067 dicere:
1085 3006 1233 3086 quosdam

92 3091 157 3154 enin
171 3114 187 3154 c
202 3094 325 3177 collegis
344 3096 403 3154 iam
421 3093 640 3153 invidere-sibi
669 3093 722 3162 sic,
737 3106 838 3160 autem
858 3092 987 3153 obscure
1005 3103 1037 3151 et
1052 3103 1133 3168 tecte
1151 3088 1234 3149 Oro-

92 3202 150 3261 pum
162 3179 309 3240 innuebat
354 3177 432 3239 Cum
449 3198 522 3238 vero
540 3191 666 3259 propter
683 3179 758 3238 baec
777 3176 999 3249 celebraretur,
1028 3197 1097 3237 cum
1116 3188 1148 3250 ct
1165 3195 1233 3234 ora-

91 3277 134 3324 tor
152 3265 272 3345 optimus
300 3278 331 3324 et
355 3266 401 3326 vir
426 3263 608 3323 admirabilis
635 3263 814 3324 haberetur:
849 3261 1006 3323 descendit
1032 3282 1140 3344 magna
1164 3280 1234 3320 curn

91 3348 228 3411 maiestate.
272 3351 342 3433 Ego
359 3371 432 3411 vero
451 3349 638 3423 assurrexi,
659 3362 691 3409 et
708 3370 741 3409 ea
761 3350 901 3432 ignorare
920 3369 968 3407 me
988 3345 1059 3419 dixi,
1078 3355 1234 3406 eteorum

93 3429 300 3514 aliquid'dicere
318 3459 386 3496 sum
405 3447 549 3508 conatus,
576 3455 652 3513 quac
671 3435 708 3494 ad
727 3446 864 3494 senatum
882 3433 1060 3509 retuleram:
1080 3430 1140 3490 'ibi
1159 3430 1236 3490 alter
1290 3488 1296 3501 x

92 3517 162 3594 hinc,
176 3522 249 3582 alter
265 3520 351 3580 illinc
368 3522 527 3593 assistens,
553 3519 610 3578 iste
629 3532 660 3579 et
676 3519 879 3600 Philocrates,
899 3517 1070 3591 clamitare,
1087 3515 1234 3575 intertur-

89 3601 159 3679 bare,
184 3629 231 3667 me
249 3607 373 3667 tandem
391 3605 603 3666 subsannare:
625 3625 679 3666 vos
696 3619 769 3669 tum
779 3606 894 3677 ridere,
926 3617 992 3664 tum
1010 3621 1111 3682 neque
1129 3600 1235 3661 audire

88 3689 159 3765 velle,
174 3713 274 3773 neque
295 3693 417 3752 credere
436 3705 525 3773 posse
544 3690 611 3765 alia,
630 3713 719 3771 quam
738 3712 815 3772 quae
833 3691 890 3751 iste
909 3688 1106 3749 renuntiarat.
1132 3686 1235 3766 Atque
1263 3757 1265 3765 x

87 3771 138 3857 (ita
152 3798 196 3838 me
215 3779 258 3839 dii
277 3778 355 3838 bene
373 3775 496 3858 ament)
522 3775 602 3835 baud
627 3777 663 3836 ab
687 3796 720 3852 re
745 3776 832 3837 vobis
857 3776 888 3835 id
913 3774 1048 3835 accidere
1067 3771 1236 3833 videbatur.
1301 3790 1304 3794 ⁴

88 3859 150 3934 Quis
168 3864 255 3939 enim,
274 3877 357 3924 tanta
369 3876 400 3924 et
417 3877 465 3923 tot
484 3861 619 3921 oblatum
631 3855 763 3922 iri'hona
781 3839 963 3934 existimbns,
979 3859 1075 3918 ferret
1093 3856 1236 3941 aliquem,

77 3945 131 4026 ‚qni
146 3962 193 4009 aut·
210 3971 244 4009 ea
262 3950 345 4010 nulla
363 3949 429 4009 fore
446 3947 572 4019 diceret,
590 3960 642 4007 aut
657 3961 721 4008 acta
738 3948 866 4008 istorum
882 3942 1054 4007 accusaret?
1073 3940 1149 4001 Nain
1169 3940 1241 4002 eae-'
1260 3955 1323 4013 222

85 4042 139 4092 tera
154 4035 252 4095 omnia
270 4035 413 4096 nimirum
430 4048 496 4094 tum
514 4031 640 4092 minoris
660 4045 745 4094 erant
757 4054 829 4113 prae
849 4030 983 4092 excitatis
1002 4026 1237 4108 exspectationi-

85 4114 133 4179 bus
150 4131 178 4179 et
194 4142 263 4202 spe:
300 4121 353 4200 qui
371 4119 613 4201 refragabantur,
642 4117 806 4178 obturbare
825 4117 891 4177 siue
910 4135 997 4176 causa
1017 4126 1047 4173 et
1066 4113 1238 4174 obtrectare
1316 4156 1322 4165 κ

84 4201 265 4266 videbantur:
299 4206 350 4265 illa
367 4225 439 4267 vero
458 4224 603 4286 perquam
622 4203 839 4264 admirabiliter
855 4215 946 4281 atque
961 4198 1083 4271 'utiliter
1100 4197 1238 4258 confecia

87 4306 142 4350 esse
158 4290 342 4372 putabantur
359 4291 479 4352 civitati
523 4291 592 4364 Qua
615 4289 710 4372 igitur
729 4288 824 4375 gratia
841 4284 1022 4349 vobistaec
1039 4284 1138 4367 primo
1158 4304 1240 4343 nunc
1279 4325 1281 4329 -

86 4371 113 4434 in
128 4378 298 4438 memoriam
310 4376 437 4460 redegi,
452 4387 487 4449 ,et
502 4375 643 4435 recensui
661 4374 715 4434 has
733 4369 998 4433 orationesi'Una
1016 4370 1055 4431 de
1074 4386 1172 4445 eausa,
1191 4387 1240 4425 ea-

963 4454 1041 4532 ll*
