2722 4754
108 138 184 254 aab
254 248 257 254 ,
410 133 790 270 DEMOSTHENlS
805 168 997 248 ORATIO

121 347 334 426 deponamtur,
352 353 393 401 ut
411 340 469 400 sibi
486 351 559 398 nota
577 339 639 400 sint
665 362 793 421 expensa
813 352 844 399 et
861 353 982 422 accepta
1000 342 1032 400 in
1050 322 1240 403 rationibus
1226 364 1310 415 ιιι-ι

109 430 262 499 ¹ferendis
280 417 442 485 Socratide
454 437 610 504 praetore,
629 447 731 485 mense
750 425 875 499 Martio,
894 426 985 503 altera
1004 427 1197 509 navigatione
1215 438 1288 508 pto-

59 540 62 549 ‘
121 517 255 575 fecturus
273 509 451 572 Timotheus
471 521 502 568 ct
519 510 577 568 iam
589 509 757 569 soluturus
777 530 792 568 e
811 510 968 583 Piraeeo,
981 532 1048 571 cum
1067 513 1215 591 ampliore
1226 531 1288 611 ⁸pe-

47 656 51 661 .
121 599 208 659 ciarria
227 596 387 675 indigeret,
405 592 530 653 accessit
549 596 585 661 ad
604 609 838 675 patremmeum
858 597 889 654 in
908 595 998 675 portu
1018 609 1048 655 et
1065 610 1206 655 mutuare
1225 597 1289 656 ius-

102 683 160 742 sit
178 680 331 739 drachmas
351 679 433 737 mille
451 691 600 738 trecentas
620 680 843 764 quinquaginta
856 703 962 754 unam,
981 681 1057 739 duos
1076 681 1188 740 obolos
1206 679 1290 763 (tan-

59 811 62 818 .
119 780 184 826 tum
204 765 262 822 sibi
275 750 356 845 ιιιιιιε
376 785 440 822 esse
459 761 594 846 aiebat),
615 778 645 824 et
663 765 733 823 dare
750 761 949 842 Antimacho,
962 765 1122 865 quaestori
1140 786 1216 838 suo,
1236 766 1290 845 qui

119 864 184 911 tum
203 850 290 909 istius
310 849 409 920 omnia
428 849 560 908 curabat.
595 847 726 928 Atque
716 873 741 908 rs
747 848 913 948 quidem,
918 851 971 930 qui
988 851 1148 930 pecuniam
1168 871 1184 908 a
1202 863 1289 930 patre

59 992 65 999 ,
119 955 188 994 meo
205 932 403 1009 mutuaretur,
421 933 599 992 Timotheus
613 946 685 1008 erat,
704 933 818 1033 quique
831 923 961 1006 iuberet,
978 935 1175 1006 Antimacho,
1195 955 1291 1018 quae-

119 1019 195 1080 stori
214 1041 288 1091 suo,
315 1017 393 1077 dari.
422 1017 565 1097 quivero
592 1019 672 1078 illam
697 1018 734 1078 de
753 1041 858 1081 mensa
877 1043 892 1079 a
910 1009 1097 1078 Phormione
1125 1019 1312 1118 acciperet,

119 1104 325 1175 Autonon'urs,
344 1102 396 1180 qui
416 1102 655 1202 omnitempore
672 1102 865 1164 Antimacho
874 1096 1081 1187 scriptitabat.
1096 1102 1203 1164 Data
1194 1103 1291 1186 igitur

87 1205 90 1211 '
120 1211 154 1249 ea
173 1189 310 1288 pecunia,
322 1184 526 1246 debitorem
511 1187 679 1287 inscripsit,
698 1195 776 1259 eum,
796 1189 848 1268 qui
855 1195 1004 1249 mutuare
1023 1174 1163 1261 iusserat,
1181 1189 1289 1247 'simo-

35 1281 96 1336 252
119 1259 267 1335 theuma‘
259 1294 290 1331 ιιι
304 1272 559 1331 commentarium
578 1273 667 1331 etiam
685 1263 807 1346 retulit,
827 1297 875 1362 cur
867 1275 991 1334 ''dare
982 1288 1128 1347 iusserat,
1146 1273 1289 1333 Antima-

80 1359 225 1430 cltum,
245 1369 293 1430 ct,
319 1377 410 1435 quem
429 1357 633 1417 Antimachus
644 1358 766 1418 miserat
784 1357 863 1418 ad
840 1381 990 1432 mensam,
1008 1371 1043 1417 ut
1061 1352 1190 1426 eandem
1208 1357 1289 1419 acci-

94 1455 231 1528 peret,
248 1441 495 1515 Autonomum,
502 1442 585 1528 mille
600 1456 749 1503 trecentas
776 1444 930 1504 drachmas
956 1436 1176 1528 quinquaginta
1195 1463 1288 1506 unam

120 1543 150 1589 et
169 1522 245 1586 duos
264 1525 380 1585 obolos.
403 1510 566 1585 Primum
557 1516 651 1608 agitur
669 1528 816 1602 debiturn,
826 1530 930 1613 ιιιιοιι
935 1528 1005 1588 hinc
1024 1529 1156 1600 solvens,
1176 1549 1286 1587 secun-

62 1615 204 1686 dnm
210 1609 383 1692 imperatur,
401 1611 525 1691 accepit,
544 1617 660 1671 tantum
679 1612 743 1671 fuit.
762 1596 849 1671 Cuni-
842 1635 924 1673 -vero
943 1627 1043 1673 vestro
1056 1612 1237 1694 suffragio'
1228 1633 1286 1670 rm-.

114 1693 320 1780 probarethr,
342 1695 425 1773 quod
442 1694 690 1777 Peloponnesum
709 1697 802 1757 classe
820 1697 882 1757 no'n
902 1699 1042 1772 obiisset,
1061 1710 1092 1757 et
1111 1699 1148 1756 ad
1168 1717 1285 1756 causam

51 1785 197 1864 apud
213 1781 362 1863 populum
380 1780 539 1840 dicendam
557 1796 734 1882 vocaretur,
757 1783 885 1842 maximo
905 1784 1029 1843 crimine
1047 1805 1137 1856 reus,
1165 1796 1196 1841 et
1215 1803 1285 1840 eum

109 1866 307 1928 Callistratus
315 1879 417 1945 atque
435 1866 684 1945 Iphicrates,'t1ri
699 1879 730 1926 et
744 1868 835 1939 rebus
855 1857 947 1948 gestis
963 1881 993 1928 et
1007 1861 1184 1952 eloquentia
1196 1887 1283 1947 prae·
1298 1918 1302 1922 .

117 1967 248 2024 stantes,
267 1954 502 2034 oppugnarent
499 1951 562 2010 tta
569 1952 614 2011 illi
632 1972 703 2026 vos,
723 1965 754 2010 ct
771 1952 828 2033 ipsi
847 1965 877 2011 et
896 1974 1001 2012 eorum
1020 1953 1284 2023 adlocat1,accu·

52 2025 59 2040 ’
80 2108 88 2125 Ι
116 2040 210 2098 sando
230 2048 471 2108 commoverunt,
487 2049 522 2095 ut
539 2036 769 2108 Antimachum,
790 2051 979 2116 quaestorem
999 2038 1064 2098 eius
1084 2049 1115 2096 et
1131 2036 1281 2108 intimum,
1341 2110 1345 2121 Ι

90 2159 95 2163 -
115 2123 195 2185 facto
214 2144 270 2203 pro
289 2122 437 2181 concione
454 2120 585 2193 iudicio,
600 2122 807 2194 occideretis,
834 2122 1032 2188 bonis-etiam
1046 2122 1126 2181 ‘eius
1145 2120 1279 2204 publica-

112 2208 171 2279 ¹tis:
194 2208 295 2287 ipsum
313 2206 513 2279 verofistum,
538 2207 771 2287 deprecantibus
797 2207 993 2267 familiaribus
1013 2220 1043 2267 et
1061 2206 1197 2288 cognatis
1216 2206 1280 2265 eius

85 2364 89 2367 Α
116 2293 268 2382 omnibus,
286 2311 441 2390 superque
455 2291 561 2350 Alceta
580 2304 610 2351 et
627 2293 744 2362 Iasone,
761 2291 855 2354 sociis·
871 2293 988 2366 vestris,
1006 2294 1056 2352 vix
1074 2291 1295 2365 absolveretis,

98 2375 180 2438 ‘sed
187 2391 291 2437 tamen
306 2375 466 2455 imperium
486 2375 891 2458 e1,'abrogaretis.''’l'alibus
876 2378 976 2466 agitur
993 2378 1179 2450 criminibus,
1195 2388 1277 2437 tanta

46 2475 51 2491 ⁸
113 2463 218 2542 inopia
240 2461 418 2543 urgebatur.
445 2461 522 2519 Nam
548 2475 578 2521 et
600 2462 760 2521 facultates
784 2461 848 2520 eius
876 2483 981 2522 omnes
1007 2463 1166 2523 obaeratae
1184 2471 1281 2532 erant,

92 2604 96 2612 ,
115 2560 147 2607 et
164 2546 274 2610 libellis
293 2545 438 2625 appositis
461 2545 497 2604 ab
517 2546 582 2605 aliis
607 2547 796 2607 tenebantur.
830 2546 931 2647 Ager·
933 2547 1013 2606 enim
1026 2549 1063 2607 in
1073 2547 1213 2636 planitie
1232 2545 1280 2625 pi-

18 2694 23 2707 q
89 2633 205 2715 -gnori
224 2632 381 2713 oppositus
406 2642 469 2689 erat
486 2630 662 2691 Eumelidae
680 2631 759 2690 filio:
784 2643 814 2690 et
833 2632 984 2714 sexaginta
1011 2619 1206 2704 trierarchis,
1228 2629 1280 2711 qui
1312 2667 1315 2673 -

40 2720 48 2756 ³
84 2721 183 2782 ¹cum
208 2737 244 2776 eo
269 2716 457 2797 navigarant,
484 2716 617 2797 septenis
644 2717 732 2775 minis
751 2717 782 2774 in
808 2716 961 2798 singulos,
987 2740 1059 2796 quas
1089 2739 1141 2777 eos
1167 2717 1224 2776 iste
1243 2715 1279 2773 ad

26 2804 29 2818 ²
113 2803 239 2872 alendos
258 2814 361 2882 nautas
380 2800 515 2882 dilargiri
533 2805 689 2883 coe'ge'rat,
716 2801 937 2900 oppignoratae
956 2815 1042 2862 erant
1059 2803 1197 2882 reliquae
1216 2801 1309 2861 eius(
1335 2815 1338 2822 ’

115 2908 196 2966 opes.
219 2887 312 2961 Quia
330 2906 413 2958 vcro,
430 2885 537 2965 populi
554 2886 704 2968 suffragiis
723 2886 852 2944 reiectus
862 2889 1029 2966 ,septenas
1047 2887 1126 2946 illas
1132 2887 1228 2945 minas
1247 2884 1279 2942 iu

113 2972 283 3047 rationibus
296 2970 462 3030 referendis
477 2991 620 3050 expensas
634 2971 745 3030 tulerat
759 2970 857 3029 nautis
872 2972 909 3029 de
923 2971 1044 3031 militari
1057 2972 1198 3051 pecunia,
1215 2965 1286 3039 tum.

30 3060 31 3067 '
112 3058 300 3158 tantumne
320 3056 400 3114 inse
426 3056 588 3154 praefecti
595 3057 764 3115 triremium
790 3056 999 3115 testimonium
1015 3057 1164 3116 dicerent
1189 3067 1291 3136 atque¹

112 3143 178 3241 ipse
197 3140 346 3199 mendacii
364 3139 621 3213 consinceretur,
639 3154 746 3200 mutuo
764 3140 857 3199 sumit
874 3162 901 3200 a
907 3140 1035 3223 singulis
1055 3153 1194 3238 septenas
1214 3139 1278 3239 illas
1316 3190 1320 3195 .

36 3378 38 3383 ‚
78 3268 252 3393 ‘'tihellis,
258 3300 389 3368 fraudat
424 3309 593 3389 Undique
584 3309 710 3391 agitur
703 3310 925 3370 circumventus
945 3320 988 3370 et
992 3312 1025 3371 in
1042 3309 1210 3392 periculo
1199 3309 1275 3368 ritae

115 3395 252 3454 maximo
264 3392 446 3455 constitutus
465 3406 544 3466 erat,
570 3407 729 3474 propterea
748 3395 831 3473 quod
850 3394 919 3452 talia
937 3373 1126 3476 reipublicae
1142 3407 1276 3474 tempora
1340 3432 1343 3439 ·

106 3477 304 3550 inciderant,
327 3491 411 3537 utet
433 3475 799 3541 exercitusCalaurianus
813 3492 938 3558 propter
961 3480 1110 3562 stipendia
1137 3501 1201 3538 non
1228 3499 1277 3550 so-

114 3560 178 3625 lut'a
203 3563 405 3636 dilaberetur,
442 3575 472 3622 et
498 3564 573 3623 socii
598 3564 847 3643 Peloponnenses
874 3586 890 3622 a
915 3563 1162 3624 Lacedaemoniis
1196 3561 1277 3622 obsi·
1303 3561 1305 3565 ’

43 3648 67 3697 “-
110 3651 276 3710 detentor..
291 3651 363 3707 lani
388 3648 571 3746 Iphicrates
577 3659 607 3707 et
631 3644 780 3706 Callistrat
769 3661 817 3706 tus
844 3648 951 3748 istum,
983 3663 1019 3709 ut
1043 3663 1199 3708 auctorem
1225 3658 1277 3706 e'o-

39 3790 42 3794 .
113 3757 181 3794 rum
205 3735 384 3834 malorum&
405 3727 654 3796 criminabantur.
690 3733 726 3792 ad
751 3732 839 3805 haec,
875 3734 929 3812 qui
954 3734 990 3793 ab
996 3734 1149 3814 exercitu
1174 3733 1277 3791 venie-

39 3999 44 4021 l

114 3819 249 3893 bant,
240 3841 271 3877 ιιι
298 3816 477 3877 concionem
510 3816 691 3877 nuntiabant
718 3830 889 3900 urgentem
911 3820 1067 3898 penuriam
1093 3831 1123 3877 et
1147 3817 1276 3876 difficul-

87 3952 90 3956 .
113 3915 206 3963 tates.
231 3902 339 3983 partim
357 3901 447 3962 etiam
462 3923 519 3982 per
531 3902 636 3961 literas
641 3902 791 4003 quisque
817 3903 930 3962 certior
946 3904 1038 3964 fiebat
1056 3927 1072 3963 a
1091 3903 1228 3985 cognatis
1247 3913 1276 3961 et

113 3987 328 4060 familiaribus,
355 3989 509 4066 quomodo
536 3994 603 4086 ἰἰιιιι
622 3987 664 4046 eis
691 4000 856 4087 ageretur.
873 3989 960 4061 Quae
985 3990 1057 4047 dum
1075 4009 1128 4048 tos
1147 3987 1275 4067 publice

89 4070 93 4106 Ῑ
115 4073 270 4172 audiretis,
288 4071 504 4155 recordamini,
524 4060 585 4151 ιιιιο
603 4085 699 4171 pacto
710 4071 742 4131 in
761 4093 830 4132 cum
849 4073 949 4133 affecti
966 4073 1100 4140 fueritis:
1119 4095 1176 4132 nee
1195 4072 1274 4131 enim

32 4161 94 4221 253
117 4157 263 4256 ignoratis
282 4178 331 4228 ea,
357 4177 433 4235 quae
448 4141 528 4216 dlco.
563 4152 667 4215 Cum
658 4157 752 4238 rgitur
769 4159 805 4215 ad
822 4158 968 4218 iudicium
987 4159 1046 4217 huc
1063 4171 1211 4218 venturus
1230 4177 1274 4215 es·

71 4242 239 4302 settin
258 4237 395 4315 Calauria
419 4241 501 4300 mille
525 4241 678 4300 drachmas
697 4241 741 4300 ab
758 4240 821 4300 Ant
810 4242 932 4321 tiphane
948 4246 972 4302 l
974 4261 1140 4325 amprensrj,
1168 4241 1220 4321 qui
1237 4262 1272 4300 eo

52 4344 71 4367 ’ἰ
115 4322 293 4433 appellebat
313 4338 456 4406 quaestor
472 4325 613 4411 Philippi
623 4326 812 4399 navicularii,
830 4337 1001 4446 mutuatur,
1019 4348 1093 4409 quas
1111 4327 1271 4418 distribue-

739 4498 741 4503 '
803 4495 815 4523 Q
