2722 4754
17 162 22 171 ¹
229 152 901 301 -Jnovnnsusaeratus-u.
1090 156 1278 262 *an*=

69 366 172 436 bita'rac
189 358 370 420 tralatitium.
392 406 394 411 .
414 357 485 418 Duo
511 357 592 418 enim
607 356 744 418 omniuo
769 376 930 418 munerum
953 377 1065 440 genera
1086 366 1209 437 recepta
1270 344 1277 351 ’

69 448 214 529 ,untapud
240 465 314 527 noea
332 455 433 503 'unum
450 444 691 524 inquilinorum,
718 438 847 502 alterurn
866 444 914 518 id,
943 444 1026 524 quod
1050 465 1067 502 a
1092 441 1207 503 civibus

71 538 125 607 oriri
137 532 229 593 solet.
239 530 379 604 Quorum
396 529 558 610 utriusque
573 529 636 602 dari
651 540 753 610 potest
768 550 812 601 ea,
831 552 919 607 quana
937 529 995 599 iste
1011 529 1109 610 eripit,
1124 528 1226 603 bene„

17 610 19 619 ¹
72 618 157 693 meritis
176 615 357 675 immunitas.
399 614 476 673 Nam
491 615 718 694 ·quae·tributa
742 614 774 672 in
797 613 870 672 belli
894 614 1125 674 necessitatibus
1145 613 1209 672 esi-

73 721 166 800 guntor,
181 700 369 778 salutemque
386 699 572 780 reipublicae
585 700 746 759 continent
763 698 814 782 (ex
831 708 896 779 quo
909 721 1021 782 genere
1038 698 1208 761 triremium

73 787 253 861 ipsmetiones
274 783 376 865 sunt),
402 806 508 844 eornm
527 784 712 849 tributorum
730 797 815 844 recto
833 798 971 865 vetenrm
990 785 1092 866 legum
1111 797 1142 844 et
1159 784 1208 844 iu-

73 898 108 945 sto
125 872 252 937 instituto
274 869 393 929 nemini
412 871 501 929 datur
517 870 579 930 ulla
601 870 791 930 immunitas:
815 892 854 930 ne
879 870 938 929 illis'
962 871 1114 949 quidem,
1130 891 1208 950 quos

72 962 181 1048 lapines
198 955 325 1035 excepit,
345 975 380 1014 ex
396 957 555 1016 Harmodii
574 967 604 1033 et
620 952 845 1039 Aristogitonis¹
859 955 970 1016 familia
988 955 1133 1014 oriundis.
1151 955 1207 1013 Vi·
1267 1017 1288 1030 Μ

72 1057 165 1117 dranus
180 1042 290 1124 igitur,
320 1044 384 1120 'qno
405 1041 523 1124 expleat
540 1044 665 1102 munera
682 1041 750 1115 illa,
782 1041 955 1123 quibusque
972 1039 1208 1123 praebitoribus,

72 1132 237 1216 uquotnam
250 1124 302 1209 ·(si
327 1126 355 1184 ei
379 1146 443 1187 non
468 1125 750 1211 an-scultaverimus)
772 1128 815 1187 sit
837 1127 987 1193 immunes
1019 1125 1205 1202 dimissurus.

70 1212 186 1285 bilissimi
212 1211 326 1291 quique
353 1211 463 1294 igitur,
497 1233 618 1294 semper
644 1213 783 1293 occupati
808 1213 986 1274 triremibus·
1008 1209 1207 1285 instruendis,
1279 1252 1281 1257 ι

71 1307 133 1369 nulla
146 1309 283 1360 tenentur
299 1290 424 1378 parandi
442 1297 531 1358 ludos
549 1299 744 1358 necessitate:
764 1299 939 1372 tenuiores,
958 1321 1026 1360 curn
1045 1298 1082 1358 ab
1102 1296 1152 1356 eis·
1164 1296 1205 1356 ob

71 1389 173 1472 inopiam
190 1382 269 1464 exigi
286 1381 363 1442 nibil
380 1384 487 1464 possit,
504 1396 588 1443 extra
606 1384 688 1444 hunc
706 1404 867 1444 numerum
885 1398 964 1445 sunt.
981 1385 1085 1459 Quare
1104 1382 1206 1442 neutri
1285 1432 1293 1441 ,

18 1492 22 1505 “
70 1469 254 1561 propterhanc
272 1469 371 1551 legem
389 1481 501 1529 vestras
521 1491 594 1550 opes
612 1469 776 1552 augebunt.
810 1468 853 1530 At
872 1471 952 1530 enim
971 1468 1118 1550 inquilini
1131 1491 1206 1550 sup·
1262 1539 1272 1544 -

70 1561 174 1645 peditare
190 1554 282 1628 multa
301 1568 457 1638 cogentur.
474 1559 589 1639 Verum
608 1555 634 1616 si
653 1556 788 1636 quinque
807 1577 843 1617 ex
860 1556 919 1616 illis
938 1553 1207 1634 demonstraverit:

71 1657 120 1731 ego'
135 1662 186 1703 non
208 1661 333 1712 recuso,
360 1662 421 1720 quo
441 1640 541 1701 minus
560 1641 688 1701 delirare
707 1642 796 1702 dicar.
838 1646 954 1702 Verum
973 1655 1011 1703 ut
1031 1641 1206 1714 concedam,

69 1733 139 1799 aliter
149 1727 199 1786 boe
213 1745 250 1810 se¹
262 1725 374 1794 habere
393 1739 424 1786 et
441 1728 533 1810 longe
551 1727 696 1787 maiorem
715 1727 938 1807 inquilinorum
953 1734 1020 1789 e'sse
1033 1748 1206 1801 numerum,
1228 1720 1261 1745 ⁸*

70 1817 114 1899 qui
132 1815 186 1897 lege
207 1810 320 1892 perlata
343 1825 494 1894 perpetuo
518 1835 643 1873 munera
669 1812 783 1874 obituri
807 1815 884 1888 sint,
910 1836 1011 1895 neque
1035 1813 1205 1874 triremium
1240 1814 1248 1834 ⁸

67 1898 266 1963 instuctionem
286 1898 425 1976 cuiquam
444 1899 511 1959 fore
528 1899 690 1980 praesidio,
709 1921 771 1979 quo
790 1901 884 1982 magis
903 1898 1046 1960 immunis
1065 1899 1119 1959 sit:
1139 1919 1206 1982 age,
1266 1926 1270 1931 ⁹

69 1986 280 2055 consideremus,
300 2006 389 2064 quarn
407 1983 467 2043 hoc
485 1985 622 2045 sutorum
640 1985 680 2043 s'it
698 1986 898 2066 erepublica,
916 1985 941 2044 si
960 1984 992 2043 hi
1012 2004 1117 2044 omnes
1135 2006 1206 2042 mu·
1257 1991 1259 1994 ‘

68 2093 127 2133 nera
141 2069 365 2148 obibuntltane
384 2070 509 2152 dignum
528 2071 559 2130 id
578 2071 645 2144 erit,
664 2071 747 2150 quod
766 2084 851 2131 tanto
870 2071 1020 2130 dedecore
1039 2069 1205 2151 pensetur?

64 2154 294 2218 ¹Euianveronihil
313 2155 471 2215 absurdius
491 2155 563 2216 fieri
576 2168 685 2237 potest.
729 2157 824 2236 idque
843 2156 902 2216 hoc
920 2157 1014 2216 modo
1034 2155 1204 2236 expendite.

69 2246 190 2304 lnnuaes
213 2261 248 2301 ex
269 2239 441 2322 hospitibus
456 2242 527 2301 ⁴sint
552 2243 665 2324 decem·
680 2264 772 2323 sane:v
790 2249 971 2322 quamquam
998 2241 1139 2322 equidem
1157 2237 1204 2323 (id
1226 2309 1231 2319 Ι

22 2350 28 2358 ’
69 2325 228 2409 quodmodo
247 2325 399 2409 dicebam)
417 2326 553 2407 quinque
572 2335 637 2399 esse
655 2349 719 2386 non
738 2329 855 2409 opinor.
900 2325 1019 2386 Civium
1039 2339 1120 2387 certe
1138 2346 1204 2385 non
1240 2350 1244 2363 ·

69 2414 241 2493 quinquc‘aut
258 2432 311 2471 sex
327 2412 526 2493 reperientur.
556 2414 653 2496 Igitur
669 2413 1059 2493 utriquesedecimerunt.
1086 2415 1203 2479 Verum

19 2514 22 2519 ’
68 2498 154 2580 viginti
168 2511 375 2571 numerentur,
395 2511 446 2558 aut
464 2499 588 2581 triginta
608 2499 759 2573 etiam,'si
776 2500 876 2560 vultis.
903 2500 1061 2575 Quotnam
1080 2498 1204 2558 tandem

1221 2376 1290 2464 '294

69 2582 337 2662 sunt,qui1nunera
356 2585 518 2663 quotannis
535 2583 567 2644 in
586 2584 692 2644 orbem
709 2585 869 2646 redeuntia
888 2596 1011 2656 curent,
1037 2583 1100 2645 sive
1120 2583 1204 2643 aedi·
1280 2631 1284 2640 .

69 2668 119 2751 les,
139 2668 187 2729 sive
209 2668 447 2752 gymnasiarehi,
472 2671 535 2731 sive
561 2672 789 2731 convivatores?
815 2671 964 2753 Sexageni
990 2670 1126 2744 circiter,
1151 2682 1204 2739 aut
1288 2672 1295 2681 ‘

70 2754 144 2833 paulo
156 2753 243 2834 plures
262 2754 457 2815 universihi:
484 2758 526 2816 Ut
543 2757 638 2838 igitur
654 2754 779 2838 triginta
797 2755 936 2815 homines
954 2755 986 2814 in
1006 2774 1096 2813 omne
1114 2755 1204 2814 dein·
1226 2833 1233 2841 ν

69 2859 127 2918 ceps
140 2859 228 2899 aevum
246 2861 372 2901 munera
390 2840 480 2900 nobis
500 2841 626 2901 obeant:
655 2840 686 2901 id
706 2841 889 2913 efficiamus,
913 2853 1057 2909 utnemo
1075 2839 1204 2921 posthac
1266 2898 1270 2908 ,

68 2921 141 2982 fidem
154 2919 232 2983 nobis
250 2925 362 2985 habere
381 2922 478 2986 ausit?
498 2928 558 2987 Sed
576 2927 653 2986 illud
673 2926 835 2987 obscurum
854 2927 993 3006 proiecto
1013 2925 1204 2997 nemini-est,

67 3007 134 3081 sore,
154 3010 198 3088 qui
219 3032 345 3072 munera
369 3011 499 3085 obeant,
524 3011 672 3072 incolumi
690 3012 828 3085 civitate,
855 3012 925 3071 satis
944 3011 1074 3084 multos,
1101 3028 1203 3091 neque
1262 3031 1265 3034 ·

66 3091 272 3157 illorunullam
298 3098 561 3180 fore'penuriam:
590 3097 643 3178 qui
667 3111 767 3157 autem
793 3096 886 3157 vobis
904 3097 1095 3157 benefactum
1120 3096 1205 3168 velit,
1283 3133 1291 3141 -

67 3177 112 3238 ubi
124 3183 292 3262 perspexerit
317 3184 457 3243 iniuriam
483 3185 519 3243 iis
545 3184 669 3254 saetam,
695 3185 747 3264 qui
772 3184 850 3244 bene
874 3184 911 3242 de
929 3182 1084 3263 republica
1102 3178 1206 3242 meriti

61 3261 180 3339 luerunt,
195 3288 285 3327 nemo
304 3270 480 3350 reperietur.
516 3269 575 3328 Sed
596 3269 686 3328 missa
705 3269 938 3345 haeqsaciamus
958 3281 989 3326 et
1006 3267 1082 3326 illud
1100 3268 1204 3328 videa-

65 3370 131 3429 mus,
148 3352 170 3410 si
185 3355 327 3427 maxime,
347 3355 399 3435 qui
418 3355 539 3415 obirent
557 3376 698 3427 munera,
724 3356 881 3415 deessent:
907 3366 1010 3413 utrum
1022 3366 1205 3437 praestaret,
1290 3406 1292 3412 ,

45 3434 170 3503 ‚aedilitia
187 3460 316 3499 munera
335 3440 564 3514 collationibus,
591 3441 849 3521 quemadmodum
873 3440 1090 3501 instructiones
1113 3439 1204 3499 trire-
1235 3446 1243 3457 ‘

66 3519 155 3593 mium,
167 3524 249 3598 lieri,
274 3549 312 3585 an
332 3527 369 3586 de
386 3526 541 3606 republica
559 3527 638 3586 bene
656 3527 772 3587 meritis
791 3526 840 3587 illa
861 3525 953 3607 eripi,
973 3546 1049 3605 quae
1068 3526 1204 3586 dedisse-

64 3605 135 3664 mus?
147 3607 289 3689 Equidem
310 3607 385 3672 illud
406 3633 463 3694 ego
482 3613 671 3692 censuerim.⁴
680 3611 712 3670 Si
732 3612 857 3692 quidem
875 3633 966 3684 nunc,
986 3626 1052 3690 q'uo‘
1066 3623 1204 3692 tempore

63 3687 150 3751 horum
161 3697 288 3777 quisque
307 3696 439 3758 aedilitia
456 3703 582 3773 munera
601 3711 729 3771 curaret,
742 3698 807 3773 ,iltis
826 3697 955 3773 cessatio
973 3708 1091 3756 tanturn
1111 3717 1203 3776 quae-

63 3773 116 3835 dam
130 3782 350 3856 concederetur,
368 3795 439 3864 post
456 3797 572 3844 sumtus
590 3805 646 3865 pro
664 3785 825 3864 secuique
843 3776 940 3843 nihilo
957 3783 1090 3842 minores
1106 3783 1203 3842 lactu·
1221 3778 1230 3839 ’.

62 3858 101 3919 ris.
115 3861 180 3923 Tum
191 3888 275 3942 vcro,
290 3891 379 3948 parva
396 3870 541 3930 duntaxat
552 3869 715 3930 collatione
727 3892 743 3930 a
754 3869 882 3952 singulis
900 3870 938 3929 de
952 3890 986 3928 re
998 3891 1051 3927 sua
1064 3866 1204 3925 familiari

61 3943 144 4035 sach„
154 3973 241 4012 nemo
261 3968 322 4031 est,
348 3954 400 4035 qui
420 3956 589 4016 onerariae
609 3956 717 4017 merito
737 3968 934 4035 quereretur,
960 3953 1151 4034 quantumvis
1169 3973 1203 4011 ro

32 4120 36 4125 .
61 4033 130 4091 tenui
145 4052 229 4115 esset.
270 4040 449 4113 Enimvero,
466 4040 691 4113 Athenienses,
709 4053 792 4117 tanta
810 4053 857 4103 est
874 4038 1065 4121 quorundam
1084 4037 1205 4123 incogi-

61 4117 148 4194 tantia,
164 4137 201 4183 ut
215 4124 306 4198 haee,
325 4147 409 4204 quae·
421 4126 566 4202 diximus,
584 4126 683 4187 surdis
702 4126 786 4187 velut
803 4125 1153 4205 auribus'praetereant,
1172 4135 1204 4184 et

60 4189 104 4261 alia
118 4209 213 4268 nescio
233 4231 308 4290 quae
326 4211 487 4272 inculcent.
529 4212 752 4274 Perabsurdum
769 4209 943 4295 (inquiunt)
960 4209 1062 4283 fuerit,
1081 4229 1204 4310 ¹¹¹²gf¹³⁵
1261 4219 1265 4226 ’

40 4293 112 4347 ‘esse
126 4291 341 4356 immunitatum
360 4297 437 4357 male
455 4310 542 4378 parto
566 4298 718 4358 beneficio
743 4299 930 4378 privatorum
950 4317 1022 4378 opes
1042 4307 1074 4355 et
1090 4304 1203 4376 copias,

47 4376 155 4438 nerano
170 4379 315 4459 exhausto
334 4396 367 4444 et
381 4404 484 4445 vacuo.
502 4387 617 4447 Verum
634 4396 799 4463 equusque
817 4382 878 4443 boc
888 4382 977 4445 nulla
995 4402 1063 4443 cum
1082 4379 1202 4459 ratione
