2722 4754
381 242 384 247 Λ
453 172 503 238 ιιι
537 148 789 239 ιιιιοίιιιι
823 174 930 251 ιιι
953 174 958 179 ’
1137 136 1251 259 >ἰιι
1322 249 1326 270 ,

64 337 204 412 (quisse.
224 331 315 417 lude
333 303 434 392 autem
452 329 640 411 auspicabor,
656 329 739 388 unde
758 341 789 389 et
807 329 894 390 vobis
912 329 1033 411 assequi
1023 329 1251 407 facillimeet

64 419 161 496 mihi
178 434 297 475 cansam
317 436 439 475 omnem
458 435 607 495 exponere
627 413 784 474 celerrime
801 414 912 476 licebit
946 416 1024 498 Ego,
1042 417 1170 493 ludices,
1187 419 1251 481 De

67 501 188 578 moni,
212 499 439 580 Demophonti,
463 498 666 599 Therippidae
685 512 716 558 et
732 497 784 557 isti
800 500 879 559 male
896 500 1119 564 administratae
1137 503 1250 563 tutelae

69 590 230 685 iudicium
250 585 377 660 dictavi,
390 585 488 644 omni
496 585 682 665 patrimonio
690 583 850 664 apellatus
885 585 1018 645 Actione
1037 601 1136 648 autem
1154 589 1250 669 prima
1296 594 1301 601 “
1340 587 1348 591 ’

41 732 45 745 ,
71 687 188 743 contra
206 671 298 730 istum
317 668 455 729 instituta
473 669 623 761 iudicibus
640 669 737 748 palam
757 668 894 741 ostendi,
922 673 1176 770 quemadmodum
1194 695 1249 735 vo,—

75 765 125 827 bis
158 756 262 817 etiam
270 755 446 827 ostendam,
472 775 593 814 omnem
617 774 682 819 rem
705 753 795 812 nobis
809 752 989 826 relictam
980 767 1071 815 ustum
1096 780 1164 825 cum
1188 758 1252 821 illis

76 837 280 942 surripuisse
284 838 389 911 nobis,
408 858 471 899 non
489 838 645 918 productis
663 838 733 897 ullis
751 837 832 896 falsis
850 811 986 897 lestibus
1014 835 1111 899 Cuius
1126 863 1172 901 rea
1163 843 1250 911 'boe

75 927 246 993 maximum
262 928 474 1022 argumentum
489 936 550 996 est,
569 923 669 1001 quod,
688 922 767 987 dicta
784 922 908 983 testium
926 943 1016 1002 quam
1033 925 1161 1025 plurima
1180 948 1248 986 cum

74 1016 111 1076 de
137 1011 260 1096 scripto
271 1008 395 1067 recitata
414 1006 515 1066 omnia
532 1008 610 1080 sint,
636 1027 773 1086 quorum¹
785 1006 852 1079 alii,
877 1027 977 1066 meum
996 1008 1136 1089 aliquid
1127 1011 1180 1071 asti
1191 1013 1247 1094 da,-

49 1110 52 1115 ’
71 1111 167 1170 tum,
182 1089 274 1169 alii,
261 1113 294 1153 se
312 1091 522 1172 praesentibus
540 1113 610 1151 eum
628 1092 794 1173 accepisse,
813 1091 873 1163 alii,
891 1113 924 1151 se
942 1091 1057 1153 abesto
1078 1094 1195 1154 emisse
1203 1095 1247 1153 ei·
1253 1122 1257 1138 ι

68 1203 146 1261 qaae
162 1162 320 1239 tradidisse
337 1178 467 1257 pretium
487 1177 686 1248 affirmarent,
721 1177 839 1239 nullum
857 1176 996 1244 falsitatis
1008 1178 1123 1280 arguit
1130 1193 1182 1239 aut
1198 1200 1247 1238 ac·
1258 1209 1259 1212 ¹
1285 1240 1288 1251 ,

62 1284 188 1327 eusare
205 1284 296 1323 ausus
316 1275 375 1321 est:
399 1262 454 1321 sed
472 1262 530 1319 boc
557 1261 655 1338 solnm
682 1261 825 1340 arripuit,
850 1261 881 1318 in
900 1282 973 1361 quo·
989 1283 1047 1321 nec
1069 1264 1160 1322 unius
1179 1265 1247 1323 dra

58 1349 192 1419 eltnae
201 1348 269 1417 fieri
282 1346 469 1407 mentionem
481 1346 578 1425 possit
596 1345 765 1417 ostendere
784 1344 880 1423 Atqui
897 1345 1139 1415 aestimationem
1153 1370 1247 1428 pecu·
1251 1334 1254 1345 ’
1323 1420 1329 1428 ι

51 1433 169 1506 nine,
193 1449 252 1511 qua
269 1424 424 1491 fraudatus
443 1452 526 1502 sum,
554 1451 618 1489 non
637 1450 672 1488 ex
690 1415 748 1488 boc
768 1427 878 1510 collegi
897 1441 928 1488 et
945 1432 1116 1511 computavi
1133 1445 1245 1492 tantam

45 1512 155 1600 (nec
169 1516 249 1577 enim
265 1530 424 1597 argentum
440 1512 605 1597 continet):
624 1515 678 1573 sed
694 1534 730 1573 ex
744 1513 804 1572 illis
821 1513 939 1594 singula
954 1515 1154 1576 ratiocinatus
1169 1540 1248 1591 sum,

41 1602 205 1676 quibua
212 1600 269 1660 iste
288 1601 406 1661 nullum
425 1600 538 1659 crimen
557 1597 690 1679 impegit
709 1598 832 1677 Quibus
848 1599 939 1658 rebus
957 1599 1047 1660 etiam
1062 1600 1174 1661 factum
1191 1616 1262 1674 est,
1299 1608 1305 1617 ‘

41 1695 104 1743 ut
129 1731 139 1761 ,
156 1685 295 1766 quitum
309 1706 373 1743 rem
392 1696 614 1766 cognoverant,
640 1704 704 1742 non
722 1682 820 1741 solum
840 1703 909 1741 eum
928 1684 1174 1785 condemnarint,
1192 1687 1246 1746 sed

41 1762 170 1833 item
187 1769 275 1838 etiam
293 1770 370 1829 tanti
388 1768 589 1840 aestimarim,
608 1779 754 1846 quantum
773 1766 805 1825 in
823 1768 942 1827 actione
961 1766 1161 1850 perscriptum
1179 1771 1246 1830 sue
1258 1809 1263 1812 -
1301 1832 1306 1837 ,

41 1869 139 1920 'at
162 1853 393 1939 Quamobrem
384 1855 479 1936 agitur
497 1853 546 1912 illa
564 1853 739 1911 testimonia
755 1852 922 1931 praeteriit,
940 1852 998 1912 boc
1016 1855 1160 1935 arripuit?
1175 1856 1245 1937 Ego

42 1936 115 1998 d
135 1959 255 2021 quoque
273 1939 400 1999 docebo
430 1937 571 2010 Videbat,
589 1957 788 2025 quaecunque
806 1937 986 1996 testimonia
998 1938 1157 2038 pecuniam
1176 1959 1245 2029 euna

41 2025 195 2085 tabere
212 2023 388 2106 arguebant,
413 2043 444 2085 se
463 2032 528 2082 etam
546 2020 658 2080 babere
676 2019 760 2080 tanto
780 2017 874 2102 magis
894 2021 1066 2081 convictum
1083 2023 1131 2095 iri,
1150 2018 1245 2102 qu'an

41 2122 113 2166 ο
132 2108 279 2188 prolixius
299 2107 421 2189 singula
435 2106 534 2187 verbis
557 2105 757 2204 agitarentur.
784 2106 816 2164 ld
837 2106 920 2183 quod
938 2106 1058 2171 actione
1076 2119 1183 2166 contra
1196 2121 1245 2169 te-
1329 2108 1333 2116 “

41 2201 141 2253 ²ies
167 2193 307 2253 instituta
330 2193 466 2267 iuuprum
491 2203 562 2250 erat.
594 2190 690 2264 Quod
708 2188 788 2248 enim
806 2202 880 2248 tunc
899 2188 1007 2270 exigua
1029 2192 1125 2250 totius
1147 2191 1245 2259 nostri
1277 2209 1281 2213 ’

41 2278 228 2367 {emporis
251 2288 335 2356 parte
360 2275 440 2335 inter
458 2288 573 2334 caetera
590 2295 849 2334 accusaveramus:
877 2273 914 2332 id
927 2287 992 2333 tum
1015 2288 1083 2334 toto
1107 2288 1261 2356 tempore.
1306 2345 1312 2353 ἢ

41 2361 181 2422 :olunt
199 2383 255 2441 per
278 2381 311 2420 se
335 2359 509 2440 explicaturi
534 2379 659 2418 eramus.
672 2356 814 2433 Quodsi
837 2378 1018 2437 responsum
1036 2358 1246 2439 improbasset,
1305 2412 1309 2420 ,

41 2446 223 2523 putabat,
241 2445 496 2524 quemadmodum
514 2457 580 2503 tum
597 2442 753 2503 confessus
773 2455 866 2515 esset,
884 2441 928 2501 sic
946 2463 978 2501 se
998 2444 1100 2503 denuo
1118 2457 1245 2526 negatu—
1251 2512 1259 2521 x

41 2547 163 2607 runa:
188 2529 262 2589 hoc
269 2550 346 2592 vero
372 2550 465 2608 penes
491 2548 523 2587 se
545 2527 619 2587 sore.
655 2526 854 2606 Proptereai
876 2527 939 2586 ilur
962 2527 1021 2588 boc
1044 2528 1246 2609 persequitur
1325 2526 1354 2541 ''

41 2615 188 2691 (Quod
203 2634 267 2673 esse
292 2635 396 2672 verum
421 2611 628 2672 testimonium
648 2611 808 2671 evidenter
820 2549 906 2670 vuius
933 2612 1078 2672 omnibus
1099 2611 1255 2694 probabo,
1321 2632 1349 2649 ··

45 2718 147 2759 laon
164 2698 367 2773 coniecturis,
391 2717 492 2775 neque
517 2696 695 2755 ratiunculis
720 2684 809 2764 huius
828 2688 1001 2776 temporis
992 2718 1081 2756 eausa
1096 2697 1246 2769 confictis,

65 2784 137 2843 sed
164 2803 218 2856 ee,
244 2783 327 2861 quod
345 2782 431 2841 vobis
451 2781 608 2851 omnibus,
633 2793 669 2839 ιιι
692 2800 750 2861 ego
773 2779 957 2852 arbitror,
948 2788 1071 2841 rustum'
1085 2781 1247 2842 videbitur

66 2869 179 2947 idque
196 2868 315 2937 audite,
341 2879 371 2925 et
388 2865 527 2925 iudicate
560 2865 642 2946 Ego,
666 2858 801 2936 Iudices,
826 2886 894 2923 cum
911 2885 979 2941 non
993 2864 1205 2953 ignorarem,
1208 2867 1254 2926 de

68 2951 259 3032 testimonio
278 2950 310 3008 in
328 2950 438 3009 tabella
456 2949 568 3029 scripto
587 2947 662 3007 milri
680 2961 831 3008 certamen
851 2959 926 3020 etse,
935 2934 1046 3030 deque
1066 2971 1102 3011 eo
1122 2965 1246 3010 senten·
1272 2956 1314 3013 24

77 3036 153 3096 tiam
177 3056 232 3096 vos
257 3036 371 3096 laturos
396 3035 517 3094 scirem:
545 3033 620 3092 nihil
645 3035 898 3094 antevertendum
925 3054 998 3094 esse.
1016 3035 1117 3108 duxi,
1128 3036 1190 3095 nisi
1211 3048 1247 3095 ιιι

83 3121 174 3180 istum
192 3138 388 3201 provocarem
407 3134 497 3197 atque
515 3136 680 3199 arguerem
714 3118 756 3177 Et
772 3116 845 3195 quid
863 3118 963 3178 lucio?
980 3121 1019 3178 In
1038 3121 1255 3200 quaestionem‘

85 3227 113 3265 er
129 3225 259 3286 puerum
278 3206 347 3264 dare
365 3205 516 3264 literatum
535 3201 635 3274 volui,
664 3224 717 3280 qur
708 3201 889 3274 adfuerat,
918 3225 987 3261 cum
1006 3203 1106 3265 haec
1097 3219 1153 3264 uste
1173 3228 1246 3265 con-

84 3290 239 3364 literetur,
256 3302 286 3348 et
302 3280 512 3349 testimonium
530 3287 705 3366 scripserat,
724 3285 800 3345 nihil
818 3307 832 3343 a
852 3285 942 3345 nobis
961 3288 1036 3347 mala
1054 3289 1114 3347 fide
1131 3311 1246 3370 perque

43 3398 60 3406 ·
84 3373 220 3433 fraudem
238 3395 327 3455 agere
346 3374 461 3445 iussus,
484 3392 584 3451 neque
602 3370 684 3431 aliud
702 3369 851 3440 scribere,
871 3370 952 3441 alind
971 3372 1111 3432 omittere
1130 3395 1247 3448 eornm,

85 3470 160 3541 quae
179 3459 237 3518 iste
257 3458 302 3516 his
323 3459 359 3517 de
377 3458 468 3516 rebus
479 3453 618 3527 dixerat,
636 3455 689 3519 sed
707 3412 894 3540 simpliciler
905 3455 1016 3527 omnia,
1034 3478 1110 3556 quae
1128 3479 1198 3517 vera
1217 3470 1247 3517 et

86 3543 146 3603 ab
136 3555 197 3614 usto
219 3542 298 3603 dicta
315 3555 432 3614 essent,
459 3554 612 3601 annotare.
648 3539 712 3616 Qui
734 3559 807 3601 vero
831 3534 939 3599 melius
957 3540 1059 3639 potuit
1076 3562 1165 3620 quam
1183 3555 1247 3601 tor·
1294 3548 1326 3571 ‘·'

65 3629 205 3708 ,quendo
224 3649 320 3728 puero
339 3626 496 3689 mendacia
514 3637 617 3686 nostra
632 3625 790 3691 refutare?
804 3623 864 3683 Sed
884 3625 1035 3684 omnium
1032 3625 1152 3706 optime
1171 3626 1247 3685 scie-
1301 3688 1304 3693 ,
1331 3666 1335 3675 =

86 3712 143 3787 bat,
160 3713 372 3775 testimonium
390 3732 454 3788 esse
472 3732 588 3784 verum,
607 3722 638 3772 et
654 3710 725 3771 ideo
743 3709 953 3790 quaestionem
971 3709 1114 3791 fugiebat
1138 3710 1247 3790 Neque
1278 3773 1286 3783 ,

86 3796 154 3859 vero
171 3819 253 3859 unus
264 3811 363 3877 atque
381 3797 458 3856 alter
475 3795 564 3856 huius
582 3795 628 3855 rei
648 3795 764 3856 conscii
781 3796 922 3868 suerunt,
940 3806 1040 3873 neque
1059 3795 1115 3859 sul>
1134 3795 1195 3869 ala,
1211 3809 1247 3856 ut

88 3883 212 3957 dicitnr,
246 3882 423 3962 provocatio
441 3882 517 3942 facta
536 3895 597 3943 est:
632 3880 736 3951 sedin
755 3879 856 3943 medio
874 3880 943 3940 soro
961 3901 1132 3962 magnaque
1148 3880 1247 3941 horni-
1333 3929 1338 3941 .

64 3967 353 4048 -fnum‘irequentia
387 3966 439 4027 Ac
451 3987 525 4027 voca
542 3964 617 4027 mihi
635 3965 745 4027 borum
763 3977 865 4025 testes.
882 3974 884 3979 '

532 4117 768 4185 rueres.
776 4088 829 4178 ’
910 4144 912 4148 -
982 4082 986 4090 ’

166 4225 223 4285 Est
245 4178 360 4285 lautem
374 4222 435 4287 iate.
457 4221 537 4285 adeo
558 4220 699 4293 callidus,
725 4232 756 4283 et
779 4172 992 4300 usqueadeo,
1019 4219 1099 4301 quid
1117 4187 1247 4300 aequum
1304 4246 1330 4295 g

81 4309 131 4386 ait,
148 4309 322 4391 intelligere
341 4319 373 4371 ιι
391 4309 429 4369 de
447 4306 595 4369 industria
613 4306 797 4387 dissimulat,
816 4318 860 4380 ut,
879 4314 1059 4385 quamquam
1076 4305 1145 4367 salsi
1161 4306 1247 4367 testi
