<?xml version="1.0" encoding="UTF-8"?>
<!DOCTYPE html PUBLIC "-//W3C//DTD XHTML 1.0 Transitional//EN"
    "http://www.w3.org/TR/xhtml1/DTD/xhtml1-transitional.dtd">
<html xmlns="http://www.w3.org/1999/xhtml" xml:lang="en" lang="en">
 <head>
  <title>
</title>
<meta http-equiv="Content-Type" content="text/html;charset=utf-8" />
  <meta name='ocr-system' content='tesseract 3.04.00' />
  <meta name='ocr-capabilities' content='ocr_page ocr_carea ocr_par ocr_line ocrx_word'/>
</head>
<body>
  <div class='ocr_page' id='page_1' title='image "./demosthenisquae04schgoog_0697.png"; bbox 0 0 2722 4754; ppageno 0'>
   <div class='ocr_carea' id='block_1_1' title="bbox 37 137 1039 291">
    <p class='ocr_par' dir='ltr' id='par_1_1' title="bbox 37 137 1039 291">
     <span class='ocr_line' id='line_1_1' title="bbox 37 137 1039 291; baseline 0 -37"><span class='ocrx_word' id='word_1_1' title='bbox 37 151 43 158; x_wconf 44' lang='lat'><strong><em>‘</em></strong></span> <span class='ocrx_word' id='word_1_2' title='bbox 157 181 249 255; x_wconf 69' lang='lat' dir='ltr'><strong>ssa⁴</strong></span> <span class='ocrx_word' id='word_1_3' title='bbox 503 269 516 280; x_wconf 16' lang='grc' dir='ltr'><strong>,Ι</strong></span> <span class='ocrx_word' id='word_1_4' title='bbox 556 189 919 283; x_wconf 73' lang='lat' dir='ltr'><strong>Ds-Mos&#39;rususs</strong></span> <span class='ocrx_word' id='word_1_5' title='bbox 976 137 1039 291; x_wconf 18' lang='grc' dir='ltr'><strong> ,</strong></span> 
     </span>
    </p>
   </div>
   <div class='ocr_carea' id='block_1_2' title="bbox 43 327 1359 4406">
    <p class='ocr_par' dir='ltr' id='par_1_2' title="bbox 43 327 1359 4406">
     <span class='ocr_line' id='line_1_2' title="bbox 155 327 1325 429; baseline 0 -21"><span class='ocrx_word' id='word_1_6' title='bbox 155 347 251 408; x_wconf 84' lang='lat' dir='ltr'><strong>multa</strong></span> <span class='ocrx_word' id='word_1_7' title='bbox 269 346 350 406; x_wconf 90' lang='lat' dir='ltr'><strong>enim</strong></span> <span class='ocrx_word' id='word_1_8' title='bbox 369 365 423 407; x_wconf 80' lang='lat' dir='ltr'><strong>vos</strong></span> <span class='ocrx_word' id='word_1_9' title='bbox 441 355 511 405; x_wconf 89' lang='lat' dir='ltr'><strong>ante</strong></span> <span class='ocrx_word' id='word_1_10' title='bbox 528 366 593 405; x_wconf 87' lang='lat' dir='ltr'><strong>rem</strong></span> <span class='ocrx_word' id='word_1_11' title='bbox 612 344 894 429; x_wconf 77' lang='lat' dir='ltr'><strong>eogbitamsoletis</strong></span> <span class='ocrx_word' id='word_1_12' title='bbox 910 327 1112 428; x_wconf 73' lang='lat' dir='ltr'><strong>interpellare.</strong></span> <span class='ocrx_word' id='word_1_13' title='bbox 1149 340 1201 409; x_wconf 71' lang='lat' dir='ltr'><strong>Ac&#39;</strong></span> <span class='ocrx_word' id='word_1_14' title='bbox 1214 351 1325 410; x_wconf 86' lang='lat' dir='ltr'><strong>dicenti</strong></span> 
     </span>
     <span class='ocr_line' id='line_1_3' title="bbox 67 430 1324 515; baseline -0.002 -20"><span class='ocrx_word' id='word_1_15' title='bbox 67 496 75 509; x_wconf 11' lang='grc' dir='ltr'><strong>,Α</strong></span> <span class='ocrx_word' id='word_1_16' title='bbox 155 433 244 495; x_wconf 76' lang='lat' dir='ltr'><strong>facile</strong></span> <span class='ocrx_word' id='word_1_17' title='bbox 262 444 336 505; x_wconf 76' lang='lat' dir='ltr'><strong>est,</strong></span> <span class='ocrx_word' id='word_1_18' title='bbox 353 430 427 510; x_wconf 89' lang='lat' dir='ltr'><strong>quid</strong></span> <span class='ocrx_word' id='word_1_19' title='bbox 445 430 561 504; x_wconf 80' lang='lat' dir='ltr'><strong>velitis,</strong></span> <span class='ocrx_word' id='word_1_20' title='bbox 590 432 828 498; x_wconf 83' lang='lat' dir='ltr'><strong>animadvertere</strong></span> <span class='ocrx_word' id='word_1_21' title='bbox 838 448 851 506; x_wconf 77' lang='lat'><strong>,²</strong></span> <span class='ocrx_word' id='word_1_22' title='bbox 875 433 1019 512; x_wconf 88' lang='lat' dir='ltr'><strong>quodque</strong></span> <span class='ocrx_word' id='word_1_23' title='bbox 1038 434 1217 515; x_wconf 88' lang='lat' dir='ltr'><strong>ignoratur,</strong></span> <span class='ocrx_word' id='word_1_24' title='bbox 1246 448 1324 495; x_wconf 90' lang='lat' dir='ltr'><strong>recte</strong></span> 
     </span>
     <span class='ocr_line' id='line_1_4' title="bbox 158 515 1325 599; baseline 0.002 -21"><span class='ocrx_word' id='word_1_25' title='bbox 158 516 320 599; x_wconf 79' lang='lat' dir='ltr'><strong>explicare:</strong></span> <span class='ocrx_word' id='word_1_26' title='bbox 346 515 453 575; x_wconf 89' lang='lat' dir='ltr'><strong>libello</strong></span> <span class='ocrx_word' id='word_1_27' title='bbox 477 529 578 576; x_wconf 85' lang='lat' dir='ltr'><strong>autem</strong></span> <span class='ocrx_word' id='word_1_28' title='bbox 601 518 721 595; x_wconf 79' lang='lat' dir='ltr'><strong>nullum</strong></span> <span class='ocrx_word' id='word_1_29' title='bbox 744 519 805 583; x_wconf 76' lang='lat' dir='ltr'><strong>tale</strong></span> <span class='ocrx_word' id='word_1_30' title='bbox 828 517 1035 584; x_wconf 85' lang='lat' dir='ltr'><strong>adiumentum</strong></span> <span class='ocrx_word' id='word_1_31' title='bbox 1060 519 1200 599; x_wconf 81' lang='lat' dir='ltr'><strong>suppetit</strong></span> <span class='ocrx_word' id='word_1_32' title='bbox 1224 517 1325 580; x_wconf 77' lang='lat' dir='ltr'><strong>contra</strong></span> 
     </span>
     <span class='ocr_line' id='line_1_5' title="bbox 152 600 1325 684; baseline -0.003 -18"><span class='ocrx_word' id='word_1_33' title='bbox 152 603 384 666; x_wconf 70' lang='lat' dir='ltr'><strong>tumultuantes.</strong></span> <span class='ocrx_word' id='word_1_34' title='bbox 400 612 403 616; x_wconf 76' lang='grc'><strong>“</strong></span> <span class='ocrx_word' id='word_1_35' title='bbox 419 600 570 662; x_wconf 75' lang='lat' dir='ltr'><strong>Sitam&#39;en</strong></span> <span class='ocrx_word' id='word_1_36' title='bbox 589 603 695 679; x_wconf 89' lang='lat' dir='ltr'><strong>audire</strong></span> <span class='ocrx_word' id='word_1_37' title='bbox 712 603 822 662; x_wconf 86' lang='lat' dir='ltr'><strong>voletis</strong></span> <span class='ocrx_word' id='word_1_38' title='bbox 840 624 909 662; x_wconf 89' lang='lat' dir='ltr'><strong>cum</strong></span> <span class='ocrx_word' id='word_1_39' title='bbox 927 602 1071 679; x_wconf 85' lang='lat' dir='ltr'><strong>silentio,</strong></span> <span class='ocrx_word' id='word_1_40' title='bbox 1090 616 1122 663; x_wconf 89' lang='lat' dir='ltr'><strong>et</strong></span> <span class='ocrx_word' id='word_1_41' title='bbox 1141 605 1325 684; x_wconf 85' lang='lat' dir='ltr'><strong>exspectabi-</strong></span> 
     </span>
     <span class='ocr_line' id='line_1_6' title="bbox 156 685 1324 769; baseline 0 -19"><span class='ocrx_word' id='word_1_42' title='bbox 156 690 206 762; x_wconf 89' lang='lat' dir='ltr'><strong>tis,</strong></span> <span class='ocrx_word' id='word_1_43' title='bbox 225 689 296 748; x_wconf 92' lang='lat' dir='ltr'><strong>dum</strong></span> <span class='ocrx_word' id='word_1_44' title='bbox 314 701 379 746; x_wconf 83' lang='lat' dir='ltr'><strong>rem</strong></span> <span class='ocrx_word' id='word_1_45' title='bbox 399 706 520 746; x_wconf 86' lang='lat' dir='ltr'><strong>omnem</strong></span> <span class='ocrx_word' id='word_1_46' title='bbox 540 688 762 769; x_wconf 80' lang='lat' dir='ltr'><strong>cognoveritis:</strong></span> <span class='ocrx_word' id='word_1_47' title='bbox 780 685 880 769; x_wconf 85' lang='lat' dir='ltr'><strong>spero,</strong></span> <span class='ocrx_word' id='word_1_48' title='bbox 898 688 956 748; x_wconf 89' lang='lat' dir='ltr'><strong>diis</strong></span> <span class='ocrx_word' id='word_1_49' title='bbox 973 689 1127 769; x_wconf 83' lang='lat' dir='ltr'><strong>propitiis,</strong></span> <span class='ocrx_word' id='word_1_50' title='bbox 1146 710 1324 769; x_wconf 89' lang='lat' dir='ltr'><strong>quamquam</strong></span> 
     </span>
     <span class='ocr_line' id='line_1_7' title="bbox 114 770 1323 854; baseline 0.002 -20"><span class='ocrx_word' id='word_1_51' title='bbox 114 770 117 774; x_wconf 45' lang='lat'><strong>⁴</strong></span> <span class='ocrx_word' id='word_1_52' title='bbox 154 775 263 849; x_wconf 84' lang='lat' dir='ltr'><strong>bre-ves</strong></span> <span class='ocrx_word' id='word_1_53' title='bbox 274 773 338 832; x_wconf 82' lang='lat' dir='ltr'><strong>&#39;hae</strong></span> <span class='ocrx_word' id='word_1_54' title='bbox 356 773 462 832; x_wconf 86' lang='lat' dir='ltr'><strong>literae</strong></span> <span class='ocrx_word' id='word_1_55' title='bbox 480 785 568 847; x_wconf 88' lang='lat' dir='ltr'><strong>sunt,</strong></span> <span class='ocrx_word' id='word_1_56' title='bbox 585 773 669 846; x_wconf 78' lang='lat' dir='ltr'><strong>sote,</strong></span> <span class='ocrx_word' id='word_1_57' title='bbox 684 787 723 833; x_wconf 89' lang='lat' dir='ltr'><strong>ut</strong></span> <span class='ocrx_word' id='word_1_58' title='bbox 735 782 896 853; x_wconf 85' lang='lat' dir='ltr'><strong>appareat,</strong></span> <span class='ocrx_word' id='word_1_59' title='bbox 915 792 963 832; x_wconf 87' lang='lat' dir='ltr'><strong>me</strong></span> <span class='ocrx_word' id='word_1_60' title='bbox 984 785 1014 832; x_wconf 89' lang='lat' dir='ltr'><strong>et</strong></span> <span class='ocrx_word' id='word_1_61' title='bbox 1032 774 1152 854; x_wconf 92' lang='lat' dir='ltr'><strong>optimo</strong></span> <span class='ocrx_word' id='word_1_62' title='bbox 1171 776 1274 836; x_wconf 88' lang='lat' dir='ltr'><strong>studio</strong></span> <span class='ocrx_word' id='word_1_63' title='bbox 1292 796 1323 836; x_wconf 90' lang='lat' dir='ltr'><strong>ea</strong></span> 
     </span>
     <span class='ocr_line' id='line_1_8' title="bbox 154 850 1323 941; baseline 0 -21"><span class='ocrx_word' id='word_1_64' title='bbox 154 858 264 921; x_wconf 62' lang='lat' dir='ltr'><strong>conari,</strong></span> <span class='ocrx_word' id='word_1_65' title='bbox 278 874 334 938; x_wconf 90' lang='lat' dir='ltr'><strong>pro</strong></span> <span class='ocrx_word' id='word_1_66' title='bbox 352 850 459 931; x_wconf 66' lang='lat' dir='ltr'><strong>uobis,</strong></span> <span class='ocrx_word' id='word_1_67' title='bbox 477 850 573 936; x_wconf 77' lang='lat' dir='ltr'><strong>quae</strong></span> <span class='ocrx_word' id='word_1_68' title='bbox 584 857 745 931; x_wconf 68' lang='lat' dir='ltr'><strong>deceant,</strong></span> <span class='ocrx_word' id='word_1_69' title='bbox 766 872 814 932; x_wconf 88' lang='lat' dir='ltr'><strong>et,</strong></span> <span class='ocrx_word' id='word_1_70' title='bbox 846 867 923 937; x_wconf 88' lang='lat' dir='ltr'><strong>quae</strong></span> <span class='ocrx_word' id='word_1_71' title='bbox 940 851 1031 933; x_wconf 60' lang='lat' dir='ltr'><strong>‚vobis</strong></span> <span class='ocrx_word' id='word_1_72' title='bbox 1047 859 1229 939; x_wconf 80' lang='lat' dir='ltr'><strong>expediant,</strong></span> <span class='ocrx_word' id='word_1_73' title='bbox 1258 883 1323 941; x_wconf 91' lang='lat' dir='ltr'><strong>per-</strong></span> 
     </span>
     <span class='ocr_line' id='line_1_9' title="bbox 153 941 1324 1027; baseline -0.003 -21"><span class='ocrx_word' id='word_1_74' title='bbox 153 945 264 1027; x_wconf 87' lang='lat' dir='ltr'><strong>spicue</strong></span> <span class='ocrx_word' id='word_1_75' title='bbox 288 942 517 1002; x_wconf 83' lang='lat' dir='ltr'><strong>declaraturum.</strong></span> <span class='ocrx_word' id='word_1_76' title='bbox 553 941 662 1022; x_wconf 86' lang='lat' dir='ltr'><strong>Neque</strong></span> <span class='ocrx_word' id='word_1_77' title='bbox 685 962 761 1002; x_wconf 89' lang='lat' dir='ltr'><strong>vero</strong></span> <span class='ocrx_word' id='word_1_78' title='bbox 785 964 822 1002; x_wconf 91' lang='lat' dir='ltr'><strong>eo</strong></span> <span class='ocrx_word' id='word_1_79' title='bbox 840 942 978 1002; x_wconf 77' lang='lat' dir='ltr'><strong>&#39;consilio</strong></span> <span class='ocrx_word' id='word_1_80' title='bbox 1003 942 1093 1003; x_wconf 89' lang='lat' dir='ltr'><strong>hasce</strong></span> <span class='ocrx_word' id='word_1_81' title='bbox 1108 943 1155 1003; x_wconf 83' lang='lat' dir='ltr'><strong>&#39;ad</strong></span> <span class='ocrx_word' id='word_1_82' title='bbox 1179 965 1232 1004; x_wconf 92' lang='lat' dir='ltr'><strong>vos</strong></span> <span class='ocrx_word' id='word_1_83' title='bbox 1258 946 1324 1006; x_wconf 90' lang='lat' dir='ltr'><strong>dedi</strong></span> 
     </span>
     <span class='ocr_line' id='line_1_10' title="bbox 157 1026 1324 1109; baseline -0.002 -18"><span class='ocrx_word' id='word_1_84' title='bbox 157 1030 270 1102; x_wconf 80' lang='lat' dir='ltr'><strong>literas,</strong></span> <span class='ocrx_word' id='word_1_85' title='bbox 289 1027 374 1107; x_wconf 88' lang='lat' dir='ltr'><strong>quasi</strong></span> <span class='ocrx_word' id='word_1_86' title='bbox 390 1026 476 1086; x_wconf 89' lang='lat' dir='ltr'><strong>vobis</strong></span> <span class='ocrx_word' id='word_1_87' title='bbox 496 1026 596 1087; x_wconf 86' lang='lat' dir='ltr'><strong>desint</strong></span> <span class='ocrx_word' id='word_1_88' title='bbox 615 1038 751 1087; x_wconf 85' lang='lat' dir='ltr'><strong>oratores</strong></span> <span class='ocrx_word' id='word_1_89' title='bbox 764 1027 867 1101; x_wconf 85' lang='lat' dir='ltr'><strong>aliive,</strong></span> <span class='ocrx_word' id='word_1_90' title='bbox 888 1027 940 1106; x_wconf 89' lang='lat' dir='ltr'><strong>qui</strong></span> <span class='ocrx_word' id='word_1_91' title='bbox 958 1027 1223 1108; x_wconf 88' lang='lat' dir='ltr'><strong>impraemeditati,</strong></span> <span class='ocrx_word' id='word_1_92' title='bbox 1242 1032 1324 1109; x_wconf 90' lang='lat' dir='ltr'><strong>quic-</strong></span> 
     </span>
     <span class='ocr_line' id='line_1_11' title="bbox 56 1111 1325 1197; baseline 0 -22"><span class='ocrx_word' id='word_1_93' title='bbox 56 1127 59 1131; x_wconf 86' lang='grc'><strong><em>’</em></strong></span> <span class='ocrx_word' id='word_1_94' title='bbox 83 1185 88 1194; x_wconf 27' lang='lat'><strong>¹</strong></span> <span class='ocrx_word' id='word_1_95' title='bbox 158 1115 232 1197; x_wconf 90' lang='lat' dir='ltr'><strong>quid</strong></span> <span class='ocrx_word' id='word_1_96' title='bbox 245 1114 281 1172; x_wconf 74' lang='lat' dir='ltr'><strong>&#39;in</strong></span> <span class='ocrx_word' id='word_1_97' title='bbox 297 1120 434 1172; x_wconf 87' lang='lat' dir='ltr'><strong>mentem</strong></span> <span class='ocrx_word' id='word_1_98' title='bbox 452 1111 747 1183; x_wconf 71' lang='lat' dir='ltr'><strong>inciderit,‘dicant:</strong></span> <span class='ocrx_word' id='word_1_99' title='bbox 766 1114 820 1172; x_wconf 91' lang='lat' dir='ltr'><strong>sed</strong></span> <span class='ocrx_word' id='word_1_100' title='bbox 839 1133 916 1192; x_wconf 86' lang='lat' dir='ltr'><strong>qnae</strong></span> <span class='ocrx_word' id='word_1_101' title='bbox 934 1133 990 1191; x_wconf 90' lang='lat' dir='ltr'><strong>per</strong></span> <span class='ocrx_word' id='word_1_102' title='bbox 1008 1115 1227 1194; x_wconf 73' lang='lat' dir='ltr'><strong>experientiam</strong></span> <span class='ocrx_word' id='word_1_103' title='bbox 1246 1128 1275 1175; x_wconf 88' lang='lat' dir='ltr'><strong>et</strong></span> <span class='ocrx_word' id='word_1_104' title='bbox 1290 1128 1325 1175; x_wconf 91' lang='lat' dir='ltr'><strong>ut</strong></span> 
     </span>
     <span class='ocr_line' id='line_1_12' title="bbox 113 1196 1323 1282; baseline -0.002 -22"><span class='ocrx_word' id='word_1_105' title='bbox 113 1203 115 1208; x_wconf 81' lang='lat'>&#39;</span> <span class='ocrx_word' id='word_1_106' title='bbox 157 1201 188 1260; x_wconf 90' lang='lat' dir='ltr'><strong>in</strong></span> <span class='ocrx_word' id='word_1_107' title='bbox 213 1197 362 1282; x_wconf 82' lang='lat' dir='ltr'><strong>gerendis</strong></span> <span class='ocrx_word' id='word_1_108' title='bbox 378 1196 470 1255; x_wconf 91' lang='lat' dir='ltr'><strong>rebus</strong></span> <span class='ocrx_word' id='word_1_109' title='bbox 489 1210 624 1256; x_wconf 84' lang='lat' dir='ltr'><strong>versatus</strong></span> <span class='ocrx_word' id='word_1_110' title='bbox 643 1197 741 1257; x_wconf 91' lang='lat' dir='ltr'><strong>babeo</strong></span> <span class='ocrx_word' id='word_1_111' title='bbox 760 1198 911 1280; x_wconf 83' lang='lat' dir='ltr'><strong>cognita,</strong></span> <span class='ocrx_word' id='word_1_112' title='bbox 924 1197 960 1256; x_wconf 84' lang='lat' dir='ltr'><strong>iis</strong></span> <span class='ocrx_word' id='word_1_113' title='bbox 986 1199 1132 1278; x_wconf 67' lang='lat' dir='ltr'><strong>expositis</strong></span> <span class='ocrx_word' id='word_1_114' title='bbox 1151 1199 1323 1277; x_wconf 66' lang='lat' dir='ltr'><strong>dicendi‘iu</strong></span> 
     </span>
     <span class='ocr_line' id='line_1_13' title="bbox 43 1281 1323 1368; baseline -0.002 -23"><span class='ocrx_word' id='word_1_115' title='bbox 43 1284 47 1291; x_wconf 55' lang='lat'>‘</span> <span class='ocrx_word' id='word_1_116' title='bbox 155 1284 286 1368; x_wconf 60' lang='lat' dir='ltr'><strong>publico&gt;</strong></span> <span class='ocrx_word' id='word_1_117' title='bbox 300 1281 446 1342; x_wconf 81' lang='lat' dir='ltr'><strong>studiosis</strong></span> <span class='ocrx_word' id='word_1_118' title='bbox 463 1281 590 1341; x_wconf 89' lang='lat' dir='ltr'><strong>uberem</strong></span> <span class='ocrx_word' id='word_1_119' title='bbox 609 1303 726 1356; x_wconf 90' lang='lat' dir='ltr'><strong>eorum,</strong></span> <span class='ocrx_word' id='word_1_120' title='bbox 745 1304 823 1362; x_wconf 89' lang='lat' dir='ltr'><strong>quae</strong></span> <span class='ocrx_word' id='word_1_121' title='bbox 841 1302 907 1342; x_wconf 89' lang='lat' dir='ltr'><strong>esse</strong></span> <span class='ocrx_word' id='word_1_122' title='bbox 923 1295 1029 1362; x_wconf 87' lang='lat' dir='ltr'><strong>putem</strong></span> <span class='ocrx_word' id='word_1_123' title='bbox 1049 1284 1248 1363; x_wconf 81' lang='lat' dir='ltr'><strong>erepublica,</strong></span> <span class='ocrx_word' id='word_1_124' title='bbox 1265 1306 1323 1344; x_wconf 91' lang='lat' dir='ltr'><strong>ma-</strong></span> 
     </span>
     <span class='ocr_line' id='line_1_14' title="bbox 155 1362 1323 1449; baseline -0.001 -20"><span class='ocrx_word' id='word_1_125' title='bbox 155 1370 261 1430; x_wconf 81' lang='lat' dir='ltr'><strong>teriam</strong></span> <span class='ocrx_word' id='word_1_126' title='bbox 281 1362 484 1447; x_wconf 81' lang='lat' dir='ltr'><strong>suppeditare,</strong></span> <span class='ocrx_word' id='word_1_127' title='bbox 505 1366 606 1449; x_wconf 41' lang='lat' dir='ltr'><strong>vulgo,</strong></span> <span class='ocrx_word' id='word_1_128' title='bbox 617 1367 804 1449; x_wconf 84' lang='lat' dir='ltr'><strong>optimorum</strong></span> <span class='ocrx_word' id='word_1_129' title='bbox 822 1367 1020 1427; x_wconf 89' lang='lat' dir='ltr'><strong>consiliorum</strong></span> <span class='ocrx_word' id='word_1_130' title='bbox 1038 1369 1192 1428; x_wconf 82' lang='lat' dir='ltr'><strong>delectum</strong></span> <span class='ocrx_word' id='word_1_131' title='bbox 1209 1369 1323 1428; x_wconf 83' lang='lat' dir='ltr'><strong>facilem</strong></span> 
     </span>
     <span class='ocr_line' id='line_1_15' title="bbox 156 1448 1324 1537; baseline -0.001 -23"><span class='ocrx_word' id='word_1_132' title='bbox 156 1453 285 1529; x_wconf 75' lang='lat' dir='ltr'><strong>&#39;reddere</strong></span> <span class='ocrx_word' id='word_1_133' title='bbox 308 1451 416 1537; x_wconf 54' lang='lat' dir='ltr'><strong>uolui:</strong></span> <span class='ocrx_word' id='word_1_134' title='bbox 434 1450 481 1509; x_wconf 79' lang='lat' dir='ltr'><strong>Ac</strong></span> <span class='ocrx_word' id='word_1_135' title='bbox 505 1469 562 1511; x_wconf 80' lang='lat' dir='ltr'><strong>eur·</strong></span> <span class='ocrx_word' id='word_1_136' title='bbox 585 1451 662 1510; x_wconf 89' lang='lat' dir='ltr'><strong>banc</strong></span> <span class='ocrx_word' id='word_1_137' title='bbox 686 1452 843 1533; x_wconf 89' lang='lat' dir='ltr'><strong>epistolam</strong></span> <span class='ocrx_word' id='word_1_138' title='bbox 869 1448 1009 1511; x_wconf 55' lang='lat' dir='ltr'><strong>seribere*</strong></span> <span class='ocrx_word' id='word_1_139' title='bbox 1026 1451 1231 1527; x_wconf 86' lang='lat' dir='ltr'><strong>instituerim,</strong></span> <span class='ocrx_word' id='word_1_140' title='bbox 1254 1454 1324 1513; x_wconf 90' lang='lat' dir='ltr'><strong>baec</strong></span> 
     </span>
     <span class='ocr_line' id='line_1_16' title="bbox 156 1534 1324 1619; baseline -0.001 -20"><span class='ocrx_word' id='word_1_141' title='bbox 156 1551 236 1599; x_wconf 88' lang='lat' dir='ltr'><strong>sunt.</strong></span> <span class='ocrx_word' id='word_1_142' title='bbox 270 1534 406 1595; x_wconf 86' lang='lat' dir='ltr'><strong>Primum</strong></span> <span class='ocrx_word' id='word_1_143' title='bbox 425 1536 578 1607; x_wconf 90' lang='lat' dir='ltr'><strong>omnium,</strong></span> <span class='ocrx_word' id='word_1_144' title='bbox 592 1535 824 1611; x_wconf 68' lang='lat' dir='ltr'><strong>Athenienses,</strong></span> <span class='ocrx_word' id='word_1_145' title='bbox 850 1558 904 1596; x_wconf 78' lang='lat' dir='ltr'><strong>vos</strong></span> <span class='ocrx_word' id='word_1_146' title='bbox 929 1539 1098 1597; x_wconf 87' lang='lat' dir='ltr'><strong>concordes</strong></span> <span class='ocrx_word' id='word_1_147' title='bbox 1118 1558 1184 1598; x_wconf 88' lang='lat' dir='ltr'><strong>esse</strong></span> <span class='ocrx_word' id='word_1_148' title='bbox 1203 1551 1324 1619; x_wconf 89' lang='lat' dir='ltr'><strong>propter</strong></span> 
     </span>
     <span class='ocr_line' id='line_1_17' title="bbox 156 1619 1323 1704; baseline -0.001 -20"><span class='ocrx_word' id='word_1_149' title='bbox 156 1634 349 1684; x_wconf 89' lang='lat' dir='ltr'><strong>communem</strong></span> <span class='ocrx_word' id='word_1_150' title='bbox 369 1619 501 1679; x_wconf 84' lang='lat' dir='ltr'><strong>civitatis</strong></span> <span class='ocrx_word' id='word_1_151' title='bbox 515 1620 677 1680; x_wconf 85' lang='lat' dir='ltr'><strong>utilitatem</strong></span> <span class='ocrx_word' id='word_1_152' title='bbox 697 1634 835 1701; x_wconf 87' lang='lat' dir='ltr'><strong>eportet,</strong></span> <span class='ocrx_word' id='word_1_153' title='bbox 868 1633 1011 1700; x_wconf 86' lang='lat' dir='ltr'><strong>ortasque</strong></span> <span class='ocrx_word' id='word_1_154' title='bbox 1027 1621 1061 1680; x_wconf 94' lang='lat' dir='ltr'><strong>in</strong></span> <span class='ocrx_word' id='word_1_155' title='bbox 1078 1623 1234 1704; x_wconf 85' lang='lat' dir='ltr'><strong>prioribus</strong></span> <span class='ocrx_word' id='word_1_156' title='bbox 1254 1644 1323 1683; x_wconf 92' lang='lat' dir='ltr'><strong>eon-</strong></span> 
     </span>
     <span class='ocr_line' id='line_1_18' title="bbox 155 1702 1322 1789; baseline -0.003 -19"><span class='ocrx_word' id='word_1_157' title='bbox 155 1708 297 1773; x_wconf 72' lang='lat' dir='ltr'><strong>ventibus</strong></span> <span class='ocrx_word' id='word_1_158' title='bbox 314 1705 421 1781; x_wconf 78' lang='lat' dir='ltr'><strong>&#39;missas</strong></span> <span class='ocrx_word' id='word_1_159' title='bbox 438 1704 537 1764; x_wconf 85' lang='lat' dir='ltr'><strong>iacere</strong></span> <span class='ocrx_word' id='word_1_160' title='bbox 551 1705 775 1789; x_wconf 75' lang='lat' dir='ltr'><strong>dissensiones:</strong></span> <span class='ocrx_word' id='word_1_161' title='bbox 806 1704 916 1765; x_wconf 90' lang='lat' dir='ltr'><strong>deinde</strong></span> <span class='ocrx_word' id='word_1_162' title='bbox 931 1702 1201 1786; x_wconf 69' lang='lat' dir='ltr'><strong>consentientibus</strong></span> <span class='ocrx_word' id='word_1_163' title='bbox 1221 1709 1322 1768; x_wconf 85' lang='lat' dir='ltr'><strong>animis</strong></span> 
     </span>
     <span class='ocr_line' id='line_1_19' title="bbox 133 1788 1321 1869; baseline -0.002 -15"><span class='ocrx_word' id='word_1_164' title='bbox 133 1790 491 1867; x_wconf 60' lang='lat' dir='ltr'><strong>xomnesalacriter&#39;que,</strong></span> <span class='ocrx_word' id='word_1_165' title='bbox 509 1790 654 1869; x_wconf 88' lang='lat' dir='ltr'><strong>quiequid</strong></span> <span class='ocrx_word' id='word_1_166' title='bbox 673 1791 829 1851; x_wconf 89' lang='lat' dir='ltr'><strong>decretum</strong></span> <span class='ocrx_word' id='word_1_167' title='bbox 846 1791 1118 1864; x_wconf 60' lang='lat' dir='ltr'><strong>fuerit,‚adiuvare.</strong></span> <span class='ocrx_word' id='word_1_168' title='bbox 1141 1788 1228 1852; x_wconf 86' lang='lat' dir='ltr'><strong>Nibil</strong></span> <span class='ocrx_word' id='word_1_169' title='bbox 1247 1793 1321 1853; x_wconf 90' lang='lat' dir='ltr'><strong>enim</strong></span> 
     </span>
     <span class='ocr_line' id='line_1_20' title="bbox 67 1873 1320 1959; baseline -0.001 -19"><span class='ocrx_word' id='word_1_170' title='bbox 67 1942 71 1953; x_wconf 59' lang='grc'>,</span> <span class='ocrx_word' id='word_1_171' title='bbox 157 1886 331 1951; x_wconf 77' lang='lat' dir='ltr'><strong>constanter</strong></span> <span class='ocrx_word' id='word_1_172' title='bbox 349 1873 588 1954; x_wconf 86' lang='lat' dir='ltr'><strong>simpliciterque</strong></span> <span class='ocrx_word' id='word_1_173' title='bbox 606 1895 716 1956; x_wconf 88' lang='lat' dir='ltr'><strong>agere,</strong></span> <span class='ocrx_word' id='word_1_174' title='bbox 749 1897 812 1936; x_wconf 89' lang='lat' dir='ltr'><strong>uon</strong></span> <span class='ocrx_word' id='word_1_175' title='bbox 831 1877 924 1935; x_wconf 91' lang='lat' dir='ltr'><strong>modo</strong></span> <span class='ocrx_word' id='word_1_176' title='bbox 944 1877 1172 1959; x_wconf 85' lang='lat' dir='ltr'><strong>estindiguum</strong></span> <span class='ocrx_word' id='word_1_177' title='bbox 1187 1877 1276 1938; x_wconf 80' lang='lat' dir='ltr'><strong>-vobis</strong></span> <span class='ocrx_word' id='word_1_178' title='bbox 1294 1891 1320 1939; x_wconf 89' lang='lat' dir='ltr'><strong>et</strong></span> 
     </span>
     <span class='ocr_line' id='line_1_21' title="bbox 132 1959 1339 2045; baseline -0.002 -21"><span class='ocrx_word' id='word_1_179' title='bbox 132 1963 249 2039; x_wconf 29' lang='lat' dir='ltr'><strong>,animi</strong></span> <span class='ocrx_word' id='word_1_180' title='bbox 266 1984 371 2042; x_wconf 91' lang='lat' dir='ltr'><strong>parum</strong></span> <span class='ocrx_word' id='word_1_181' title='bbox 390 1959 545 2045; x_wconf 84' lang='lat' dir='ltr'><strong>generosi:</strong></span> <span class='ocrx_word' id='word_1_182' title='bbox 564 1960 618 2019; x_wconf 93' lang='lat' dir='ltr'><strong>sed</strong></span> <span class='ocrx_word' id='word_1_183' title='bbox 635 1978 754 2020; x_wconf 88' lang='lat' dir='ltr'><strong>summo</strong></span> <span class='ocrx_word' id='word_1_184' title='bbox 771 1962 860 2020; x_wconf 86' lang='lat' dir='ltr'><strong>etiam</strong></span> <span class='ocrx_word' id='word_1_185' title='bbox 878 1961 1101 2041; x_wconf 86' lang='lat' dir='ltr'><strong>cumpericulo</strong></span> <span class='ocrx_word' id='word_1_186' title='bbox 1120 1962 1339 2023; x_wconf 78' lang='lat' dir='ltr'><strong>coniunctum</strong></span> 
     </span>
     <span class='ocr_line' id='line_1_22' title="bbox 156 2043 1318 2126; baseline -0.003 -17"><span class='ocrx_word' id='word_1_187' title='bbox 156 2052 217 2109; x_wconf 90' lang='lat' dir='ltr'><strong>lam</strong></span> <span class='ocrx_word' id='word_1_188' title='bbox 236 2063 292 2106; x_wconf 82' lang='lat' dir='ltr'><strong>uec</strong></span> <span class='ocrx_word' id='word_1_189' title='bbox 310 2045 387 2105; x_wconf 90' lang='lat' dir='ltr'><strong>illud</strong></span> <span class='ocrx_word' id='word_1_190' title='bbox 405 2044 491 2104; x_wconf 88' lang='lat' dir='ltr'><strong>vobis</strong></span> <span class='ocrx_word' id='word_1_191' title='bbox 509 2043 712 2126; x_wconf 87' lang='lat' dir='ltr'><strong>ignorandum</strong></span> <span class='ocrx_word' id='word_1_192' title='bbox 731 2059 787 2119; x_wconf 88' lang='lat' dir='ltr'><strong>est,</strong></span> <span class='ocrx_word' id='word_1_193' title='bbox 812 2067 855 2119; x_wconf 91' lang='lat' dir='ltr'><strong>ea,</strong></span> <span class='ocrx_word' id='word_1_194' title='bbox 874 2066 950 2124; x_wconf 89' lang='lat' dir='ltr'><strong>quae</strong></span> <span class='ocrx_word' id='word_1_195' title='bbox 968 2067 1024 2126; x_wconf 93' lang='lat' dir='ltr'><strong>per</strong></span> <span class='ocrx_word' id='word_1_196' title='bbox 1041 2067 1073 2105; x_wconf 89' lang='lat' dir='ltr'><strong>se</strong></span> <span class='ocrx_word' id='word_1_197' title='bbox 1092 2048 1129 2107; x_wconf 89' lang='lat' dir='ltr'><strong>ad</strong></span> <span class='ocrx_word' id='word_1_198' title='bbox 1148 2059 1260 2108; x_wconf 86' lang='lat' dir='ltr'><strong>statum</strong></span> <span class='ocrx_word' id='word_1_199' title='bbox 1277 2069 1318 2107; x_wconf 89' lang='lat' dir='ltr'><strong>re·</strong></span> 
     </span>
     <span class='ocr_line' id='line_1_23' title="bbox 155 2128 1359 2213; baseline -0.002 -19"><span class='ocrx_word' id='word_1_200' title='bbox 155 2156 223 2194; x_wconf 88' lang='lat' dir='ltr'><strong>rum</strong></span> <span class='ocrx_word' id='word_1_201' title='bbox 241 2144 407 2192; x_wconf 88' lang='lat' dir='ltr'><strong>vestrarum</strong></span> <span class='ocrx_word' id='word_1_202' title='bbox 432 2128 675 2208; x_wconf 10' lang='lat' dir='ltr'><strong>tuendum-satis</strong></span> <span class='ocrx_word' id='word_1_203' title='bbox 699 2152 763 2190; x_wconf 92' lang='lat' dir='ltr'><strong>non</strong></span> <span class='ocrx_word' id='word_1_204' title='bbox 786 2143 872 2203; x_wconf 91' lang='lat' dir='ltr'><strong>sunt,</strong></span> <span class='ocrx_word' id='word_1_205' title='bbox 897 2129 922 2188; x_wconf 90' lang='lat' dir='ltr'><strong>si</strong></span> <span class='ocrx_word' id='word_1_206' title='bbox 946 2133 983 2190; x_wconf 89' lang='lat' dir='ltr'><strong>ad</strong></span> <span class='ocrx_word' id='word_1_207' title='bbox 1001 2131 1134 2210; x_wconf 88' lang='lat' dir='ltr'><strong>reliquas</strong></span> <span class='ocrx_word' id='word_1_208' title='bbox 1154 2132 1257 2213; x_wconf 92' lang='lat' dir='ltr'><strong>copias</strong></span> <span class='ocrx_word' id='word_1_209' title='bbox 1273 2133 1317 2192; x_wconf 89' lang='lat' dir='ltr'><strong>ad·</strong></span> <span class='ocrx_word' id='word_1_210' title='bbox 1357 2152 1359 2157; x_wconf 83' lang='grc'><strong>’</strong></span> 
     </span>
     <span class='ocr_line' id='line_1_24' title="bbox 155 2212 1334 2298; baseline 0 -22"><span class='ocrx_word' id='word_1_211' title='bbox 155 2214 339 2298; x_wconf 78' lang='lat' dir='ltr'><strong>iungantur,</strong></span> <span class='ocrx_word' id='word_1_212' title='bbox 358 2215 521 2286; x_wconf 82' lang='lat' dir='ltr'><strong>ellectum,</strong></span> <span class='ocrx_word' id='word_1_213' title='bbox 539 2226 575 2272; x_wconf 90' lang='lat' dir='ltr'><strong>nt</strong></span> <span class='ocrx_word' id='word_1_214' title='bbox 592 2212 689 2272; x_wconf 91' lang='lat' dir='ltr'><strong>multo</strong></span> <span class='ocrx_word' id='word_1_215' title='bbox 706 2215 824 2274; x_wconf 86' lang='lat' dir='ltr'><strong>facilius</strong></span> <span class='ocrx_word' id='word_1_216' title='bbox 835 2214 945 2273; x_wconf 89' lang='lat' dir='ltr'><strong>omnia</strong></span> <span class='ocrx_word' id='word_1_217' title='bbox 964 2218 1205 2295; x_wconf 81' lang='lat' dir='ltr'><strong>consequamini.</strong></span> <span class='ocrx_word' id='word_1_218' title='bbox 1241 2218 1334 2293; x_wconf 27' lang='lat' dir='ltr'><strong>Quae,</strong></span> 
     </span>
     <span class='ocr_line' id='line_1_25' title="bbox 129 2298 1315 2384; baseline 0.001 -23"><span class='ocrx_word' id='word_1_219' title='bbox 129 2308 131 2312; x_wconf 78' lang='grc'>’</span> <span class='ocrx_word' id='word_1_220' title='bbox 156 2302 251 2384; x_wconf 89' lang='lat' dir='ltr'><strong>igitur</strong></span> <span class='ocrx_word' id='word_1_221' title='bbox 268 2299 319 2358; x_wconf 91' lang='lat' dir='ltr'><strong>illa</strong></span> <span class='ocrx_word' id='word_1_222' title='bbox 338 2299 427 2358; x_wconf 83' lang='lat' dir='ltr'><strong>sunt?</strong></span> <span class='ocrx_word' id='word_1_223' title='bbox 446 2299 553 2376; x_wconf 90' lang='lat' dir='ltr'><strong>Neque</strong></span> <span class='ocrx_word' id='word_1_224' title='bbox 573 2298 686 2356; x_wconf 89' lang='lat' dir='ltr'><strong>civitati</strong></span> <span class='ocrx_word' id='word_1_225' title='bbox 704 2299 775 2371; x_wconf 92' lang='lat' dir='ltr'><strong>ulli,</strong></span> <span class='ocrx_word' id='word_1_226' title='bbox 794 2320 895 2379; x_wconf 90' lang='lat' dir='ltr'><strong>neque</strong></span> <span class='ocrx_word' id='word_1_227' title='bbox 913 2299 983 2368; x_wconf 83' lang='lat' dir='ltr'><strong>ullis</strong></span> <span class='ocrx_word' id='word_1_228' title='bbox 1001 2300 1085 2373; x_wconf 79' lang='lat' dir='ltr'><strong>viris,</strong></span> <span class='ocrx_word' id='word_1_229' title='bbox 1104 2302 1159 2381; x_wconf 91' lang='lat' dir='ltr'><strong>qui</strong></span> <span class='ocrx_word' id='word_1_230' title='bbox 1179 2302 1315 2382; x_wconf 89' lang='lat' dir='ltr'><strong>cuiusque</strong></span> 
     </span>
     <span class='ocr_line' id='line_1_26' title="bbox 92 2381 1317 2467; baseline -0.001 -20"><span class='ocrx_word' id='word_1_231' title='bbox 92 2436 96 2447; x_wconf 93' lang='lat'>.</span> <span class='ocrx_word' id='word_1_232' title='bbox 154 2385 239 2446; x_wconf 89' lang='lat' dir='ltr'><strong>urbis</strong></span> <span class='ocrx_word' id='word_1_233' title='bbox 258 2397 360 2444; x_wconf 87' lang='lat' dir='ltr'><strong>vetera</strong></span> <span class='ocrx_word' id='word_1_234' title='bbox 378 2382 515 2442; x_wconf 86' lang='lat' dir='ltr'><strong>instituta</strong></span> <span class='ocrx_word' id='word_1_235' title='bbox 533 2381 746 2456; x_wconf 82' lang='lat' dir='ltr'><strong>defenderunt,</strong></span> <span class='ocrx_word' id='word_1_236' title='bbox 764 2384 953 2461; x_wconf 81' lang='lat' dir='ltr'><strong>irascendum</strong></span> <span class='ocrx_word' id='word_1_237' title='bbox 972 2398 1031 2445; x_wconf 89' lang='lat' dir='ltr'><strong>est:</strong></span> <span class='ocrx_word' id='word_1_238' title='bbox 1048 2386 1104 2446; x_wconf 89' lang='lat' dir='ltr'><strong>sed</strong></span> <span class='ocrx_word' id='word_1_239' title='bbox 1123 2386 1253 2447; x_wconf 91' lang='lat' dir='ltr'><strong>delenda</strong></span> <span class='ocrx_word' id='word_1_240' title='bbox 1269 2407 1317 2467; x_wconf 37' lang='lat' dir='ltr'><strong>po,</strong></span> 
     </span>
     <span class='ocr_line' id='line_1_27' title="bbox 114 2461 1314 2543; baseline 0.001 -13"><span class='ocrx_word' id='word_1_241' title='bbox 114 2461 215 2539; x_wconf 34' lang='lat' dir='ltr'><strong>fiius</strong></span> <span class='ocrx_word' id='word_1_242' title='bbox 235 2491 271 2529; x_wconf 86' lang='lat' dir='ltr'><strong>ex</strong></span> <span class='ocrx_word' id='word_1_243' title='bbox 288 2466 565 2527; x_wconf 85' lang='lat' dir='ltr'><strong>animis-memoria</strong></span> <span class='ocrx_word' id='word_1_244' title='bbox 589 2466 776 2526; x_wconf 87' lang='lat' dir='ltr'><strong>iniuriarum.</strong></span> <span class='ocrx_word' id='word_1_245' title='bbox 811 2468 888 2528; x_wconf 90' lang='lat' dir='ltr'><strong>Nam</strong></span> <span class='ocrx_word' id='word_1_246' title='bbox 913 2466 1087 2531; x_wconf 84' lang='lat' dir='ltr'><strong>istiusmodi</strong></span> <span class='ocrx_word' id='word_1_247' title='bbox 1105 2484 1205 2531; x_wconf 89' lang='lat' dir='ltr'><strong>metus</strong></span> <span class='ocrx_word' id='word_1_248' title='bbox 1224 2472 1314 2543; x_wconf 83' lang='lat' dir='ltr'><strong>efficit,</strong></span> 
     </span>
     <span class='ocr_line' id='line_1_28' title="bbox 71 2549 1313 2634; baseline 0 -19"><span class='ocrx_word' id='word_1_249' title='bbox 71 2557 133 2616; x_wconf 82' lang='lat'><strong>439</strong></span> <span class='ocrx_word' id='word_1_250' title='bbox 155 2569 206 2630; x_wconf 83' lang='lat' dir='ltr'><strong>ut,</strong></span> <span class='ocrx_word' id='word_1_251' title='bbox 233 2553 286 2634; x_wconf 91' lang='lat' dir='ltr'><strong>qui</strong></span> <span class='ocrx_word' id='word_1_252' title='bbox 310 2573 342 2611; x_wconf 91' lang='lat' dir='ltr'><strong>se</strong></span> <span class='ocrx_word' id='word_1_253' title='bbox 360 2551 523 2612; x_wconf 81' lang='lat' dir='ltr'><strong>foederatis</strong></span> <span class='ocrx_word' id='word_1_254' title='bbox 543 2550 574 2608; x_wconf 92' lang='lat' dir='ltr'><strong>in</strong></span> <span class='ocrx_word' id='word_1_255' title='bbox 593 2552 754 2612; x_wconf 85' lang='lat' dir='ltr'><strong>manifesto</strong></span> <span class='ocrx_word' id='word_1_256' title='bbox 773 2553 909 2633; x_wconf 88' lang='lat' dir='ltr'><strong>periculo</strong></span> <span class='ocrx_word' id='word_1_257' title='bbox 928 2549 1119 2614; x_wconf 82' lang='lat' dir='ltr'><strong>versantibus</strong></span> <span class='ocrx_word' id='word_1_258' title='bbox 1138 2551 1313 2616; x_wconf 81' lang='lat' dir='ltr'><strong>necessarios</strong></span> 
     </span>
     <span class='ocr_line' id='line_1_29' title="bbox 88 2635 1312 2718; baseline 0 -18"><span class='ocrx_word' id='word_1_259' title='bbox 88 2640 91 2646; x_wconf 82' lang='grc'><strong>’</strong></span> <span class='ocrx_word' id='word_1_260' title='bbox 156 2661 222 2700; x_wconf 87' lang='lat' dir='ltr'><strong>esse</strong></span> <span class='ocrx_word' id='word_1_261' title='bbox 242 2639 356 2710; x_wconf 84' lang='lat' dir='ltr'><strong>sciunt,</strong></span> <span class='ocrx_word' id='word_1_262' title='bbox 381 2657 470 2716; x_wconf 89' lang='lat' dir='ltr'><strong>opem</strong></span> <span class='ocrx_word' id='word_1_263' title='bbox 489 2635 596 2694; x_wconf 89' lang='lat' dir='ltr'><strong>iisdem</strong></span> <span class='ocrx_word' id='word_1_264' title='bbox 615 2637 819 2716; x_wconf 88' lang='lat' dir='ltr'><strong>promtissime</strong></span> <span class='ocrx_word' id='word_1_265' title='bbox 837 2638 953 2712; x_wconf 81' lang='lat' dir='ltr'><strong>lerant,</strong></span> <span class='ocrx_word' id='word_1_266' title='bbox 979 2639 1049 2718; x_wconf 90' lang='lat' dir='ltr'><strong>qui,</strong></span> <span class='ocrx_word' id='word_1_267' title='bbox 1067 2652 1154 2699; x_wconf 89' lang='lat' dir='ltr'><strong>metu</strong></span> <span class='ocrx_word' id='word_1_268' title='bbox 1172 2640 1231 2700; x_wconf 91' lang='lat' dir='ltr'><strong>isto</strong></span> <span class='ocrx_word' id='word_1_269' title='bbox 1247 2641 1312 2700; x_wconf 87' lang='lat' dir='ltr'><strong>libe-</strong></span> 
     </span>
     <span class='ocr_line' id='line_1_30' title="bbox 155 2716 1318 2806; baseline 0 -22"><span class='ocrx_word' id='word_1_270' title='bbox 155 2725 229 2797; x_wconf 90' lang='lat' dir='ltr'><strong>rati,</strong></span> <span class='ocrx_word' id='word_1_271' title='bbox 249 2742 354 2783; x_wconf 90' lang='lat' dir='ltr'><strong>omnes</strong></span> <span class='ocrx_word' id='word_1_272' title='bbox 373 2716 448 2780; x_wconf 80' lang='lat' dir='ltr'><strong>fient</strong></span> <span class='ocrx_word' id='word_1_273' title='bbox 466 2719 616 2778; x_wconf 86' lang='lat' dir='ltr'><strong>mitiores:</strong></span> <span class='ocrx_word' id='word_1_274' title='bbox 635 2720 667 2779; x_wconf 92' lang='lat' dir='ltr'><strong>in</strong></span> <span class='ocrx_word' id='word_1_275' title='bbox 686 2742 747 2800; x_wconf 91' lang='lat' dir='ltr'><strong>quo</strong></span> <span class='ocrx_word' id='word_1_276' title='bbox 766 2743 829 2781; x_wconf 91' lang='lat' dir='ltr'><strong>non</strong></span> <span class='ocrx_word' id='word_1_277' title='bbox 846 2744 936 2802; x_wconf 89' lang='lat' dir='ltr'><strong>parva</strong></span> <span class='ocrx_word' id='word_1_278' title='bbox 955 2736 1001 2783; x_wconf 90' lang='lat' dir='ltr'><strong>est</strong></span> <span class='ocrx_word' id='word_1_279' title='bbox 1018 2723 1143 2784; x_wconf 87' lang='lat' dir='ltr'><strong>utilitas.</strong></span> <span class='ocrx_word' id='word_1_280' title='bbox 1173 2724 1220 2785; x_wconf 89' lang='lat' dir='ltr'><strong>Ae</strong></span> <span class='ocrx_word' id='word_1_281' title='bbox 1238 2725 1318 2806; x_wconf 57' lang='lat' dir='ltr'><strong>oppi,</strong></span> 
     </span>
     <span class='ocr_line' id='line_1_31' title="bbox 102 2801 1312 2890; baseline 0.001 -22"><span class='ocrx_word' id='word_1_282' title='bbox 102 2865 106 2873; x_wconf 77' lang='grc'>,</span> <span class='ocrx_word' id='word_1_283' title='bbox 156 2809 248 2869; x_wconf 89' lang='lat' dir='ltr'><strong>datim</strong></span> <span class='ocrx_word' id='word_1_284' title='bbox 266 2801 452 2887; x_wconf 79' lang='lat' dir='ltr'><strong>proclamare</strong></span> <span class='ocrx_word' id='word_1_285' title='bbox 471 2804 541 2863; x_wconf 84' lang='lat' dir='ltr'><strong>talia</strong></span> <span class='ocrx_word' id='word_1_286' title='bbox 559 2805 685 2865; x_wconf 80' lang='lat' dir='ltr'><strong>stultum</strong></span> <span class='ocrx_word' id='word_1_287' title='bbox 703 2805 811 2886; x_wconf 81' lang='lat' dir='ltr'><strong>suerit,</strong></span> <span class='ocrx_word' id='word_1_288' title='bbox 839 2807 900 2866; x_wconf 91' lang='lat' dir='ltr'><strong>imo</strong></span> <span class='ocrx_word' id='word_1_289' title='bbox 920 2828 958 2866; x_wconf 93' lang='lat' dir='ltr'><strong>ne</strong></span> <span class='ocrx_word' id='word_1_290' title='bbox 976 2807 1043 2866; x_wconf 88' lang='lat' dir='ltr'><strong>fieri</strong></span> <span class='ocrx_word' id='word_1_291' title='bbox 1063 2810 1188 2888; x_wconf 91' lang='lat' dir='ltr'><strong>quidem</strong></span> <span class='ocrx_word' id='word_1_292' title='bbox 1207 2810 1238 2869; x_wconf 92' lang='lat' dir='ltr'><strong>id</strong></span> <span class='ocrx_word' id='word_1_293' title='bbox 1254 2822 1312 2890; x_wconf 89' lang='lat' dir='ltr'><strong>pot-</strong></span> 
     </span>
     <span class='ocr_line' id='line_1_32' title="bbox 156 2889 1311 2975; baseline 0.001 -22"><span class='ocrx_word' id='word_1_294' title='bbox 156 2906 216 2953; x_wconf 88' lang='lat' dir='ltr'><strong>est:</strong></span> <span class='ocrx_word' id='word_1_295' title='bbox 235 2893 288 2951; x_wconf 92' lang='lat' dir='ltr'><strong>sed</strong></span> <span class='ocrx_word' id='word_1_296' title='bbox 306 2903 399 2971; x_wconf 91' lang='lat' dir='ltr'><strong>prout</strong></span> <span class='ocrx_word' id='word_1_297' title='bbox 415 2909 471 2950; x_wconf 82' lang='lat' dir='ltr'><strong>vos</strong></span> <span class='ocrx_word' id='word_1_298' title='bbox 489 2910 558 2948; x_wconf 91' lang='lat' dir='ltr'><strong>cum</strong></span> <span class='ocrx_word' id='word_1_299' title='bbox 578 2889 694 2948; x_wconf 76' lang='lat' dir='ltr'><strong>civibus</strong></span> <span class='ocrx_word' id='word_1_300' title='bbox 712 2892 822 2951; x_wconf 85' lang='lat' dir='ltr'><strong>vestris</strong></span> <span class='ocrx_word' id='word_1_301' title='bbox 839 2892 936 2973; x_wconf 84' lang='lat' dir='ltr'><strong>egisse</strong></span> <span class='ocrx_word' id='word_1_302' title='bbox 954 2892 1098 2975; x_wconf 81' lang='lat' dir='ltr'><strong>viderint,</strong></span> <span class='ocrx_word' id='word_1_303' title='bbox 1117 2895 1160 2953; x_wconf 88' lang='lat' dir='ltr'><strong>ita</strong></span> <span class='ocrx_word' id='word_1_304' title='bbox 1178 2895 1311 2968; x_wconf 86' lang='lat' dir='ltr'><strong>efficietis,</strong></span> 
     </span>
     <span class='ocr_line' id='line_1_33' title="bbox 101 2973 1310 3057; baseline 0.002 -20"><span class='ocrx_word' id='word_1_305' title='bbox 101 3007 104 3010; x_wconf 93' lang='lat'>·</span> <span class='ocrx_word' id='word_1_306' title='bbox 154 2973 337 3057; x_wconf 86' lang='lat' dir='ltr'><strong>utquisque</strong></span> <span class='ocrx_word' id='word_1_307' title='bbox 356 2997 425 3036; x_wconf 91' lang='lat' dir='ltr'><strong>cum</strong></span> <span class='ocrx_word' id='word_1_308' title='bbox 443 2973 569 3034; x_wconf 88' lang='lat' dir='ltr'><strong>caeteris</strong></span> <span class='ocrx_word' id='word_1_309' title='bbox 589 2975 678 3033; x_wconf 91' lang='lat' dir='ltr'><strong>etiam</strong></span> <span class='ocrx_word' id='word_1_310' title='bbox 697 2988 797 3035; x_wconf 91' lang='lat' dir='ltr'><strong>aetum</strong></span> <span class='ocrx_word' id='word_1_311' title='bbox 815 2975 853 3034; x_wconf 90' lang='lat' dir='ltr'><strong>iri</strong></span> <span class='ocrx_word' id='word_1_312' title='bbox 872 2989 1033 3056; x_wconf 88' lang='lat' dir='ltr'><strong>exspectet.</strong></span> <span class='ocrx_word' id='word_1_313' title='bbox 1049 2979 1187 3038; x_wconf 90' lang='lat' dir='ltr'><strong>Proinde</strong></span> <span class='ocrx_word' id='word_1_314' title='bbox 1205 3000 1310 3053; x_wconf 85' lang='lat' dir='ltr'><strong>censeo,</strong></span> 
     </span>
     <span class='ocr_line' id='line_1_34' title="bbox 153 3056 1310 3145; baseline 0 -23"><span class='ocrx_word' id='word_1_315' title='bbox 153 3081 255 3141; x_wconf 88' lang='lat' dir='ltr'><strong>neque</strong></span> <span class='ocrx_word' id='word_1_316' title='bbox 274 3059 443 3132; x_wconf 83' lang='lat' dir='ltr'><strong>civitatem,</strong></span> <span class='ocrx_word' id='word_1_317' title='bbox 469 3076 570 3137; x_wconf 90' lang='lat' dir='ltr'><strong>neque</strong></span> <span class='ocrx_word' id='word_1_318' title='bbox 588 3056 717 3132; x_wconf 75' lang='lat' dir='ltr'><strong>ducem,</strong></span> <span class='ocrx_word' id='word_1_319' title='bbox 735 3058 837 3144; x_wconf 84' lang='lat' dir='ltr'><strong>neque</strong></span> <span class='ocrx_word' id='word_1_320' title='bbox 856 3058 1024 3136; x_wconf 81' lang='lat' dir='ltr'><strong>oratorem,</strong></span> <span class='ocrx_word' id='word_1_321' title='bbox 1050 3084 1154 3143; x_wconf 87' lang='lat' dir='ltr'><strong>neque</strong></span> <span class='ocrx_word' id='word_1_322' title='bbox 1170 3060 1310 3145; x_wconf 89' lang='lat' dir='ltr'><strong>plebeium</strong></span> 
     </span>
     <span class='ocr_line' id='line_1_35' title="bbox 154 3140 1312 3229; baseline 0.003 -24"><span class='ocrx_word' id='word_1_323' title='bbox 154 3143 338 3226; x_wconf 88' lang='lat' dir='ltr'><strong>quemquam</strong></span> <span class='ocrx_word' id='word_1_324' title='bbox 363 3152 488 3215; x_wconf 85' lang='lat' dir='ltr'><strong>eorum,</strong></span> <span class='ocrx_word' id='word_1_325' title='bbox 514 3142 566 3222; x_wconf 91' lang='lat' dir='ltr'><strong>qui</strong></span> <span class='ocrx_word' id='word_1_326' title='bbox 580 3140 810 3204; x_wconf 81' lang='lat' dir='ltr'><strong>-au&#39;telia&#39;c&#39;eum</strong></span> <span class='ocrx_word' id='word_1_327' title='bbox 830 3145 1002 3229; x_wconf 83' lang='lat' dir='ltr'><strong>defendisse</strong></span> <span class='ocrx_word' id='word_1_328' title='bbox 1026 3143 1158 3223; x_wconf 80' lang='lat' dir='ltr'><strong>statum,</strong></span> <span class='ocrx_word' id='word_1_329' title='bbox 1186 3149 1238 3229; x_wconf 89' lang='lat' dir='ltr'><strong>q&#39;ui</strong></span> <span class='ocrx_word' id='word_1_330' title='bbox 1257 3156 1312 3209; x_wconf 86' lang='lat' dir='ltr'><strong>tu&#39;n</strong></span> 
     </span>
     <span class='ocr_line' id='line_1_36' title="bbox 90 3225 1312 3316; baseline 0.002 -26"><span class='ocrx_word' id='word_1_331' title='bbox 90 3273 93 3278; x_wconf 90' lang='lat'><em>-</em></span> <span class='ocrx_word' id='word_1_332' title='bbox 152 3230 229 3304; x_wconf 84' lang='lat' dir='ltr'><strong>fuit,</strong></span> <span class='ocrx_word' id='word_1_333' title='bbox 247 3229 304 3289; x_wconf 90' lang='lat' dir='ltr'><strong>visi</strong></span> <span class='ocrx_word' id='word_1_334' title='bbox 323 3241 411 3301; x_wconf 89' lang='lat' dir='ltr'><strong>sunt,</strong></span> <span class='ocrx_word' id='word_1_335' title='bbox 430 3249 445 3286; x_wconf 91' lang='lat' dir='ltr'><strong>a</strong></span> <span class='ocrx_word' id='word_1_336' title='bbox 465 3234 618 3306; x_wconf 85' lang='lat' dir='ltr'><strong>quoquam</strong></span> <span class='ocrx_word' id='word_1_337' title='bbox 635 3228 700 3288; x_wconf 86' lang='lat' dir='ltr'><strong>ullo</strong></span> <span class='ocrx_word' id='word_1_338' title='bbox 719 3230 811 3288; x_wconf 91' lang='lat' dir='ltr'><strong>modo</strong></span> <span class='ocrx_word' id='word_1_339' title='bbox 829 3231 877 3294; x_wconf 72' lang='lat' dir='ltr'><strong>nel</strong></span> <span class='ocrx_word' id='word_1_340' title='bbox 895 3225 1074 3311; x_wconf 84' lang='lat' dir='ltr'><strong>taxandum,</strong></span> <span class='ocrx_word' id='word_1_341' title='bbox 1091 3233 1141 3293; x_wconf 88' lang='lat' dir='ltr'><strong>vel</strong></span> <span class='ocrx_word' id='word_1_342' title='bbox 1161 3233 1312 3316; x_wconf 87' lang='lat' dir='ltr'><strong>obiurgan-</strong></span> 
     </span>
     <span class='ocr_line' id='line_1_37' title="bbox 154 3311 1311 3400; baseline 0.002 -26"><span class='ocrx_word' id='word_1_343' title='bbox 154 3316 242 3374; x_wconf 84' lang='lat' dir='ltr'><strong>dum:</strong></span> <span class='ocrx_word' id='word_1_344' title='bbox 273 3315 327 3378; x_wconf 88' lang='lat' dir='ltr'><strong>sed</strong></span> <span class='ocrx_word' id='word_1_345' title='bbox 355 3312 585 3372; x_wconf 87' lang='lat' dir='ltr'><strong>eoncedendum</strong></span> <span class='ocrx_word' id='word_1_346' title='bbox 603 3311 779 3387; x_wconf 72' lang='lat' dir='ltr'><strong>essehoc,</strong></span> <span class='ocrx_word' id='word_1_347' title='bbox 802 3323 910 3374; x_wconf 67' lang='lat' dir='ltr'><strong>‘ornnes</strong></span> <span class='ocrx_word' id='word_1_348' title='bbox 937 3312 1016 3376; x_wconf 84' lang='lat' dir='ltr'><strong>cives</strong></span> <span class='ocrx_word' id='word_1_349' title='bbox 1044 3338 1078 3376; x_wconf 92' lang='lat' dir='ltr'><strong>ea</strong></span> <span class='ocrx_word' id='word_1_350' title='bbox 1106 3318 1222 3400; x_wconf 83' lang='lat' dir='ltr'><strong>egisse,</strong></span> <span class='ocrx_word' id='word_1_351' title='bbox 1248 3337 1311 3399; x_wconf 88' lang='lat' dir='ltr'><strong>quae</strong></span> 
     </span>
     <span class='ocr_line' id='line_1_38' title="bbox 126 3393 1311 3485; baseline 0.003 -26"><span class='ocrx_word' id='word_1_352' title='bbox 126 3468 130 3474; x_wconf 37' lang='grc'>,</span> <span class='ocrx_word' id='word_1_353' title='bbox 154 3397 306 3481; x_wconf 90' lang='lat' dir='ltr'><strong>oportuit,</strong></span> <span class='ocrx_word' id='word_1_354' title='bbox 318 3411 508 3479; x_wconf 86' lang='lat' dir='ltr'><strong>postquam,</strong></span> <span class='ocrx_word' id='word_1_355' title='bbox 531 3396 719 3479; x_wconf 83' lang='lat' dir='ltr'><strong>benignitate</strong></span> <span class='ocrx_word' id='word_1_356' title='bbox 738 3393 828 3457; x_wconf 72' lang='lat' dir='ltr'><strong>decim</strong></span> <span class='ocrx_word' id='word_1_357' title='bbox 847 3405 1022 3463; x_wconf 78' lang='lat' dir='ltr'><strong>conservata</strong></span> <span class='ocrx_word' id='word_1_358' title='bbox 1039 3402 1216 3485; x_wconf 87' lang='lat' dir='ltr'><strong>republica,</strong></span> <span class='ocrx_word' id='word_1_359' title='bbox 1237 3403 1311 3464; x_wconf 83' lang='lat' dir='ltr'><strong>vobis</strong></span> 
     </span>
     <span class='ocr_line' id='line_1_39' title="bbox 152 3477 1312 3570; baseline 0.003 -27"><span class='ocrx_word' id='word_1_360' title='bbox 152 3484 270 3544; x_wconf 90' lang='lat' dir='ltr'><strong>licitum</strong></span> <span class='ocrx_word' id='word_1_361' title='bbox 296 3483 342 3542; x_wconf 89' lang='lat' dir='ltr'><strong>est</strong></span> <span class='ocrx_word' id='word_1_362' title='bbox 365 3484 403 3542; x_wconf 92' lang='lat' dir='ltr'><strong>de</strong></span> <span class='ocrx_word' id='word_1_363' title='bbox 427 3482 547 3563; x_wconf 88' lang='lat' dir='ltr'><strong>integro</strong></span> <span class='ocrx_word' id='word_1_364' title='bbox 566 3480 831 3543; x_wconf 69' lang='lat' dir='ltr'><strong>testro‘arhitratn</strong></span> <span class='ocrx_word' id='word_1_365' title='bbox 850 3478 1031 3544; x_wconf 76' lang='lat' dir='ltr'><strong>deliberare:</strong></span> <span class='ocrx_word' id='word_1_366' title='bbox 1059 3477 1098 3546; x_wconf 49' lang='lat' dir='ltr'><strong>et‘</strong></span> <span class='ocrx_word' id='word_1_367' title='bbox 1116 3488 1312 3570; x_wconf 83' lang='lat' dir='ltr'><strong>cogitandum,</strong></span> 
     </span>
     <span class='ocr_line' id='line_1_40' title="bbox 153 3565 1311 3654; baseline 0.003 -26"><span class='ocrx_word' id='word_1_368' title='bbox 153 3569 409 3647; x_wconf 90' lang='lat' dir='ltr'><strong>quemadmodum</strong></span> <span class='ocrx_word' id='word_1_369' title='bbox 427 3566 459 3628; x_wconf 91' lang='lat' dir='ltr'><strong>in</strong></span> <span class='ocrx_word' id='word_1_370' title='bbox 477 3565 567 3639; x_wconf 81' lang='lat' dir='ltr'><strong>navi,</strong></span> <span class='ocrx_word' id='word_1_371' title='bbox 580 3588 647 3626; x_wconf 91' lang='lat' dir='ltr'><strong>eum</strong></span> <span class='ocrx_word' id='word_1_372' title='bbox 663 3566 695 3626; x_wconf 92' lang='lat' dir='ltr'><strong>bi</strong></span> <span class='ocrx_word' id='word_1_373' title='bbox 711 3567 931 3643; x_wconf 86' lang='lat' dir='ltr'><strong>velificatione,</strong></span> <span class='ocrx_word' id='word_1_374' title='bbox 949 3570 993 3629; x_wconf 90' lang='lat' dir='ltr'><strong>illi</strong></span> <span class='ocrx_word' id='word_1_375' title='bbox 1005 3571 1216 3654; x_wconf 18' lang='lat' dir='ltr'><strong>,remigatione</strong></span> <span class='ocrx_word' id='word_1_376' title='bbox 1233 3586 1311 3633; x_wconf 90' lang='lat' dir='ltr'><strong>uten-</strong></span> 
     </span>
     <span class='ocr_line' id='line_1_41' title="bbox 153 3649 1313 3734; baseline 0.004 -21"><span class='ocrx_word' id='word_1_377' title='bbox 153 3652 225 3713; x_wconf 88' lang='lat' dir='ltr'><strong>dum</strong></span> <span class='ocrx_word' id='word_1_378' title='bbox 244 3664 388 3723; x_wconf 83' lang='lat' dir='ltr'><strong>censent,</strong></span> <span class='ocrx_word' id='word_1_379' title='bbox 405 3650 466 3710; x_wconf 92' lang='lat' dir='ltr'><strong>dici</strong></span> <span class='ocrx_word' id='word_1_380' title='bbox 484 3649 520 3710; x_wconf 89' lang='lat' dir='ltr'><strong>ab</strong></span> <span class='ocrx_word' id='word_1_381' title='bbox 539 3650 676 3730; x_wconf 88' lang='lat' dir='ltr'><strong>utrisque</strong></span> <span class='ocrx_word' id='word_1_382' title='bbox 695 3651 801 3733; x_wconf 85' lang='lat' dir='ltr'><strong>omnia¹</strong></span> <span class='ocrx_word' id='word_1_383' title='bbox 815 3667 941 3734; x_wconf 85' lang='lat' dir='ltr'><strong>propter</strong></span> <span class='ocrx_word' id='word_1_384' title='bbox 957 3655 1086 3715; x_wconf 84' lang='lat' dir='ltr'><strong>salutem</strong></span> <span class='ocrx_word' id='word_1_385' title='bbox 1104 3659 1267 3731; x_wconf 86' lang='lat' dir='ltr'><strong>tuendam,</strong></span> <span class='ocrx_word' id='word_1_386' title='bbox 1287 3657 1313 3719; x_wconf 86' lang='lat' dir='ltr'><strong>id</strong></span> 
     </span>
     <span class='ocr_line' id='line_1_42' title="bbox 90 3731 1312 3819; baseline 0.002 -21"><span class='ocrx_word' id='word_1_387' title='bbox 90 3803 97 3819; x_wconf 33' lang='lat'><strong><em>⁴</em></strong></span> <span class='ocrx_word' id='word_1_388' title='bbox 151 3732 225 3799; x_wconf 66' lang='lat' dir='ltr'><strong>v&#39;ero</strong></span> <span class='ocrx_word' id='word_1_389' title='bbox 243 3736 410 3817; x_wconf 82' lang='lat' dir='ltr'><strong>p&#39;ra&#39;elatnm</strong></span> <span class='ocrx_word' id='word_1_390' title='bbox 430 3742 495 3794; x_wconf 85' lang='lat' dir='ltr'><strong>esse</strong></span> <span class='ocrx_word' id='word_1_391' title='bbox 508 3734 692 3808; x_wconf 80' lang='lat' dir='ltr'><strong>consilium,</strong></span> <span class='ocrx_word' id='word_1_392' title='bbox 729 3733 908 3816; x_wconf 80' lang='lat' dir='ltr'><strong>quodcum</strong></span> <span class='ocrx_word' id='word_1_393' title='bbox 926 3740 1053 3799; x_wconf 85' lang='lat' dir='ltr'><strong>deorum</strong></span> <span class='ocrx_word' id='word_1_394' title='bbox 1070 3731 1234 3802; x_wconf 75' lang='lat' dir='ltr'><strong>voluntate</strong></span> <span class='ocrx_word' id='word_1_395' title='bbox 1250 3764 1312 3803; x_wconf 89' lang='lat' dir='ltr'><strong>con-</strong></span> 
     </span>
     <span class='ocr_line' id='line_1_43' title="bbox 151 3816 1312 3905; baseline 0.007 -26"><span class='ocrx_word' id='word_1_396' title='bbox 151 3822 275 3905; x_wconf 85' lang='lat' dir='ltr'><strong>gruerit.</strong></span> <span class='ocrx_word' id='word_1_397' title='bbox 304 3819 424 3895; x_wconf 82' lang='lat' dir='ltr'><strong>Quodsi</strong></span> <span class='ocrx_word' id='word_1_398' title='bbox 448 3820 679 3902; x_wconf 66' lang='lat' dir='ltr'><strong>de&#39;praete‘ritis</strong></span> <span class='ocrx_word' id='word_1_399' title='bbox 705 3821 742 3880; x_wconf 90' lang='lat' dir='ltr'><strong>ad</strong></span> <span class='ocrx_word' id='word_1_400' title='bbox 767 3816 998 3884; x_wconf 68' lang='lat' dir='ltr'><strong>bu&#39;n&#39;emodum</strong></span> <span class='ocrx_word' id='word_1_401' title='bbox 1023 3824 1208 3886; x_wconf 84' lang='lat' dir='ltr'><strong>statueritis:</strong></span> <span class='ocrx_word' id='word_1_402' title='bbox 1233 3822 1312 3897; x_wconf 79' lang='lat' dir='ltr'><strong>fidem</strong></span> 
     </span>
     <span class='ocr_line' id='line_1_44' title="bbox 135 3903 1313 3993; baseline 0.008 -29"><span class='ocrx_word' id='word_1_403' title='bbox 135 3903 313 3987; x_wconf 71' lang='lat' dir='ltr'><strong>¹invenietis</strong></span> <span class='ocrx_word' id='word_1_404' title='bbox 332 3903 412 3987; x_wconf 82' lang='lat' dir='ltr'><strong>apud</strong></span> <span class='ocrx_word' id='word_1_405' title='bbox 430 3906 552 3976; x_wconf 85' lang='lat' dir='ltr'><strong>omnes,</strong></span> <span class='ocrx_word' id='word_1_406' title='bbox 569 3916 611 3963; x_wconf 78' lang='lat' dir='ltr'><strong>‘et</strong></span> <span class='ocrx_word' id='word_1_407' title='bbox 630 3904 731 3985; x_wconf 83' lang='lat' dir='ltr'><strong>officio</strong></span> <span class='ocrx_word' id='word_1_408' title='bbox 751 3904 903 3985; x_wconf 75' lang='lat' dir='ltr'><strong>benorum</strong></span> <span class='ocrx_word' id='word_1_409' title='bbox 920 3903 1057 3968; x_wconf 69' lang='lat' dir='ltr'><strong>&#39;virorum&#39;</strong></span> <span class='ocrx_word' id='word_1_410' title='bbox 1074 3909 1267 3993; x_wconf 87' lang='lat' dir='ltr'><strong>sungemini,</strong></span> <span class='ocrx_word' id='word_1_411' title='bbox 1289 3924 1313 3974; x_wconf 90' lang='lat' dir='ltr'><strong>et</strong></span> 
     </span>
     <span class='ocr_line' id='line_1_45' title="bbox 150 3985 1313 4079; baseline 0.009 -32"><span class='ocrx_word' id='word_1_412' title='bbox 150 3990 210 4049; x_wconf 75' lang='lat' dir='ltr'><strong>‘res&#39;</strong></span> <span class='ocrx_word' id='word_1_413' title='bbox 222 4002 346 4074; x_wconf 66' lang='lat' dir='ltr'><strong>uestras</strong></span> <span class='ocrx_word' id='word_1_414' title='bbox 361 4008 424 4047; x_wconf 89' lang='lat' dir='ltr'><strong>non</strong></span> <span class='ocrx_word' id='word_1_415' title='bbox 449 3992 555 4069; x_wconf 86' lang='lat' dir='ltr'><strong>parum</strong></span> <span class='ocrx_word' id='word_1_416' title='bbox 569 3985 723 4079; x_wconf 76' lang='lat' dir='ltr'><strong>erigetis,</strong></span> <span class='ocrx_word' id='word_1_417' title='bbox 748 4002 780 4049; x_wconf 89' lang='lat' dir='ltr'><strong>et</strong></span> <span class='ocrx_word' id='word_1_418' title='bbox 802 3993 871 4069; x_wconf 76' lang='lat' dir='ltr'><strong>eos,</strong></span> <span class='ocrx_word' id='word_1_419' title='bbox 896 3993 950 4070; x_wconf 91' lang='lat' dir='ltr'><strong>qui</strong></span> <span class='ocrx_word' id='word_1_420' title='bbox 973 3992 1006 4057; x_wconf 87' lang='lat' dir='ltr'><strong>i&#39;n</strong></span> <span class='ocrx_word' id='word_1_421' title='bbox 1023 3992 1154 4056; x_wconf 85' lang='lat' dir='ltr'><strong>urbibus</strong></span> <span class='ocrx_word' id='word_1_422' title='bbox 1174 3989 1313 4058; x_wconf 80' lang='lat' dir='ltr'><strong>adversati</strong></span> 
     </span>
     <span class='ocr_line' id='line_1_46' title="bbox 150 4069 1314 4156; baseline 0.009 -25"><span class='ocrx_word' id='word_1_423' title='bbox 150 4070 244 4151; x_wconf 63' lang='lat' dir='ltr'><strong>vobisj</strong></span> <span class='ocrx_word' id='word_1_424' title='bbox 262 4074 405 4146; x_wconf 84' lang='lat' dir='ltr'><strong>fuerunt,</strong></span> <span class='ocrx_word' id='word_1_425' title='bbox 436 4094 472 4132; x_wconf 91' lang='lat' dir='ltr'><strong>eo</strong></span> <span class='ocrx_word' id='word_1_426' title='bbox 499 4070 723 4154; x_wconf 77' lang='lat' dir='ltr'><strong>redigetis,&#39;&#39;ut</strong></span> <span class='ocrx_word' id='word_1_427' title='bbox 747 4086 800 4132; x_wconf 89' lang='lat' dir='ltr'><strong>aut</strong></span> <span class='ocrx_word' id='word_1_428' title='bbox 823 4072 949 4134; x_wconf 83' lang='lat' dir='ltr'><strong>consilia</strong></span> <span class='ocrx_word' id='word_1_429' title='bbox 974 4088 1094 4144; x_wconf 84' lang='lat' dir='ltr'><strong>mutent</strong></span> <span class='ocrx_word' id='word_1_430' title='bbox 1119 4069 1246 4156; x_wconf 79' lang='lat' dir='ltr'><strong>omnes,</strong></span> <span class='ocrx_word' id='word_1_431' title='bbox 1265 4088 1314 4141; x_wconf 78' lang='lat' dir='ltr'><strong>&#39;a&#39;ut</strong></span> 
     </span>
     <span class='ocr_line' id='line_1_47' title="bbox 151 4155 1313 4246; baseline 0.007 -30"><span class='ocrx_word' id='word_1_432' title='bbox 151 4155 390 4236; x_wconf 69' lang='lat' dir='ltr'><strong>omnino&#39;[aliqui</strong></span> <span class='ocrx_word' id='word_1_433' title='bbox 409 4158 478 4216; x_wconf 79' lang='lat' dir='ltr'><strong>esse</strong></span> <span class='ocrx_word' id='word_1_434' title='bbox 492 4156 525 4215; x_wconf 85' lang='lat' dir='ltr'><strong>in</strong></span> <span class='ocrx_word' id='word_1_435' title='bbox 537 4155 706 4236; x_wconf 78' lang='lat' dir='ltr'><strong>&#39;eulpa&#39;ipsi</strong></span> <span class='ocrx_word' id='word_1_436' title='bbox 723 4157 889 4217; x_wconf 85' lang='lat' dir='ltr'><strong>videantur.</strong></span> <span class='ocrx_word' id='word_1_437' title='bbox 910 4158 997 4233; x_wconf 85' lang='lat' dir='ltr'><strong>Quae</strong></span> <span class='ocrx_word' id='word_1_438' title='bbox 1012 4159 1121 4242; x_wconf 82' lang='lat' dir='ltr'><strong>&#39;igitur¹</strong></span> <span class='ocrx_word' id='word_1_439' title='bbox 1131 4183 1148 4222; x_wconf 89' lang='lat' dir='ltr'><strong>e</strong></span> <span class='ocrx_word' id='word_1_440' title='bbox 1159 4165 1313 4246; x_wconf 87' lang='lat' dir='ltr'><strong>&#39;republica</strong></span> 
     </span>
     <span class='ocr_line' id='line_1_48' title="bbox 65 4236 1313 4324; baseline 0.009 -25"><span class='ocrx_word' id='word_1_441' title='bbox 65 4292 73 4299; x_wconf 92' lang='lat'>.</span> <span class='ocrx_word' id='word_1_442' title='bbox 150 4240 240 4322; x_wconf 71' lang='lat' dir='ltr'><strong>sumt,</strong></span> <span class='ocrx_word' id='word_1_443' title='bbox 252 4258 296 4301; x_wconf 68' lang='lat' dir='ltr'><strong>⁴tea</strong></span> <span class='ocrx_word' id='word_1_444' title='bbox 313 4239 429 4320; x_wconf 83' lang='lat' dir='ltr'><strong>magnis</strong></span> <span class='ocrx_word' id='word_1_445' title='bbox 449 4237 555 4300; x_wconf 85' lang='lat' dir='ltr'><strong>animis</strong></span> <span class='ocrx_word' id='word_1_446' title='bbox 575 4252 606 4300; x_wconf 89' lang='lat' dir='ltr'><strong>et</strong></span> <span class='ocrx_word' id='word_1_447' title='bbox 624 4239 753 4300; x_wconf 84' lang='lat' dir='ltr'><strong>civiliter</strong></span> <span class='ocrx_word' id='word_1_448' title='bbox 769 4236 973 4303; x_wconf 85' lang='lat' dir='ltr'><strong>administrate</strong></span> <span class='ocrx_word' id='word_1_449' title='bbox 981 4241 1045 4318; x_wconf 75' lang='lat' dir='ltr'><strong>,et</strong></span> <span class='ocrx_word' id='word_1_450' title='bbox 1062 4244 1256 4324; x_wconf 44' lang='lat' dir='ltr'><strong>privatarum.</strong></span> <span class='ocrx_word' id='word_1_451' title='bbox 1267 4267 1313 4308; x_wconf 82' lang='lat' dir='ltr'><strong>re·</strong></span> 
     </span>
     <span class='ocr_line' id='line_1_49' title="bbox 148 4319 1313 4406; baseline 0.003 -23"><span class='ocrx_word' id='word_1_452' title='bbox 148 4334 219 4383; x_wconf 77' lang='lat' dir='ltr'><strong>rum</strong></span> <span class='ocrx_word' id='word_1_453' title='bbox 235 4321 450 4383; x_wconf 74' lang='lat' dir='ltr'><strong>recordamini</strong></span> <span class='ocrx_word' id='word_1_454' title='bbox 473 4319 575 4402; x_wconf 76' lang='lat' dir='ltr'><strong>Atque</strong></span> <span class='ocrx_word' id='word_1_455' title='bbox 593 4322 668 4385; x_wconf 80' lang='lat' dir='ltr'><strong>baec</strong></span> <span class='ocrx_word' id='word_1_456' title='bbox 685 4339 744 4406; x_wconf 83' lang='lat' dir='ltr'><strong>ego</strong></span> <span class='ocrx_word' id='word_1_457' title='bbox 757 4331 893 4399; x_wconf 76' lang='lat' dir='ltr'><strong>moues,</strong></span> <span class='ocrx_word' id='word_1_458' title='bbox 917 4324 982 4387; x_wconf 87' lang='lat' dir='ltr'><strong>non</strong></span> <span class='ocrx_word' id='word_1_459' title='bbox 999 4322 1130 4392; x_wconf 79' lang='lat' dir='ltr'><strong>ea&#39;udem</strong></span> <span class='ocrx_word' id='word_1_460' title='bbox 1147 4324 1313 4396; x_wconf 79' lang='lat' dir='ltr'><strong>humanita-</strong></span> 
     </span>
    </p>
   </div>
   <div class='ocr_carea' id='block_1_3' title="bbox 0 0 1366 4754">
    <p class='ocr_par' dir='ltr' id='par_1_3' title="bbox 0 0 1366 4754">
     <span class='ocr_line' id='line_1_50' title="bbox 0 0 1366 4754; baseline 0 1"><span class='ocrx_word' id='word_1_461' title='bbox 0 0 1366 4754; x_wconf 95' lang='lat' dir='ltr'><strong> </strong></span> 
     </span>
    </p>
   </div>
  </div>
 </body>
</html>
