2746 4748
131 175 200 239 aas
264 134 275 145 ’
388 146 1064 264 nanosnnnnrsnx-enrmo

118 326 350 395 „tumniahatur
394 321 439 387 Ac
457 343 495 384 ne
514 322 558 383 ibi
576 323 699 403 quidem
718 344 825 393 eorum
843 325 1026 407 quicquam,
1045 327 1087 387 de
1107 325 1226 407 quibus
1242 349 1306 390 nuuc
1320 324 1336 385 ,Ξ

137 426 274 485 accusat,
299 409 408 469 dixisse
426 410 645 488 comperietur:
662 412 723 471 sed
742 423 826 489 reetj
842 413 945 480 uxoris
968 426 1045 478 suae
1064 413 1169 494 patri,
1194 425 1225 473 et
1241 413 1305 474 attii

132 495 393 579 'suo,‡et‚Lysiuo,
411 506 442 554 et
455 494 813 580 Andromeni-permissa,
832 497 961 564 camilli
975 498 1215 580 persuasissent
1226 499 1304 559 Plur-

28 658 33 664 ἱ
137 578 246 655 mioui,
263 595 298 641 ut
315 583 398 649 douo
418 582 502 640 daret
519 578 570 641 isti
584 580 844 644 tria-milliacum
860 583 1051 658 accessione,
1070 597 1107 645 et
1121 585 1254 647 amicum
1267 585 1304 645 lt>

136 670 209 731 bere
229 669 319 745 istum
329 709 344 740 ,.
366 687 457 746 quam¹
472 680 633 746 propterea
651 666 792 736 inimicus
803 688 876 729 esse
896 669 1014 735 mallet:
1043 670 1187 751 acceptis
1205 671 1239 729 in
1253 671 1306 731 uni·

63 746 69 763 '
137 766 257 815 versum
277 751 539 833 quinquiesmille
559 751 710 823 drachmis.
726 774 794 813 cum
814 752 895 820 hunc
914 755 1160 818 omnivcrimine
1179 756 1306 815 liberare

135 840 177 904 rit
195 839 383 911 secundum,
401 835 433 895 in
451 837 604 897 Minervae
624 838 728 898 aedem
748 837 902 921 ingressus
920 853 1064 914 rursum,
1083 854 1127 900 ut
1145 841 1263 913 ridetis,
1279 840 1306 901 li-

137 939 200 1001 tem
225 936 344 995 movet,
374 921 514 981 omnibus
542 923 673 1004 querelis
700 923 887 987 concinnatis
907 939 938 987 et
964 926 1216 987 criminibus'a'b
1240 927 1306 986 unni

133 1011 454 1091 ⁴superiorettempore
474 1009 672 1082 coacervatis,
698 1009 734 1069 iis
747 1009 844 1076 ,etiam
863 1009 961 1092 (qnod
988 1025 1038 1076 est
1063 1012 1215 1079 omniurn
1232 1011 1307 1071 mari-

133 1095 245 1177 mum),
266 1115 347 1174 quae.
361 1093 405 1152 illi
424 1095 578 1172 nunquam
599 1095 758 1163 obiecerat
792 1097 837 1157 Ut
853 1096 949 1178 igitur
965 1097 1042 1159 haec
1062 1120 1079 1157 a
1101 1119 1157 1157 rue
1176 1097 1305 1166 veredici

138 1193 274 1257 constet,
302 1200 377 1259 cape
397 1179 609 1259 coguitionem
632 1180 664 1244 in
683 1201 750 1243 arce
775 1180 882 1242 iactam
902 1197 932 1245 et
955 1184 1184 1248 testimonium
1209 1204 1304 1253 eorun,

70 1280 111 1336 92
135 1269 191 1348 ¹qui
210 1267 389 1336 adfuerunt,
413 1286 484 1331 cum
501 1264 711 1346 Apollodorus
728 1267 895 1347 ,pecuniam
920 1259 1084 1350 accipiens⁸
1099 1269 1304 1333 Phormionem

139 1352 281 1414 omnibus
300 1348 476 1412 criminibus
497 1350 648 1411 liberaret.
762 1408 769 1417 ,
846 1390 859 1419 .,
895 1394 898 1399 -
947 1373 977 1413 ·,
1005 1398 1007 1405 .
1034 1402 1059 1419 ,,
1098 1372 1101 1376 Α

439 1497 658 1559 cocurrro.
702 1467 1028 1565 resr1m'o'n1uin
1124 1480 1128 1485 ’

224 1606 346 1669 Auditis
366 1606 588 1688 cognitionem,
606 1605 736 1680 ludices,
753 1630 769 1667 a
786 1607 877 1668 Dinia
894 1609 1020 1684 factam,
1040 1609 1139 1670 cuius
1159 1611 1218 1671 iste
1232 1609 1302 1669 tilirn

139 1696 325 1770 habeb-eta
343 1692 439 1766 Nicia,
457 1691 507 1751 cui
525 1712 614 1751 soror
630 1692 733 1753 uxoris
750 1693 822 1765 eius·
835 1707 936 1774 nupta.
948 1704 1014 1755 est(
1040 1696 1103 1757 His
1124 1697 1225 1778 igitur
1237 1716 1297 1755 acce·

138 1777 460 1865 ptis„transactisque
485 1776 576 1839 rebus
604 1777 764 1851 omnibus,
789 1791 931 1858 tanquam
950 1795 1003 1862 aut
1022 1781 1056 1839 hi
1077 1803 1196 1841 omnes
1212 1778 1299 1841 nomi

140 1879 268 1940 essent,
279 1877 331 1924 aut
349 1884 454 1923 verum
472 1861 504 1921 in
522 1862 621 1923 lucem
639 1862 849 1943 proferrinon
867 1879 988 1945 posset,
1007 1858 1211 1928 actione‘tot
1225 1865 1297 1926 talen

140 1942 204 2031 tim
226 1951 368 2013 instituta
383 1947 416 2006 in
440 1946 587 2007 iudicium
613 1947 715 2007 venire
741 1950 840 2008 audet.
855 2012 858 2017 ,
872 1949 919 2009 Ac
937 1972 1022 2030 quae
1033 1950 1226 2020 Phormioni
1243 1971 1297 2017 cun
1318 2018 1320 2023 ,

139 2037 332 2120 Apollodoro
357 2032 480 2116 negotia
505 2032 757 2107 intercesserunt,
790 2055 927 2115 quaeque
952 2036 1159 2112 factasunt,
1179 2034 1294 2109 abinitio

136 2122 295 2195 ¹audivistis
314 2119 431 2192 omnia,
448 2117 660 2201 Athenienses,
677 2117 822 2187 Arbitror
838 2132 949 2194 autem,
966 2121 1217 2202 Apollodorum,
1229 2117 1291 2200 quod

139 2206 229 2288 aequi
248 2206 348 2267 dicere
365 2203 443 2279 nihil
461 2204 560 2284 possit
577 2205 614 2263 de
633 2203 752 2264 actione
770 2226 833 2279 sua,
851 2206 1012 2275 allaturum
1033 2228 1107 2268 esse
1131 2232 1178 2282 ea,
1195 2214 1293 2288 queret

137 2294 218 2376 apud
236 2292 383 2359 arbitrum
403 2289 491 2349 dixit:
514 2288 606 2349 matri
619 2289 657 2349 ab
675 2289 733 2360 hoc
750 2311 944 2370 persuasum,
968 2306 1004 2352 ut
1023 2294 1155 2373 tabulas
1176 2292 1293 2360 aboleret,

139 2379 250 2462 quibus
269 2375 396 2460 perditis
415 2396 478 2435 uon
496 2375 675 2447 haherese,
701 2396 762 2454 quo
781 2389 871 2455 pactu
888 2398 953 2437 eam
971 2400 1039 2439 rem
1060 2392 1211 2460 oporteat
1224 2372 1290 2456 liqui·

139 2467 179 2529 do
199 2462 330 2547 coargui.
364 2462 411 2520 lle
430 2460 477 2519 his
496 2459 590 2542 igitur
608 2474 638 2522 et
656 2460 714 2534 huc
733 2459 874 2534 crimine,
899 2462 1017 2538 videte,
1038 2486 1181 2545 quaeso,
1198 2459 1291 2544 quantis

137 2549 324 2635 argumentis
343 2545 482 2606 convinci
500 2544 648 2605 mendacii
667 2559 764 2624 queat
806 2547 959 2621 Primum,
976 2548 1211 2622 Athenienses,
1230 2546 1293 2626 quis

139 2660 207 2699 nam
221 2626 438 2719 patrimonium
452 2624 606 2690 divideict
618 2651 681 2691 non
695 2632 826 2711 acceptis
836 2631 1079 2707 ¹tabulis,unde,
1099 2648 1243 2724 quantum
1257 2651 1291 2691 re·

137 2722 244 2784 lictum
263 2729 361 2792 esset,
386 2715 607 2799 cognosceret?
641 2716 738 2779 Nemo
756 2738 828 2777 sane
854 2718 998 2779 omnium.
1034 2719 1081 2780 At
1101 2714 1292 2800 duodeuiginti

137 2807 209 2871 anni
228 2816 314 2878 sunt,
333 2825 403 2864 cum
420 2801 567 2863 divisisti:
591 2821 689 2880 neque
709 2803 873 2874 ostendere
888 2804 1019 2885 poteris,
1038 2828 1182 2886 unquam
1199 2813 1291 2865 essett

137 2902 339 2970 conquestum
358 2889 395 2947 de
414 2886 532 2949 tabulis
563 2886 693 2958 Deinde,
713 2887 779 2966 quis
798 2909 871 2963 non,
889 2909 957 2948 eum
975 2890 1126 2964 Pasicles,
1144 2892 1190 2952 vir
1206 2892 1292 2953 sactus

136 2972 239 3062 gestae
259 2972 370 3036 tutelae
395 2970 530 3031 rationes
553 2983 744 3050 reposceret,
765 2971 794 3030 si
812 2993 916 3052 perse
943 2970 1102 3044 criminari
1128 2971 1291 3037 matremde

136 3060 259 3123 abolitis
285 3055 395 3133 tabulis
422 3076 484 3116 non
504 3067 584 3115 esset
607 3077 713 3129 ausus,
735 3056 820 3116 eiid
839 3059 1016 3133 iudicasset,
1040 3073 1080 3121 ut
1098 3084 1158 3141 per
1176 3084 1242 3127 eum
1255 3076 1291 3115 res

135 3146 232 3229 palam
251 3142 359 3207 lieret?
376 3138 528 3219 Denique,
548 3139 658 3219 quihus
675 3162 690 3200 e
708 3141 819 3202 tabulis
830 3143 948 3217 kiudicia
964 3144 1122 3211 dictabas?
1141 3151 1201 3207 lste
1217 3142 1291 3211 enin,

137 3230 239 3305 multis
258 3227 368 3288 civium
387 3226 419 3285 in
437 3225 483 3284 ius
502 3224 634 3298 voeatis,
651 3248 788 3308 magnam
801 3230 967 3307 pecuniam
986 3229 1107 3312 exegit,
1126 3226 1289 3293 sentenia

135 3314 324 3381 actionibus:
348 3313 500 3373 Damnum
519 3310 768 3383 mihideditjille
787 3334 851 3372 non
875 3315 1033 3375 reddendo
1051 3307 1200 3397 argento,
1218 3302 1285 3392 prod

137 3403 249 3467 debere
269 3422 337 3469 eum
363 3409 449 3479 pater
465 3395 541 3458 milri
565 3396 884 3475 reliquit-intabulis.
919 3398 961 3458 At
977 3399 1003 3463 si
1022 3399 1163 3483 abolitae
1184 3401 1290 3461 luerunt

136 3487 269 3555 tabulae:
289 3483 400 3565 quihus
420 3505 436 3543 e
451 3482 560 3544 tabulis
580 3482 690 3543 iudicia
708 3482 940 3547 dicmbasi'Sed
957 3484 1062 3545 lucca
1076 3508 1131 3546 me
1150 3480 1291 3553 vere-clici,

135 3589 201 3637 tum
221 3572 330 3633 efacta
351 3558 519 3642 divisione,
537 3580 603 3629 tum
620 3589 637 3631 e
656 3567 838 3633 testimoniis
857 3568 1021 3638 audivistis.
1063 3569 1232 3635 Actionum
1248 3589 1291 3629 ar·
1327 3634 1332 3641 ,

135 3675 197 3725 tem
215 3659 334 3719 illarum
353 3654 439 3714 vobis
458 3652 631 3714 testimonia
649 3651 864 3712 recitabuntur.
884 3649 966 3734 Cape
982 3655 1172 3717 testimonia.
1227 3674 1231 3683 “
1297 3644 1301 3651 ’

66 3815 106 3871 93
540 3768 897 3851 aemimonto

220 3917 255 3975 ln
274 3913 320 3975 his
341 3910 435 3994 igitur
452 3906 622 3983 actionibus
648 3885 799 3988 recepisse
815 3886 849 3968 se
865 3921 1002 3988 paternas
1026 3909 1150 3971 tabulas
1174 3918 1292 3970 testatus

134 4004 181 4073 Ne
204 4024 243 4065 uc
263 3999 395 4073 enimse
414 3994 662 4059 calumniatorem
681 3993 780 4075 egisse
794 3994 945 4073 prolecto,
963 4007 1016 4054 aut
1037 4015 1072 4056 ea
1090 3990 1293 4077 postulasseis

133 4086 267 4169 iuditio,
287 4078 364 4169 puae
383 4104 447 4145 non
464 4079 667 4153 deberentur,
692 4079 829 4139 fateatur.
864 4079 1056 4160 Quamquam
1075 4094 1182 4142 autern
1200 4094 1292 4159 magn

171 4172 279 4255 ,mlle
297 4169 409 4239 indicia
427 4179 515 4241 sunt,
541 4186 556 4227 e
576 4165 686 4245 quibus
705 4177 865 4247 appareat,
879 4163 1100 4227 Phormionem
1119 4164 1206 4227 omni
1222 4181 1291 4258 raet·

215 4250 221 4267 ’
282 4278 291 4321 t
314 4256 391 4327 illud
410 4266 512 4317 tamen
529 4250 666 4312 omnium
685 4271 752 4313 esse
769 4248 930 4326 marimum
947 4249 1098 4326 arbitror,
1123 4253 1208 4333 quod
1224 4249 1293 4309 Past-

76 4184 413 4478 villi&
427 4339 535 4417 frater,
547 4359 618 4403 eum
635 4357 738 4418 necue
754 4335 856 4401 iuius
870 4335 1006 4413 count,
1022 4358 1128 4421 neque
1147 4337 1293 4418 quicqua
