2722 4754
327 160 1065 285 ιιιιιιιιειιιιιοιιιιιιιυιι
1035 178 1038 183 ’
1183 187 1260 246 ιιι

76 321 306 431 disceptatione,
325 353 388 392 non
406 343 476 392 uter
492 329 577 411 prior
594 341 646 390 sut
663 322 837 419 posterior
832 329 964 391 obierit·
977 329 1030 390 sed
1041 342 1150 402 utrum
1168 352 1243 392 con

76 416 194 490 veniat,
221 437 277 476 nec
295 439 353 491 ne,
376 416 485 518 expelli
503 437 539 475 ex
558 415 650 476 domo
668 406 837 496 Hagniana
844 416 995 495 patrueles
1013 428 1044 477 et
1061 416 1242 518 patruelium

74 502 187 567 liberos
206 501 342 585 Hagniae
361 499 437 560 ab’‘
416 524 469 575 us,
487 501 540 581 qui
557 514 630 560 sunt
647 521 664 560 e
682 499 787 560 Stratii
803 501 914 560 familia
922 513 964 561 et
981 501 1010 560 ei
1027 521 1091 587 non
1108 502 1149 564 tn
1167 523 1242 563 con-

75 587 188 659 iuncti,
213 598 249 646 ut
265 580 402 687 Hagnine
420 586 619 647 hereditatem
638 585 720 644 adire
739 585 876 665 possint,
894 587 947 645 sed
965 608 1078 667 genere
1082 578 1240 648 remotio-

74 673 145 733 res?
161 674 208 732 De
221 664 308 732 hoe
298 671 617 754 igitur,eontroversin
630 683 682 730 cst
701 670 761 729 Sed
775 683 856 729 etex
871 669 926 729 hae
941 671 1009 753 lege
1023 673 1134 734 certius
1151 673 1240 733 etiam

75 757 283 841 cognoscetis,
312 758 447 832 ludices,
477 769 623 857 ιιιιιιιιιιιιιι
641 755 739 816 Solon
764 756 897 816 studium
923 754 1032 815 habeat
1057 758 1241 819 domestico-

74 866 155 903 rum:
173 862 273 923 neque
291 842 397 903 relicta
415 842 603 903 duntaxat
576 863 618 902 ers
637 840 717 902 bona
736 841 798 916 det,
814 843 869 902 sed
887 840 977 902 etiam
996 841 1130 904 difficilia
1148 863 1242 924 quae
1283 902 1289 907 .

75 950 134 1010 que
154 928 290 1010 cognatis
309 930 440 995 mandet
474 927 578 989 Recita
596 927 705 1010 legem.

419 1027 426 1054 Ι

435 1071 437 1073 ’
602 1058 659 1127 ιι
676 1082 725 1139 x„
786 1083 809 1109 ν
868 1087 871 1090 ’

158 1182 368 1244 Defunctum
358 1197 441 1246 intus
453 1199 652 1286 proponunto
666 1206 723 1246 suo
739 1184 900 1245 arbitratu·
920 1185 1011 1245 cadat
1013 1207 1046 1244 er
1057 1196 1168 1258 autem,
1184 1205 1240 1264 po-

43 1317 47 1331 .,
73 1268 178 1328 stridie
198 1291 288 1349 quem
306 1272 554 1351 proposuerint,
558 1285 627 1332 ante
646 1271 718 1331 solis
737 1283 875 1330 exortum
894 1267 1054 1330 efferunto.
1077 1269 1153 1343 Viri,
1171 1291 1239 1328 cum

74 1354 199 1414 effertur
215 1355 324 1429 funus,
341 1358 561 1416 antecedunto.
580 1356 721 1415 mulieres
734 1375 821 1435 pone
838 1367 1016 1434 sequuntor.
1025 1353 1168 1414 hlulieri
1186 1376 1239 1413 ιιι

72 1453 134 1500 tem
158 1439 241 1499 nefas
268 1451 333 1500 esto
357 1440 389 1502 in
413 1441 493 1500 bona
519 1439 655 1500 defuncti
672 1439 841 1524 ingredi,'
832 1453 968 1540 rtemtpue
981 1439 1080 1540 ιιιιιιί
1104 1440 1239 1539 cadauer,

72 1547 158 1605 curn
164 1526 195 1584 in
219 1539 417 1586 monomenta
441 1526 580 1600 ducitur,
604 1527 690 1628 annis
709 1525 861 1608 sexaginta
879 1524 1013 1598 minori,
1034 1525 1071 1584 iis
1097 1523 1240 1608 exceptis,

72 1632 149 1690 quae
167 1612 245 1670 intra
264 1611 401 1672 sobrinus
420 1623 506 1670 sont:
542 1632 598 1670 nec
616 1611 648 1669 in
660 1598 747 1670 bona
766 1611 902 1672 defuncti
920 1610 1126 1693 ingrediatur,
1154 1620 1238 1710 post

72 1718 162 1775 quam
181 1696 293 1755 elatum
312 1697 439 1756 cadaver
454 1695 562 1771 fuerit,
594 1695 704 1757 mulier
719 1696 804 1770 ulla,
830 1695 867 1755 iis
886 1696 1036 1795 exceptis,
1066 1716 1143 1777 quae
1159 1695 1240 1759 intra
1325 1710 1333 1725 ⁸

74 1782 213 1840 sobrinus
231 1792 309 1840 sunt

124 1866 229 1926 Non
252 1864 326 1925 sinit
322 1865 488 1965 ingredi,
513 1887 575 1946 quo
600 1867 631 1925 in
656 1867 726 1926 loco
750 1868 877 1927 cadaver
900 1866 1007 1939 fuerit,
1032 1864 1126 1925 ullam
1151 1861 1238 1922 aliam
1263 1861 1324 1921 175

71 1951 248 2024 mulierem,
273 1949 333 2010 nisi
350 1965 492 2034 cognatas
509 1973 607 2051 ιιιιιιιε
625 1953 662 2011 ad
680 1951 908 2011 sobrinitetem:
941 1964 972 2011 et
989 1952 1026 2010 ad
1043 1947 1238 2030 sepulchrum
1302 2002 1305 2011 ι

68 2057 168 2134 usque
194 2036 332 2095 comitari
356 2038 476 2096 easdem
501 2036 581 2098 sinit
624 2039 685 2096 lam
703 2037 915 2117 Philomncba,
939 2035 1131 2101 Polemonis·
1126 2053 1238 2107 soror,

70 2120 162 2218 patris
185 2120 345 2203 Hagniae,
373 2141 437 2181 non
463 2121 645 2182 consobrina
669 2123 728 2180 fuit
750 2108 904 2203 Hagniae,
929 2123 983 2180 sed
1008 2119 1106 2182 amita.
1142 2117 1242 2176 Soror'

71 2204 151 2264 enim
170 2205 229 2265 fuit
245 2205 438 2278 Polemonis,
455 2205 548 2286 patris
566 2205 719 2290 Hagniae.
749 2204 916 2265 Eubulides
935 2216 1054 2277 eutem,
1071 2202 1199 2263 iilius
1171 2222 1240 2261 erus

36 2290 44 2299 ’
70 2289 222 2362 mulieris,
239 2290 332 2348 frater
348 2290 492 2368 patruelis
509 2288 569 2350 fuit
585 2280 739 2391 Hagniae,
758 2290 844 2351 cuius
862 2303 908 2350 est
925 2289 1085 2350 hereditas
1107 2287 1237 2347 Eubuli·

40 2375 125 2434 dae
151 2396 252 2456 porro
268 2375 330 2433 filia
353 2374 427 2449 fuit,
453 2375 543 2435 huius
561 2377 649 2456 pueri
666 2390 769 2436 mater
805 2373 958 2459 Cognatas
982 2375 1071 2434 h'esce
1095 2373 1182 2437 iubet
1206 2384 1238 2433 et

58 2460 175 2520 'adesse
193 2459 399 2541 propositioni
417 2460 568 2533 defuncti,
594 2464 678 2522 etad
696 2460 894 2542 sepulchrum
909 2456 1067 2533 comitari,
1090 2466 1154 2527 ιιοιι
1173 2459 1240 2520 tls-⁷

72 2546 174 2609 canati
192 2558 333 2618 matrem,
359 2558 474 2626 neque
486 2546 678 2627 Theopompi
695 2566 837 2608 uxorem:
872 2567 973 2626 neque
991 2544 1073 2606 en'i'ru
1086 2536 1261 2644 cogniti&

70 2630 144 2690 istae
162 2643 234 2691 sunt
252 2631 404 2714 Hagniue,
422 2633 474 2692 sed
492 2633 617 2694 fuerunt
635 2653 671 2692 ex
689 2633 746 2693 alla
762 2633 845 2695 tribu
861 2630 1063 2703 Acamantit',
1068 2638 1105 2690 ιιι
1122 2648 1164 2690 ιι
1174 2622 1236 2688 ‘alio
1321 2696 1324 2704 Ι

71 2716 237 2798 municipio
255 2716 443 2796 Prospaltio,
468 2719 544 2779 adeo
568 2718 614 2777 uti
630 2739 760 2821 prorsus
785 2727 848 2777 non
871 2714 1163 2791 animadverterint,
1170 2714 1237 2772 'de'-

70 2803 208 2862 fnnctum
227 2823 293 2862 esse
297 2799 488 2903 “Hagniam.
502 2803 606 2862 Rent
596 2803 692 2886 igitur
707 2804 758 2864 isti
775 2825 866 2904 supra
883 2804 1015 2864 modum
1026 2800 1236 2882 impudentem

70 2887 305 2962 moliuntur,
280 2909 306 2946 st
324 2887 355 2946 in
375 2908 409 2947 ea
427 2888 573 2967 opinione
591 2902 679 2965 suut,
703 2889 875 2970 oportuisse
893 2901 949 2951 nos
969 2902 1000 2950 et
1017 2885 1159 2949 mulieres
1177 2904 1234 2943 no-

68 2985 143 3032 stras
162 2972 314 3032 cadaveris
332 2972 486 3055 Hagniae,
519 2996 586 3033 cum
605 2973 747 3047 obiisset,
781 2973 910 3059 heredes
928 2988 994 3035 esse
1013 2984 1044 3031 et
1058 2969 1235 3065 persolvere

71 3058 182 3117 omnia
190 3059 283 3130 iusta,
312 3071 349 3117 ut-
365 3071 510 3140 cognatos
531 3069 561 3117 et
578 3080 691 3142 genere
709 3052 879 3140 proximos·
910 3057 1120 3119 hereditaten'a'
1134 3044 1259 3115 aut'em‘

55 3157 174 3202 tenere
192 3144 397 3216 Macartatum,
416 3142 469 3222 qui
487 3157 532 3203 est
551 3162 567 3202 e
585 3144 698 3204 familia
715 3144 841 3220 Stratii,
848 3156 932 3204 etex
945 3142 1129 3225 Apolexitle,
1142 3140 1238 3200 Pros-
1316 3155 1325 3174 ⁸

69 3228 156 3308 paltii
173 3228 249 3301 lilia,
267 3228 421 3288 Macartati
439 3249 553 3289 sorore.
582 3228 643 3289 Sed
660 3228 720 3289 hoe
738 3250 839 3310 neque
856 3229 980 3301 iustum,
997 3246 1102 3308 neque
1115 3222 1171 3286 ιιι·
1179 3222 1235 3297 tit,

69 3313 196 3373 ludices.
223 3314 303 3395 Lege
322 3314 396 3372 mihi
414 3313 463 3373 illa
483 3334 519 3373 ex
537 3315 660 3374 oraculo
679 3313 831 3395 Apollinis
849 3314 1012 3395 Delphico,
1029 3325 1065 3372 ut
1068 3309 1238 3392 intelliga—
1277 3310 1302 3354 .‘
1329 3365 1335 3373 .

67 3399 116 3474 tis,
135 3421 204 3459 eum
220 3401 323 3460 eadem
337 3399 437 3460 dicere
451 3400 488 3458 de
502 3398 649 3482 cognatis,
668 3420 747 3481 quoe
759 3400 877 3493 legibus
891 3398 1017 3498 Solonis
1030 3394 1240 3459 continentur:
1274 3407 1292 3422 ’“

497 3551 803 3605 OHACULUM.

154 3657 248 3732 Quod
273 3655 345 3716 felix
370 3654 563 3735 faustumque
590 3654 644 3730 ιιι,
670 3655 790 3734 quaerit
813 3654 946 3736 populus
970 3650 1168 3714 Atheniensis
1196 3649 1234 3708 de

69 3754 201 3816 ostento,
221 3740 331 3822 quod
322 3763 354 3799 ιιι
372 3741 459 3801 coelo
479 3740 631 3822 apparuit,
649 3739 793 3821 quidnam
811 3741 963 3822 agendum
980 3740 1019 3800 sit
1036 3732 1234 3796 Atheniensi-
1288 3765 1290 3768 .

67 3827 134 3900 bus,
153 3840 205 3887 aut
223 3849 272 3899 eur
263 3825 352 3886 deo
367 3826 595 3886 sacrificandum
613 3839 666 3892 aut
682 3839 753 3886 vota
770 3825 999 3906 nuncupanda,
1008 3835 1044 3884 ut
1061 3823 1176 3882 faustus
1194 3818 1236 3879 sit

67 3911 182 3973 ostenti
201 3923 335 3973 eventus
369 3911 499 3972 Prodest
516 3910 756 3972 Atheniensibus
775 3912 812 3972 de
831 3920 969 3984 ostento,
992 3907 1103 3989 quod
1093 3929 1125 3967 ιιι
1144 3904 1234 3966 coelo

67 3998 215 4080 apparuit,
234 3998 439 4058 sacrificando
444 3997 531 4057 litare
544 3995 608 4063 lovi
622 4016 752 4069 summo,
769 3997 923 4057 Minervae
936 4013 1087 4067 summae,
1098 3989 1237 4070 Herculi,

25 4089 28 4095 “
68 4083 207 4164 Apollini
226 4084 393 4157 seruatori,
419 4094 450 4143 et
466 4083 588 4145 mittere
612 4083 650 4142 ad
667 4080 909 4167 Amphictyonas
934 4081 971 4140 de
994 4074 1118 4139 fortuna
1142 4077 1235 4149 bona,

67 4168 207 4250 Apollini
225 4165 451 4250 Compitalitio,
467 4169 618 4241 Latonae,
635 4168 770 4240 Dianae,
788 4178 819 4226 et
836 4165 968 4268 compita
984 4165 1104 4238 suffire,
1122 4174 1153 4224 et
1170 4183 1234 4222 era-

68 4268 148 4316 teras
165 4267 312 4329 statuere,
326 4267 359 4314 et
372 4255 491 4327 saltare,
509 4267 539 4321 et
550 4266 683 4314 coronas
702 4264 820 4336 gestare
834 4252 935 4335 pa'trio
943 4253 1016 4325 ritu,
1034 4249 1092 4311 diis
1106 4246 1235 4309 deabus-

25 4330 34 4338 ’
70 4363 129 4421 que
149 4339 299 4426 Olympiis
318 4339 460 4401 omnibus
479 4339 596 4402 dextris
618 4337 808 4466 sinistrisque
833 4337 959 4400 sublatis
976 4335 1151 4399 meminisse
1169 4354 1236 4394 mu·
1293 4368 1297 4374 ·
