2722 4754
415 160 817 297 manseram
1015 155 1305 298 ’,,,ἰ“ιιιι’ζ,-ι

47 342 304 428 'raStephanum
323 320 496 406 accusabat:
523 334 575 404 sed
593 342 780 425 Stephanum
806 340 943 403 uoltiisse
960 337 1082 402 ancillas
1099 334 1229 409 tradere,
1311 325 1314 328 Δ

65 434 333 493 denunciationem
352 444 451 490 antem
470 451 534 489 eam
554 451 629 504 esse,
649 437 736 508 quam
756 427 896 490 exhibeat
913 425 1127 507 Apollodorus.

154 518 229 600 Age,
249 519 340 577 recita
358 517 436 597 ipsas
455 512 657 587 conditiones,
676 535 749 592 quas
767 512 939 598 Stephano
939 507 1004 572 tuli.

449 664 849 719 nnnnnetsrro

155 772 216 829 Has
248 769 455 847 conditiones
471 769 542 828 tulit
576 767 782 848 Apollodorus
808 765 962 847 Stephano
996 758 1096 824 eanim
1129 783 1241 822 rerum
1288 837 1294 843 ι
1320 831 1324 839 Ι

68 875 172 927 causa,
180 867 331 954 ..propter
325 877 435 953 ..quas
442 854 591 913 actionem
618 854 759 922 adversus
786 873 854 911 eum
881 850 1062 921 instituerit,
1085 848 1232 927 Neaeram

45 941 257 1022 *peregrinam
278 961 342 998 esse
362 952 393 998 et
410 939 468 1000 civi
487 938 643 1018 nupsisse,
669 951 789 1017 paratus
808 938 845 996 ad
861 935 1076 1016 quaestionem
1096 935 1231 1014 accipere
1254 943 1315 999 388

68 1026 191 1085 ancillas
205 1022 348 1095 Neaerae,
366 1046 455 1102 quas
458 1024 507 1082 illa
523 1024 650 1105 Megaris
669 1044 772 1081 secum
790 1021 923 1097 ιιιιιιιιιίι,
940 1021 1094 1080 Thrattam
1110 1033 1141 1079 et
1154 1017 1232 1078 Coc-

40 1111 271 1180 -calinam,et
241 1130 286 1181 e,
312 1131 384 1188 quas
409 1109 519 1168 deinde
546 1109 623 1189 apud
644 1102 833 1208 Stephanum
857 1101 1056 1186 comparavit,
1074 1104 1232 1164 Xenidem
1285 1129 1291 1135 ’

69 1208 101 1254 et
119 1195 294 1266 Drosidem,
314 1215 389 1272 quae
406 1214 471 1253 rem
489 1193 560 1253 satis
579 1193 730 1274 cognitam
748 1191 895 1252 biberent
914 1193 950 1249 de
969 1191 1101 1251 Neaerae
1120 1189 1249 1262 liberis,

69 1300 124 1339 eos
142 1301 205 1337 non
224 1279 368 1357 Stephani
388 1298 473 1350 esse,
470 1279 652 1339 Proxenum
672 1278 865 1347 defunctum,
884 1288 915 1335 et
933 1275 1107 1335 Aristonem
1127 1295 1233 1353 snper-

45 1365 188 1435 ,stitem,
207 1376 238 1423 ct
256 1363 468 1423 Antidoridem
488 1385 659 1435 cursorem,
685 1375 715 1420 et
732 1361 916 1419 Phanonem
952 1360 1038 1434 Quae
1057 1356 1232 1418 siiatereri

69 1461 138 1519 tur,
163 1447 352 1527 eStephano
372 1462 402 1507 et
420 1449 534 1507 Neaera
560 1468 612 1505 eos
632 1464 696 1505 esse
707 1445 845 1517 liheros,
870 1443 1058 1503 vendendam
1076 1443 1233 1535 Neaeram,
1303 1445 1306 1452 '

69 1546 106 1592 ut
123 1534 248 1592 rubeant
265 1533 378 1613 leves
394 1545 425 1592 et
442 1532 554 1592 liberos
573 1551 629 1631 pro
647 1529 814 1612 peregrinis
835 1529 1002 1591 habendos:
1032 1551 1081 1586 sm
1098 1546 1150 1586 eos
1169 1548 1233 1586 non
1281 1555 1288 1562 ·

70 1638 106 1676 ex
125 1618 197 1689 ista,
224 1618 277 1676 sed
296 1638 332 1675 ex
349 1575 406 1675 alia
424 1617 550 1699 muliere
570 1616 635 1675 cive
656 1637 722 1674 essc
741 1615 894 1684 dicerent,
916 1613 1064 1673 desistere
1081 1612 1179 1671 voluit
1191 1611 1233 1671 ab
1279 1629 1282 1637 ¹

68 1703 190 1761 actione
209 1715 312 1759 contra
329 1701 502 1760 Neaeram
493 1690 646 1772 instituta,
665 1713 705 1772 et,
723 1699 837 1787 siquid
855 1698 1056 1758 calamitatis
1048 1720 1079 1756 m
1097 1702 1233 1780 tormen-
1282 1750 1291 1761 ,.

70 1787 111 1845 tis
131 1785 315 1844 mulierculis
335 1786 501 1858 accidisset,
519 1806 644 1866 pensare
664 1786 832 1846 damnum.

158 1872 218 1929 Has
237 1891 293 1952 ego
313 1870 530 1942 conditiones,
548 1871 683 1943 ludices,
711 1891 779 1928 eum
797 1868 952 1947 Stephano
973 1856 1116 1967 tulerim,
1141 1887 1234 1953 repu-

73 1955 189 2013 diavit.
209 1955 375 2013 Proinde'
366 1978 423 2014 ram
447 1957 512 2036 ipse
523 1955 700 2035 Stephanus
726 1967 830 2034 suapte
848 1952 997 2012 sententia
1015 1929 1162 2013 Neaerani
1181 1970 1234 2010 eo-

23 2039 33 2043 ’
70 2061 139 2097 rum
159 2039 326 2111 criminum,
345 2052 474 2119 quorum
495 2052 541 2098 est
558 2062 574 2098 a
592 2061 639 2097 me
658 2050 803 2109 accusata,
821 2029 1049 2110 condemnavit,
1068 2051 1099 2099 et
1117 2058 1164 2103 me
1182 2057 1234 2096 ve
1308 2060 1311 2071 ·

71 2146 103 2182 ra
123 2123 232 2182 dixisse
251 2124 329 2203 apud
347 2146 401 2183 vos
420 2138 450 2183 et
467 2124 639 2185 testimonia
657 2145 726 2182 vera
745 2123 926 2193 exhibuisse,
945 2143 1074 2198 severo,
1093 2143 1169 2201 quae
1189 2121 1235 2179 di·
1282 2136 1286 2151 ·

70 2209 164 2281 xerit,
184 2210 282 2267 omnia
302 2209 423 2268 mentiri
441 2223 470 2269 et
488 2232 503 2267 a
522 2200 629 2288 seipso
641 2202 780 2266 convinci
797 2207 934 2265 vanitatis
951 2207 1131 2279 confitetur,
1149 2217 1234 2286 post-

73 2315 167 2372 qnam
186 2287 314 2352 ancillas
334 2315 416 2352 ame
442 2292 605 2372 postulatas
631 2293 668 2350 ad
693 2289 902 2391 quaestionem
929 2288 999 2351 dare
1026 2291 1133 2355 noluit.
1167 2291 1235 2371 Ego
1300 2365 1307 2377 ἱ

72 2397 160 2448 vero,
190 2377 320 2449 ludices,
347 2390 377 2436 et
388 2376 563 2449 deorum,
565 2397 644 2456 quos
660 2377 710 2435 isti
730 2376 898 2448 violarunt,
923 2389 953 2435 et
971 2388 1105 2456 meopte
1111 2375 1235 2435 nomine

73 2482 186 2542 poenas
211 2463 353 2542 erigens',
387 2460 461 2521 istos
487 2462 528 2520 in*
544 2461 687 2532 iudicium
714 2461 842 2532 vocavi,
863 2474 1040 2540 vestraeque
1065 2457 1237 2519 auctoritati

23 2581 39 2595 ν
75 2545 197 2605 subieci.
231 2548 327 2605 Decet
339 2551 445 2628 autem
463 2568 516 2607 vos
535 2562 658 2626 quoque
685 2546 957 2646 existimamnqn
976 2546 1050 2604 clam
1069 2546 1133 2604 fore
1153 2546 1237 2615 deos,

75 2631 107 2689 in
126 2644 202 2710 qnos
222 2631 272 2690 isti
289 2631 374 2711 impia
366 2632 534 2703 suerunt,
559 2631 631 2709 quid
651 2643 782 2689 vestrum
799 2631 1010 2711 unusquisqne
1029 2631 1188 2701 decernat,
1207 2640 1238 2687 et

74 2715 115 2774 ita
132 2715 347 2799 pronuntiare,
375 2730 411 2776 ut
429 2717 542 2776 iustitia
560 2715 694 2815 ilagitat,
719 2737 751 2774 ac
768 2714 874 2798 alcisci
903 2715 958 2775 diis
984 2715 1110 2773 maxime
1128 2715 1236 2773 iactam

74 2799 306 2872 contumeliam,
332 2802 442 2861 deinde
465 2801 554 2860 vobis
579 2798 771 2880 etiamipsis'.
794 2803 887 2874 Quae
915 2800 1105 2883 siseceritis,
1131 2817 1253 2856 omnes
1291 2842 1292 2846 ι

74 2884 151 2944 hanc
170 2907 303 2956 causam,
328 2908 385 2965 qua
406 2907 462 2969 ego
481 2886 627 2946 Neaeram
654 2885 843 2968 peregrinam
861 2886 918 2956 civi
943 2897 1068 2966 nuptam
1092 2878 1239 2976 accusavi,
1317 2891 1319 2895 ’

23 3042 27 3049 ¹
73 2966 225 3089 praeclare
245 2983 286 3030 et
293 2971 372 3030 iuste
390 2972 570 3030 diiudicasse
563 2970 810 3067 existimabunt.

383 3167 568 3175 m
895 3158 945 3179 ...ΡΙ

223 3274 564 3423 'orario
626 3280 1064 3440 anannnis.
1164 3324 1324 3424 χιιι

529 3515 784 3527 m..

77 3619 208 3704 (lum
180 3648 262 3718 viris,
281 3647 383 3726 quiin
402 3646 460 3706 hoc
480 3646 667 3722 monimento
686 3644 801 3705 conditi
817 3658 903 3719 sant,
916 3646 1024 3727 quod'
1015 3668 1046 3705 m
1064 3645 1145 3705 bello
1164 3658 1240 3706 stre-

34 3787 38 3794 .
76 3753 136 3793 nue
155 3752 186 3790 se
205 3744 383 3813 gesserunt,
409 3731 563 3827 publicum
588 3716 679 3790 funus
706 3743 846 3791 asenatu
872 3722 1048 3811 p'opuloque
1074 3733 1241 3805 decretum,

77 3816 214 3895 mihique
233 3817 404 3875 mandatum
424 3819 521 3889 esset,
546 3830 582 3876 ut
598 3838 653 3896 pro
670 3836 756 3875 more
776 3815 944 3877 orationem
964 3817 1001 3875 de
1020 3816 1240 3876 eishaberem:

40 3901 179 3962 *statim
198 3901 371 3983 cogitavi,
365 3922 422 3979 qua
440 3901 558 3973 ratione
575 3922 631 3981 pro
649 3901 758 3960 merito
777 3901 893 3965 laudari
910 3910 1042 3982 possent
1066 3903 1122 3960 lie
1140 3897 1240 3960 aut'em
1310 3918 1320 3930 ³

77 3998 216 4065 suscepta
235 3999 265 4046 et
283 3986 441 4057 meditata,
464 4006 520 4066 pro
546 3986 764 4045 defunctorum·
784 3986 929 4068 dignitate
953 3986 1042 4044 verba
1067 3985 1134 4045 fieri
1148 3972 1241 4065 posse

77 4071 234 4132 anemine
252 4071 445 4152 deprehendi.
473 4072 535 4145 Qui
554 4072 634 4130 enim
653 4092 667 4130 a
686 4084 790 4130 natura
809 4070 1017 4152 ingeneratum
1038 4070 1225 4145 omnibps·'
1196 4093 1242 4131 vr
1277 4100 1283 4111 r

23 4188 42 4231 χ
77 4156 169 4218 vendi
181 4157 369 4238 desiderium
388 4156 537 4237 aspernati
556 4161 666 4229 sunt,
672 4169 702 4216 et
720 4156 899 4215 occumbere
918 4156 1064 4229 honeste,
1090 4177 1177 4235 quam
1194 4155 1242 4216 af-

77 4243 191 4303 flictam
211 4228 355 4301 Graeciae
373 4241 525 4301 fortunam
545 4241 679 4301 viventes
699 4261 824 4301 cernere
843 4241 1031 4313 maluerunt,
1056 4262 1159 4302 annon
1178 4256 1242 4311 eam

25 4403 31 4413 .
78 4347 151 4390 suae
169 4325 289 4388 virtutis
307 4327 480 4401 memoriam
499 4326 668 4407 reliquere,
695 4348 784 4406 quam
803 4304 895 4393 nulla
903 4346 1044 4408 superare
1062 4326 1160 4408 possit
1176 4342 1243 4387 ora-
