2722 4754
59 156 62 162 ’
365 154 973 287 001111111110111111111..
1062 180 1068 189 ·
1164 149 1226 250 sis
1296 266 1302 287 ‚

57 345 199 430 argenti,
217 365 307 426 quam
325 353 479 402 mutuatus
490 334 578 414 erat,
598 361 672 425 ,eum
689 339 727 400 ad
745 361 815 399 eum
833 338 962 409 Alcetas,
973 348 1004 399 et
1020 340 1110 417 Iason
1126 342 1229 400 venis·
1243 371 1264 382 -

58 445 138 493 sent.
172 433 344 511 Repetente
362 438 463 485 autem
480 425 678 485 Timostheue
698 425 812 505 phialas
831 447 847 486 a
863 424 1066 498 Phormione,
1092 447 1160 485 eum
1178 447 1227 503 re7
1239 433 1312 511 ἱ256

60 518 166 590 disset,
185 515 309 577 absente
328 509 491 570 Timotheo
510 512 590 590 apud
608 509 816 591 Regem,‘agit
834 532 903 570 curn
923 533 959 571 eo
977 524 1063 592 pater
1079 533 1175 584 meus,
1192 525 1228 571 ut
1262 511 1265 516 ’

58 604 194 684 pretium
212 599 380 681 phialarum
399 595 558 675 reciperet,
576 607 721 674 quantum
740 594 858 674 phialae
876 597 1055 674 penderent,
1074 597 1228 678 drachmas

60 691 207 764 ducentas
226 684 348 765 triginta
367 693 491 763 septem.
508 680 554 739 Ac
571 679 764 739 Timostheni
780 679 911 758 pretium
930 680 1030 740 reddit
1047 681 1230 761 phialarum:
1265 749 1268 753 ,

25 763 40 773 ’
60 773 154 833 istum
172 791 244 831 vero
263 769 299 828 ad
317 766 537 844 reliquumvaes
555 765 698 836 alienum,
718 763 876 842 quodiste
890 764 1034 838 debebat,
1053 767 1118 827 eius
1137 769 1227 828 etiam

59 857 224 939 pecuniae,
251 874 339 933 quam
357 849 548 909 Timostheni
565 870 621 929 pro
646 849 755 929 phialis
779 853 965 921 numerarat,
991 850 1160 912 debitorem
1180 853 1228 914 in-

59 943 179 1011 scribit,
193 942 279 1014 Quae
298 936 399 996 omnia
417 955 486 995 vere
505 957 522 994 a
540 955 588 995 me
607 934 720 995 dieiut
737 947 866 1007 constet,
883 933 1056 993 testimonia
1075 938 1161 996 vobis
1178 960 1228 999 re-

15 1030 18 1035 ’
62 1028 247 1096 citabuntur,
265 1022 536 1103 primnmeorum,
555 1021 607 1099 qui
625 1018 783 1101 pecuniam
801 1020 838 1078 iis
857 1019 1023 1092 dederunt,
1041 1021 1152 1098 quihus
1171 1023 1227 1082 iste

62 1113 208 1182 iusserat,
229 1131 249 1167 a
267 1128 387 1179 mensa,
415 1105 528 1184 quique
545 1117 611 1164 tum
629 1106 667 1165 ad
685 1126 819 1165 mensam
837 1105 996 1164 sederunt:
1024 1105 1133 1167 deinde
1152 1108 1228 1181 eius,
1319 1138 1324 1152 »

62 1195 264 1278 q'uipretium
282 1192 450 1273 phialarum
468 1190 591 1270 recepit
642 1250 645 1261 ι
693 1183 719 1197 ”
1116 1207 1126 1215 ·

463 1332 826 1385 TESTIMONIA.

148 1450 199 1508 Me
217 1447 311 1530 igitur
329 1467 380 1517 ea,
406 1462 482 1524 quae
501 1443 609 1502 advos
629 1442 708 1515 dixi,
728 1463 799 1523 uon
819 1442 928 1504 dixisse
946 1443 1040 1515 falso,
1066 1462 1101 1505 ex
1119 1445 1230 1504 recita·
1291 1512 1294 1517 ¹

61 1537 149 1609 tione
172 1530 416 1603 testimoniorum
442 1526 604 1588 audivistis.
648 1529 741 1586 lstum
760 1549 853 1608 porro
871 1528 969 1609 ipsum
988 1529 1065 1609 apud
1084 1549 1132 1588 me
1155 1526 1229 1590 con·

61 1620 193 1693 fessum,
211 1616 292 1698 ligna
311 1617 433 1675 advecta
447 1635 463 1672 a
478 1611 628 1672 Philonda
652 1613 684 1671 in
702 1613 791 1672 aedes
812 1613 924 1673 suasio
938 1614 1064 1674 Piraeeo
1077 1634 1142 1674 esse
1159 1637 1229 1696 per-

62 1707 143 1779 lata,
160 1717 196 1764 ut
212 1712 371 1782 appareat,
390 1698 454 1758 eius
470 1696 516 1758 rei
533 1696 748 1768 testimouium
760 1695 847 1758 vobis
866 1699 993 1782 legetur.

438 1820 918 1921 rmrmomuml

107 1948 110 1953 ¹
152 1955 241 2016 Istius
259 1953 353 2035 igitur
374 1951 467 2012 fuisse
485 1951 584 2032 ligna,
615 1968 692 2028 quae
708 1950 872 2011 Philondas
895 1952 994 2027 vexit,
1012 1956 1137 2035 ,etipse
1156 1942 1231 2015 mihi
1269 2008 1272 2013 .

62 2029 243 2102 testificaitus
263 2038 322 2098 e‘st:
347 2037 498 2096 fatebatur
516 2033 596 2093 enim
615 2024 694 2114 apu'd
712 2034 875 2110 arbitrum,
901 2058 935 2096 ea
954 2038 985 2097 111
1003 2061 1071 2105 suas
1091 2043 1179 2100 aedes
1197 2027 1237 2103 in'.

63 2126 191 2184 Piraeeo
217 2144 282 2183 esse
309 2123 481 2201 deportata,
506 2132 541 2178 ut
557 2119 643 2178 vobis
668 2118 818 2179 testificati
836 2120 858 2178 ii
876 2134 964 2196 sunt,
988 2126 1042 2201 qui
1065 2126 1244 2185 audierant.¹

17 2233 20 2238 ·
64 2211 164 2270 Etiam
183 2206 366 2289 argumentis
385 2207 495 2273 docere
514 2224 567 2262 vos
586 2201 738 2277 conabor,
771 2224 823 2277 ea,
855 2226 931 2283 quae
951 2206 1038 2280 dico,
1068 2228 1138 2269 vera
1156 2230 1230 2268 esse.
1317 2210 1320 2215 ’

65 2293 182 2355 Putatis
201 2292 298 2365 enim,
317 2290 453 2363 ludices,
475 2299 590 2368 patrem
608 2288 803 2367 meumnisi
820 2289 976 2350 Timothei
992 2293 1122 2354 fuissent
1139 2294 1232 2376 ligna,

40 2409 44 2414 ·
65 2393 98 2440 et
116 2380 172 2438 iste
192 2399 260 2455 eum
277 2386 432 2456 rogasset,
457 2373 668 2432 commendato
687 2372 854 2446 Philonda,
880 2395 949 2434 cum
967 2378 1005 2436 ad
1023 2379 1116 2438 duces
1134 2380 1229 2460 Regis
1258 2368 1264 2375 ’

66 2465 208 2535 solveret,
225 2461 396 2521 soluturum
414 2457 507 2517 fuisse
525 2456 668 2516 naulum?
694 2469 746 2516 aut
762 2460 980 2538 permissurum
998 2480 1143 2543 unquam,
1160 2486 1230 2523 eum

68 2551 98 2610 ei
122 2569 176 2629 pro
201 2546 292 2605 naulo
316 2544 397 2626 ligna
423 2543 619 2624 oppignerata
644 2556 764 2615 essent,
789 2555 825 2602 ut
849 2564 881 2603 ea
904 2544 1070 2607 Philondas
1096 2571 1112 2608 e
1137 2562 1229 2629 portu
1278 2556 1281 2561 '

66 2640 248 2714 asportaret,
273 2651 306 2689 ac
324 2650 388 2688 non
406 2628 507 2710 potius
526 2649 646 2687 servum
663 2625 794 2706 aliquem
810 2628 1037 2706 adhibiturum,
1056 2633 1108 2712 qui
1127 2647 1230 2693 custo·
1327 2680 1330 2685 .

67 2720 147 2799 diret
171 2730 202 2777 et
224 2713 356 2797 pretium
373 2713 523 2793 reciperet
539 2713 732 2772 venditorum
750 2713 923 2794 lignorum,¹
950 2716 1048 2788 donec
1066 2719 1124 2778 sibi
1141 2719 1229 2778 satis-

66 2806 179 2879 factum
197 2807 292 2874 esset,
316 2799 343 2858 si
359 2798 527 2857 Philondae
550 2797 680 2857 fuissent
697 2809 729 2857 et
747 2819 835 2858 causa
852 2799 1069 2880 negotiationis
1087 2801 1230 2863 advecta?
1300 2857 1304 2863 .

65 2893 128 2949 lam
152 2888 204 2947 cui
226 2897 367 2947 vestrum¹
383 2883 545 2942 verisimile
568 2884 620 2954 fit,
645 2881 704 2940 nisi
725 2881 864 2944 iussisset
888 2884 945 2944 iste
969 2885 1229 2947 solverenaulum

66 2976 237 3058 lignorum,
256 2989 331 3050 quae
349 2968 386 3027 ab
404 2967 584 3051 Amyntaei
602 2968 669 3026 data
686 2959 824 3040 fucrant,
841 2968 1027 3029 crediturum
1045 2972 1140 3032 fuisse
1157 2970 1230 3034 Phi-

66 3061 176 3121 landae
208 3069 239 3115 et
265 3075 439 3134 passurum,
466 3064 502 3111 nt
520 3073 535 3110 e
555 3065 645 3132 portu
672 3051 703 3109 in
722 3051 812 3110 aedes
830 3053 917 3134 istius
935 3053 986 3114 illa
1003 3056 1148 3117 veheret?
1178 3070 1231 3117 aut

67 3141 204 3226 quldreri
222 3151 342 3220 potest,
364 3149 400 3198 ut
417 3136 581 3197 Philondas
598 3135 816 3217 negotiationis
834 3159 927 3197 causa
940 3139 1021 3221 ligna
1040 3143 1169 3215 vexerit,
1194 3152 1229 3202 ut
1251 3143 1313 3201 257

67 3232 125 3291 iste
144 3226 258 3306 inquit,
282 3245 350 3283 eum
375 3222 440 3302 ipse
466 3220 604 3281 reversus
627 3220 687 3280 illis
711 3212 802 3302 lignis
826 3223 863 3283 ad
884 3238 970 3283 suam
988 3227 1229 3288 aedificationem

66 3314 161 3377 fuerit
179 3309 311 3370 abusus?
347 3306 425 3366 lllud
444 3306 532 3366 etiam
551 3288 758 3378 considerate,
790 3307 902 3366 multos
919 3308 1001 3369 cives
1019 3323 1050 3370 et
1068 3312 1166 3371 bonos
1184 3313 1231 3371 vi-

66 3421 136 3472 ros,
169 3395 219 3455 isti
244 3392 422 3464 familiares,
457 3390 521 3453 eius
544 3390 667 3474 negotia
691 3411 825 3464 curasse,
861 3392 985 3452 absente
1009 3397 1089 3475 apud
1113 3399 1229 3479 Regem

65 3480 242 3552 Timotheo,
260 3498 389 3558 quorum
408 3475 509 3556 nullus
528 3497 582 3555 pro
601 3474 778 3551 testimonio
797 3475 897 3535 dicere
916 3499 1005 3537 ausus
1020 3480 1092 3552 fuit,'
1106 3482 1153 3540 vel
1166 3502 1229 3541 non

67 3567 219 3648 accepisse
231 3563 417 3645 ,Philondam
435 3560 559 3620 naulum
577 3582 593 3620 a
611 3581 730 3633 mensa,
748 3560 795 3620 vel
813 3574 968 3641 acceptum
987 3565 1164 3639 reddidisse,
1182 3567 1229 3626 vel
1284 3552 1289 3563 ⁸

66 3654 157 3715 etiam
176 3652 312 3731 ipsorum
330 3646 461 3725 aliquem
479 3645 602 3714 naulum
628 3644 799 3705 dissolvisse
818 3645 856 3706 de
873 3647 981 3728 liguis,
1007 3672 1084 3728 quae
1101 3652 1229 3711 Philon-

49 3736 118 3799 ‘das
137 3736 228 3813 vexit,
247 3731 323 3793 datis
340 3729 445 3801 istiab
463 3730 603 3813 Amynta.
622 3729 726 3790 Pluris
745 3729 824 3789 enim
844 3731 960 3792 faciunt
977 3734 1229 3796 existimationem

67 3838 101 3885 et*
116 3817 207 3883 fidem
227 3840 326 3888 suam,
345 3838 432 3895 quam
451 3828 486 3874 ut
502 3815 583 3875 salsis
601 3815 783 3876 testimorsris
802 3815 937 3877 dicendis
954 3819 1118 3880 Timotheo
1136 3816 1230 3904 grati·
1310 3876 1312 3880 .

65 3902 204 3970 ficentur.
230 3905 338 3983 Neque
356 3915 467 3973 tamen,
484 3920 516 3960 se
534 3921 639 3960 verum
658 3899 747 3960 etiam
765 3901 974 3962 testimonium
991 3904 1023 3965 in
1043 3925 1111 3964 eum
1130 3906 1229 3967 dictu-

65 4015 118 4054 ros
137 4011 202 4052 esse
221 4001 346 4071 proptor
362 3984 593 4046 familiaritatem
610 3984 686 4064 eius,
702 3983 896 4046 affirmarunt.
931 3983 1007 4048 Cum
1026 3990 1121 4079 igitur
1137 4013 1229 4055 nemo

66 4076 258 4140 familiarium
275 4070 430 4133 testificari
443 4092 536 4130 ausus
554 4070 647 4130 fuerit
664 4083 694 4130 et
710 4083 940 4150 procuratorum
959 4073 1039 4148 eius,
1059 4076 1130 4136 dum
1148 4078 1230 4159 apud
1251 4110 1253 4115 ·
1271 4080 1278 4089 '
1324 4095 1326 4100 ·

66 4167 184 4246 llegem
210 4159 322 4233 abfuit,
354 4157 402 4217 vel
429 4176 491 4215 uon
518 4155 668 4236 accepisse
693 4155 817 4215 naulum
842 4153 994 4239 lignorum
1012 4148 1229 4224 Philondama
1284 4158 1287 4163 ¹

66 4271 188 4319 mensa,
213 4245 260 4304 vel
272 4244 413 4324 „ipsorum
431 4239 562 4320 aliquem
573 4239 767 4302 'dissolvisset
792 4262 893 4301 annon
913 4242 1082 4305 existimare
1101 4247 1229 4323 dehetis,

67 4355 116 4396 me
133 4353 203 4395 vera
221 4329 327 4410 loqui?
362 4328 408 4387 Ac
426 4347 465 4387 ne
482 4326 557 4387 illud
576 4325 698 4407 quidem
718 4325 818 4387 dicere
841 4326 981 4403 audebit,
1005 4329 1097 4392 alium
1120 4354 1228 4414 quem·
1319 4341 1323 4363 '
