2722 4754
480 193 852 272 onconotvam.
1086 150 1089 155 ⁵
1153 209 1227 287 ,tos

72 362 148 430 nodo
163 360 197 420 in
214 355 366 421 iudicium
392 370 525 418 vestrum
550 357 731 417 adduceret:
757 355 804 415 sin
826 357 961 418 scribere
979 360 1130 420 contraria
1148 359 1225 443 legi-

38 490 42 497 ·
73 436 318 525 bruviolatarum
334 443 442 524 legum
458 455 618 504 accusaret
654 438 731 501 Cum
751 441 833 501 enirn
851 439 1083 524 Ctesiphontem
1101 460 1227 528 propter

77 529 258 617 „persequi
273 522 391 588 indicio
407 550 473 591 non
482 528 594 608 possit:
612 527 671 608 ipsi
685 526 760 585 mihi
772 527 923 608 prolecto,
938 531 964 589 si
979 533 1224 612 convinciposse

81 614 232 690 mideiet,
247 635 312 674 non
325 615 519 694 pepercisset
537 613 659 688 Quodsi
673 612 746 692 quid
757 612 838 672 aliud
853 633 969 687 eorum,
985 638 1062 696 quae
1074 619 1166 686 modo
1174 614 1232 677 'ca-'

82 702 259 773 hnuiabatnr
273 710 305 759 et
318 698 506 773 recensebat,
524 709 577 758 aut
595 697 714 778 quidvis
733 698 854 778 alioqui
862 720 911 757 me
926 700 958 758 in
973 722 1027 760 vos
1045 703 1224 783 delinquere
1294 718 1296 723 '

88 791 191 861 ,iidata
217 786 302 867 leges
326 797 398 844 sunt
425 784 463 843 de
489 781 631 843 omnibus
651 795 681 841 et
697 783 851 870 ,supplicia
878 797 909 844 et
933 787 1111 864 experiundi
1136 777 1225 869 pote·¹
1307 806 1309 815 ’

92 886 167 945 ,ωσι
181 871 313 941 iudicia,
341 889 419 949 quae
436 868 558 928 acerbas
576 881 607 927 et
624 889 746 950 magnas
773 868 887 929 habent
910 870 1052 930 mulctas:
1078 885 1168 952 atque
1187 874 1224 934 iis

92 957 206 1028 adhesit
222 954 374 1017 omnibus.
393 954 480 1030 Quae
495 953 520 1013 si
536 975 605 1014 eum
623 953 731 1012 fecisse
750 967 903 1016 constaret
915 967 946 1014 et
959 954 1014 1014 hac
1033 958 1142 1039 agendi
1160 980 1223 1019 me-

27 1094 29 1101 .
58 1066 66 1079 ·
89 1043 257 1113 “untione
271 1060 338 1100 esse
348 1061 448 1113 usum,
463 1051 666 1099 consentanea
679 1038 765 1099 factis
776 1039 842 1099 eius
855 1044 935 1101 esset
947 1043 1106 1101 accusatio.
1124 1043 1225 1116 Nunc,

27 1180 30 1186 .
88 1131 204 1197 &obnata
219 1138 308 1187 recta.
320 1138 353 1185 et
369 1125 448 1185 iusta
465 1116 523 1198 via,
539 1145 588 1182 res
607 1125 680 1183 dum
696 1136 886 1206 gererentur,
904 1126 1121 1206 inpraesentia
1138 1133 1224 1189 co'ar-

27 1246 30 1282 ι
87 1237 157 1305 gnere
167 1211 277 1275 noluit:
295 1221 383 1270 tanto
395 1222 497 1270 autem
512 1208 658 1290 temporis
671 1209 830 1270 intervallo
842 1224 922 1292 post,
937 1211 1113 1274 criminibus
1131 1208 1162 1275 et
1177 1215 1222 1274 di-

87 1302 166 1366 cteriis
181 1311 209 1359 et
232 1294 379 1357 conviciis
403 1294 601 1367 coacervatis,
625 1293 806 1355 histrionem
831 1297 907 1378 agit:
932 1296 1005 1357 cum'
1019 1319 1068 1358 me
1093 1310 1224 1373 accuset,

27 1434 30 1441 -
50 1450 53 1457 ,
86 1381 344 1450 hunciniudicium
361 1381 499 1441 adducit:
518 1402 587 1440 cum
604 1379 699 1438 totius
715 1381 886 1441 certaminis
904 1381 968 1464 eius
983 1378 1140 1465 susceptae
1159 1392 1223 1445 me-

88 1495 139 1536 eum
152 1466 316 1529 inimicitiae
335 1466 536 1547 principatum
553 1477 689 1538 teneant,
706 1487 855 1546 nusquam
873 1488 991 1528 mecum
1010 1471 1224 1552 congreditur:

27 1605 29 1613 a
85 1546 216 1622 sodalium
229 1551 526 1634 deiicere‘de‘gradn
543 1550 698 1632 dignitatis
714 1551 812 1630 palam
830 1554 995 1614 contendit
1014 1557 1118 1635 ltaque
1135 1578 1223 1637 prae·
1312 1604 1323 1633 .=

27 1674 29 1707 :
84 1630 191 1706 toralias
205 1638 353 1712 rationes,
375 1657 453 1717 quae
471 1657 527 1717 pro
546 1635 723 1695 defensione
742 1631 951 1718 Ctesiphontis
969 1640 1072 1726 alferri
1087 1656 1224 1722 possent,

27 1779 29 1793 ,
83 1725 270 1799 Athenienses,
286 1722 363 1782 illud
383 1722 473 1785 etiam
492 1721 672 1802 aequissime
692 1722 752 1782 dici
769 1723 844 1782 mihi
861 1724 995 1785 videtur:
1014 1726 1128 1786 iustum
1147 1749 1224 1802 esse,

72 1806 104 1874 'rt
115 1823 224 1872 nostras
242 1807 414 1870 inimicitias
432 1807 490 1889 ipsi
508 1807 659 1869 internos
678 1806 892 1889 disceptemus,
908 1831 1010 1890 neque
1028 1812 1137 1873 decere
1155 1834 1223 1887 nos,
1249 1818 1254 1835 ¹

79 1897 168 1960 unissa
184 1893 411 1956 concertatione
426 1905 540 1968 nostra,
557 1892 660 1966 alium,
678 1892 728 1951 cui
742 1893 813 1952 mali
827 1895 980 1976 quippiam
995 1898 1110 1972 demus,
1129 1920 1221 1978 quae-

76 1985 163 2045 ritare:
187 2002 248 2061 quo
266 1978 344 2039 nihil
362 1978 429 2038 lieri
447 1989 550 2060 potest
566 1977 709 2057 iniquius.
745 1979 890 2053 Quamvis
908 1980 1003 2062 igitur
1018 1982 1221 2043 accusationis

74 2066 158 2130 onnia
174 2066 271 2146 capita
287 2064 337 2125 vel
347 2084 389 2123 ex
405 2064 451 2124 his
470 2084 566 2144 aeque
582 2061 790 2144 periniurium
805 2077 836 2125 et
849 2065 1039 2126 mendacium
1056 2088 1122 2127 esso
1137 2082 1220 2129 com·
1281 2137 1284 2141 ¹

73 2153 172 2236 posita,
187 2148 410 2233 perspiciatur:¹
427 2149 556 2209 seorsim
573 2161 675 2209 tamen
694 2148 784 2208 etiam
803 2149 921 2233 singula
940 2152 1105 2228 excutiam,
1124 2173 1220 2235 eaque
1256 2181 1260 2191 ·

27 2256 33 2305 ,Ι
58 2237 263 2320 'potissimum
281 2255 359 2315 quae
378 2236 416 2294 de
433 2255 506 2316 pace
525 2246 556 2294 et
573 2233 726 2316 legatione
744 2234 776 2293 in
794 2255 843 2295 me
861 2237 1025 2310 mentitur,
1042 2237 1123 2313 suis,
1143 2259 1220 2319 quae

27 2316 42 2358 ·’
70 2324 224 2384 Philocrate
242 2321 328 2381 socio
353 2319 443 2392 fecit,
467 2318 652 2380 facinoribus
671 2319 704 2378 in
721 2340 771 2381 me
796 2321 955 2382 translatis
989 2322 1045 2383 Est
1068 2336 1170 2384 autem
1189 2338 1220 2386 et
1289 2354 1305 2379 a

69 2408 136 2469 mihi
149 2405 359 2478 necessarium,
375 2405 596 2479 Athenienses,
614 2417 646 2464 et
663 2426 680 2464 a
698 2425 785 2465 causa
803 2405 875 2466 item
893 2429 957 2468 non
975 2408 1124 2484 alienum,
1143 2431 1220 2490 qnae
1298 2432 1301 2437 ·

67 2493 153 2554 fuerit
166 2506 335 2573 temporum
352 2490 476 2551 illorum
495 2490 646 2563 conditio,
663 2510 805 2551 revocare
822 2492 909 2552 vobis
926 2493 959 2552 in
977 2494 1167 2554 memoriam:
1184 2508 1221 2555 ut

67 2600 121 2660 pro
136 2577 261 2659 ipsarum
276 2596 379 2638 rerum
397 2589 477 2636 statu
494 2576 612 2659 singula
631 2576 779 2636 iudicetis.
804 2576 956 2638 Phocensi
974 2578 1107 2640 conflato
1126 2580 1221 2654 bello,

66 2685 127 2724 non
143 2684 194 2744 per
209 2683 257 2723 rue
273 2660 363 2743 (tunc
380 2662 462 2722 enirn
480 2682 538 2743 ego
565 2663 702 2723 nondum
719 2662 757 2721 ad
780 2663 997 2743 rempublicam
1021 2664 1221 2748 accesseram)

66 2749 260 2829 primumnoa
274 2746 316 2807 ita
332 2747 434 2807 fuistis
453 2747 594 2823 animati,
618 2759 654 2806 ut
670 2745 844 2806 Phocenses
870 2748 988 2808 velletis
1008 2768 1072 2808 esse
1098 2751 1219 2809 incolu-

67 2855 129 2893 mes
141 2832 326 2916 (quamquam
344 2832 487 2893 videretis
503 2843 556 2892 eos
568 2831 681 2891 iniuste
703 2830 827 2914 facere),
843 2832 995 2893 Thebanis
1012 2848 1114 2907 autem
1133 2833 1217 2914 quic-

71 2918 137 2998 quid
154 2918 304 2978 accidisset
320 2918 409 2992 mali,
434 2917 566 3001 gavisuri
585 2916 690 2977 essetis
701 2959 715 2990 „
737 2937 801 2976 non
820 2917 884 2977 sine
903 2940 1014 2993 causa,
1033 2940 1090 2979 nec
1108 2919 1219 2980 iniuria

72 3004 110 3063 eis
130 3003 300 3064 irascentes:
336 3003 398 3063 suis
417 3004 498 3063 enim
523 3003 560 3062 ad
577 3003 705 3062 Leuctra
730 3003 926 3063 successibus·
943 3026 1007 3064 uun
1031 3005 1080 3064 usi
1098 3005 1218 3065 lucrant
1300 3073 1309 3087 ,

70 3080 217 3149 moderate.
234 3089 354 3151 Deinde
372 3101 436 3148 tota
454 3088 685 3169 Peloponnesus
702 3086 736 3147 in
753 3086 900 3148 sactiones
919 3102 982 3149 erat
999 3089 1099 3149 divisa.
1117 3110 1218 3170 neque

71 3174 143 3233 enim
156 3173 267 3234 inimici
284 3174 595 3234 Lacedaemoniorum
612 3185 729 3233 tantum
748 3172 896 3247 valebant,
913 3188 949 3235 ut
964 3196 1016 3235 eos
1030 3187 1218 3243 everterent:

70 3276 158 3340 neque
173 3258 203 3334 ii,
221 3259 276 3339 qui
291 3259 376 3339 prius
390 3259 513 3320 illorum
529 3258 709 3320 auctoritate
727 3258 918 3339 imperarant,
935 3260 1072 3321 urbibus
1079 3263 1218 3322 modera-

71 3344 177 3405 bantur:
201 3345 253 3416 sed
280 3346 428 3426 quaeda‘m
446 3358 509 3405 erat
535 3344 730 3427 inexplicata,
757 3356 787 3403 et
804 3345 884 3424 apud
912 3345 967 3404 hos
994 3359 1025 3405 et
1042 3348 1122 3426 apud
1139 3347 1214 3407 alios
1241 3347 1302 3407 148
1336 3390 1341 3401 .

27 3436 29 3441 ’
71 3430 226 3505 universos,
249 3428 287 3490 lis
308 3444 339 3490 et
356 3429 552 3512 perturbatio.
587 3431 675 3505 Quae
692 3450 761 3488 cum
787 3428 905 3489 videret
920 3430 1078 3512 Philippus
1103 3429 1226 3514 (neque,
1337 3442 1342 3454 ¹

72 3515 144 3574 enim
158 3515 280 3576 obscura
299 3515 416 3599 erant),
439 3515 651 3598 largitionibus
676 3513 821 3574 faciendis
840 3514 870 3573 in
891 3512 1076 3598 singularum
1093 3515 1217 3596 u'rhiurn

70 3600 233 3683 proditores,
253 3621 360 3661 omnes
379 3602 530 3665 commisit
549 3614 579 3662 et
596 3601 677 3660 inter
693 3621 725 3659 se
744 3600 914 3660 concitavit
939 3601 1059 3676 Postea,
1078 3602 1149 3662 dum
1167 3603 1217 3663 alii

71 3698 156 3745 auant
171 3698 201 3745 et
217 3686 393 3766 desipiunt,
419 3686 534 3766 ipsese
560 3685 684 3746 instruit
709 3697 740 3745 et
756 3685 789 3746 iu
813 3686 978 3767 perniciem
998 3687 1141 3747 omnium·
1152 3710 1217 3749 cre·

69 3768 121 3843 seit
143 3771 185 3830 Ut
199 3783 303 3831 autem
320 3769 450 3831 afflictos
468 3770 542 3830 belli
560 3769 757 3831 diuturnitate
774 3783 848 3832 tunc
865 3773 1021 3847 molestos,
1039 3795 1120 3833 nunc
1137 3773 1216 3832 inle-

27 3866 29 3890 ²
68 3852 128 3913 lices
144 3854 306 3928 Thebanos
332 3856 526 3938 perspicuum
546 3867 612 3916 erat
635 3855 776 3915 omnibus
803 3869 941 3917 coactum
958 3858 996 3918 iri
1013 3859 1050 3919 ad
1068 3879 1122 3920 vos
1141 3879 1216 3918 con-

66 3937 173 4022 lugere:
190 3939 369 4022 Philippus,
386 3954 422 4001 ut
440 3961 479 4001 ne
497 3940 529 3999 id
547 3942 649 4013 fieret,
667 3961 744 4000 neve
763 3941 899 4003 civitates
918 3943 974 4004 hae
992 3943 1217 4026 coniungeren-

64 4035 113 4098 tur,
131 4036 161 4085 et
177 4025 265 4086 vobis
284 4048 400 4106 pacem,
419 4039 451 4087 et
468 4024 528 4085 illis
546 4025 689 4086 auxilium
707 4026 877 4107 pollicetur.
918 4029 1001 4104 Quid
1019 4028 1114 4110 igitur
1130 4029 1168 4087 ad
1184 4029 1216 4088 id

63 4110 224 4171 adiumento
238 4110 285 4170 illi
300 4111 369 4184 fuit,
383 4124 419 4170 ut
431 4133 485 4172 vos
500 4132 579 4191 pene
590 4110 889 4191 ultrocaperemini?
908 4110 1106 4173 Caeteroruni
1119 4111 1216 4173 Grae-v

63 4215 153 4255 corum
171 4197 235 4273 sive
254 4217 292 4257 ea
309 4195 444 4279 ignavia,
461 4197 525 4255 sive
543 4194 714 4280 ignorantia
731 4198 913 4258 nominanda
933 4211 996 4271 est,
1022 4197 1086 4261 sive
1104 4198 1215 4259 horum

59 4276 226 4362 utrumque:
254 4280 311 4361 qui
328 4302 382 4343 vos
406 4281 521 4342 bellum
544 4293 725 4363 perpetuum
744 4294 775 4341 et
798 4282 924 4364 longum
947 4297 1088 4365 gerentes
1106 4281 1214 4366 (idque

39 4367 198 4428 communi
216 4367 359 4455 ompium
376 4366 520 4440 utilitate,
538 4379 624 4427 utre
641 4366 706 4445 ipsa
724 4367 905 4427 declaratum
924 4366 990 4450 est).
1001 4388 1102 4448 neque
1120 4390 1213 4449 pecu-
