2722 4754
307 119 325 185 Ψ
357 167 586 228 axonam
622 118 959 263 concionum}
983 169 986 172 ⁴
1066 131 1089 219 Q
1127 133 1228 255 ιιι

61 312 102 379 cis
121 311 255 401 negotiis
274 321 343 388 dare
362 318 550 379 consilium
541 314 689 393 instituit,
724 304 814 377 illud
808 317 920 397 potius
938 329 1091 416 spectare,
1123 328 1159 374 ut
1177 336 1221 387 ea,
1289 313 1291 316 ⁴

61 407 139 482 q'uae
158 406 278 468 decreta
295 404 426 476 fuerint,
451 403 587 484 prosint,
613 423 700 482 quam
719 415 753 463 ut
771 403 887 462 subitae
908 402 1058 462 orationes
1070 399 1221 480 placeant

58 490 198 548 Decet
182 490 280 563 enim,
315 491 351 548 ad
377 488 568 569 eloquentiae
596 487 714 549 laudem
738 478 835 546 utilis
845 486 991 546 alicuius
988 487 1047 550 rei
1070 486 1221 546 actionem

60 574 226 647 accedere,
241 595 288 633 ne
297 575 328 632 in
347 573 515 654 praesentia
532 586 666 646 tantum,
683 573 736 632 sed
729 593 874 691 semper
892 593 943 644 ea,
961 591 1059 659 quae
1058 571 1136 652 dicta
1154 570 1221 630 lue-

59 657 139 730 rint,
162 678 194 716 se
212 660 364 738 praeclare
381 660 518 719 babeant.

433 826 436 833 .
875 826 878 831 .

63 959 104 1044 Si
122 986 222 1059 scitis,
239 986 454 1057 Athenienses,
473 987 546 1066 quid
565 984 737 1046 derebus
728 984 792 1043 istis
811 984 890 1044 sactu
909 984 948 1045 sit
966 975 1132 1064 optimum,
1150 1004 1222 1063 pec·
1245 991 1308 1049 412

62 1084 161 1132 catum
181 1086 225 1131 est
257 1091 305 1130 eas
331 1074 367 1131 ad
387 1072 613 1131 deliberandum
639 1090 827 1150 proponere:
854 1091 938 1142 nam,
964 1090 1040 1148 quae
1054 1068 1124 1154 ipsi
1151 1079 1221 1126 ante

62 1157 177 1217 auditas
203 1147 367 1224 sententias
385 1170 532 1236 tanquam
551 1156 683 1257 ,optima
694 1154 838 1235 probatis,
863 1176 1008 1234 quorsum
1034 1153 1146 1213 eisdem
1171 1175 1224 1212 au-

63 1241 181 1340 diendis
210 1242 320 1300 frustra
348 1241 486 1301 obtundi
505 1241 637 1303 attinet?
671 1230 728 1299 Sin
757 1239 953 1298 consideratis
983 1251 1014 1297 et
1042 1230 1256 1335 delibet-utiq„
1305 1290 1309 1296 .

65 1325 163 1407 quasi
169 1348 204 1385 ex
222 1326 287 1399 his,
315 1346 399 1404 quae
411 1327 565 1396 dicentur,
593 1324 783 1384 statuendum
803 1323 858 1382 sit:
895 1345 957 1382 non
976 1335 1092 1392 rectum
1112 1331 1173 1395 est,
1199 1321 1225 1381 si
1278 1359 1279 1363 =
1309 1326 1312 1352 ¹'

65 1434 118 1490 qur
109 1404 247 1483 velint,
273 1409 315 1468 eis
335 1411 513 1473 nonfacere
534 1409 859 1487 dicendipotestatem.
894 1407 944 1467 Sic
964 1407 1112 1505 enimfit,
1134 1420 1170 1466 ut
1187 1405 1223 1464 ab

63 1496 151 1570 aliis,
175 1497 202 1555 si
225 1495 320 1575 quid
314 1495 396 1560 utile
395 1494 653 1594 ιιιερςίιιιιιιιι,
668 1514 704 1552 eo
730 1513 783 1550 vos
809 1492 933 1551 omnino
953 1491 1128 1572 privemini.
1164 1491 1225 1562 alii,

64 1580 183 1640 omissis
202 1580 266 1653 his,
299 1579 544 1659 quaeinanimo
563 1577 728 1649 habebant,
759 1597 791 1634 ea
811 1568 971 1648 suadeant,
1006 1598 1081 1654 quae
1100 1594 1153 1634 vos
1173 1597 1225 1635 cu-

26 1714 29 1720 ,
63 1686 135 1746 pere
156 1665 326 1745 opinantur
333 1660 411 1723 Est
429 1676 528 1722 autem
548 1683 670 1737 eorum,
689 1661 740 1740 qui
760 1681 857 1720 errare
876 1661 999 1733 volunt,
1017 1661 1138 1742 adigere
1158 1681 1226 1719 ora-

63 1763 163 1811 torem
182 1749 281 1819 adea,
300 1769 375 1827 quae
394 1769 446 1807 vos
465 1746 572 1818 vultis,
592 1747 732 1806 dicenda:
751 1744 997 1833 deliberantium,
1016 1746 1130 1819 audire,
1149 1766 1225 1823 quae
1267 1787 1272 1797 .

46 1834 130 1913 qeins
149 1834 190 1893 sit
207 1832 374 1906 sententia
399 1851 510 1912 eaque,
534 1855 559 1890 ιι
577 1843 657 1890 recta
676 1820 805 1902 sit',uti
837 1829 914 1890 Dico
933 1843 1033 1890 autem
1053 1811 1145 1901 haec,
1163 1849 1226 1887 non
1269 1895 1275 1906 ,

66 1919 149 1996 quod
169 1917 233 1997 his,
266 1939 342 1998 quae
360 1917 446 1977 vobis
464 1917 600 1997 placent,
634 1915 782 1984 contraria
800 1917 924 1974 suadere
944 1914 1048 1974 velim:
1084 1915 1136 1973 sed
1156 1913 1227 1992 quia
1303 1931 1307 1935 ’

64 2002 140 2062 illud
160 2003 292 2076 scio,s1
283 2002 551 2061 contradicentes
570 2001 674 2060 audire
693 1999 822 2073 noletis,
847 2021 899 2060 eos
919 1999 1070 2073 dicturos,
1088 2019 1142 2057 vos
1161 2018 1227 2057 esse

65 2087 217 2165 deceptos.
252 2087 307 2145 Sin
332 2086 503 2156 audieritis,
530 2098 560 2144 et
583 2084 697 2144 assensi
722 2105 785 2144 non
809 2043 942 2191 ineditis,
968 2105 1038 2143 mox
1046 2081 1247 2164 apparebit,³

66 2191 118 2230 eos
138 2170 288 2230 deteriora
306 2171 424 2230 dedisse
443 2170 576 2232 consilia.

66 2469 234 2570 Arbitror,
258 2518 363 2563 omnes
381 2517 451 2570 vos,
477 2493 698 2568 Athenienses,
723 2495 910 2585 intelligere,
934 2515 988 2554 vos
1007 2493 1100 2553 hodie
1118 2500 1229 2552 convess
1274 2485 1298 2522 '¹

67 2585 165 2662 nisse,
191 2602 255 2640 non
278 2595 313 2641 ut
336 2581 431 2641 ullum
450 2580 617 2640 maleficum
637 2580 786 2661 puniatis,
812 2577 865 2640 sed
888 2592 938 2655 ιιι,
948 2580 984 2639 de
1009 2579 1140 2660 negotiis
1164 2577 1229 2638 istis

67 2666 249 2727 deliberetis
262 2662 512 2733 Accusationes
502 2664 595 2746 agitur
609 2684 713 2734 omnes
726 2662 913 2724 differendae
925 2677 1004 2738 sunt,
1023 2685 1056 2723 ac
1070 2676 1135 2722 turn
1150 2661 1230 2743 apud
1247 2668 1249 2673 ’

66 2774 121 2811 vos
140 2751 301 2810 dicendum
321 2750 425 2810 contra
450 2771 536 2821 eum,
562 2769 652 2828 quem
671 2749 729 2810 sibi
754 2749 964 2829 unusquisque
991 2748 1229 2848 oppugnandum

67 2835 219 2906 censebit,
244 2858 313 2895 cum
330 2835 475 2894 iudicium
495 2834 532 2893 de
550 2834 651 2913 aliquo
670 2835 829 2894 faciemus.
865 2833 975 2913 quodsi
994 2834 1079 2932 qpis
1067 2853 1150 2891 vero
1168 2831 1231 2891 uti-

39 2922 97 2994 yle
122 2920 237 3000 aliquid
261 2910 343 2979 dictu
370 2933 423 2978 aut
446 2918 637 2978 conducibile
656 2919 763 2993 babet,
786 2919 818 2978 id
835 2941 916 2978 nunc
933 2907 1119 2999 pronunliet.
1154 2915 1229 2974 Nam

68 3019 208 3065 accusare
228 3025 334 3064 eorum
353 3016 415 3085 est,
435 3003 556 3083 quires
575 3016 681 3086 gestas
699 3004 838 3084 culpant.
864 3003 983 3068 consilii
1000 3023 1072 3062 vero
1092 2998 1231 3080 capiendi

69 3088 248 3150 deliberatio
269 3089 305 3148 de
330 3073 420 3147 rebus
446 3089 657 3169 praesentibus
674 3102 725 3148 aut
749 3087 859 3167 futuris
884 3084 1080 3148 instituitur
1075 3083 1230 3143 Proinde

68 3192 133 3241 ‘non
152 3173 280 3232 convicii
298 3186 350 3231 aut
366 3161 611 3252 reprehensionis
629 3172 688 3232 boc
705 3186 835 3272 ternpus,
852 3174 904 3232 sed
919 3172 1009 3232 dandi
1024 3169 1144 3230 consilii
1157 3167 1232 3226 mibi
1245 3179 1253 3187 ⁴·

70 3280 136 3319 esse
154 3258 280 3317 videtur.
315 3258 428 3328 Dabo
419 3258 513 3340 igitur
536 3278 674 3342 operam,
697 3279 735 3317 ne
754 3258 817 3339 ipse
836 3257 867 3316 id
893 3256 1093 3328 committam,
1119 3254 1231 3332 inquo

70 3344 146 3405 alios
165 3341 366 3427 reprebendo,
385 3355 416 3441 et
432 3354 482 3417 ut,
500 3363 608 3439 quae
595 3342 813 3423 inpraesentia
831 3342 915 3453 sactu
934 3338 1092 3402 utilissima
1111 3357 1233 3410 censeo,

69 3429 217 3495 suadeam.

986 3561 999 3588 S

70 3750 240 3834 Neminem
250 3758 438 3873 ,negaturum
453 3757 578 3855 opinoi‘,
593 3750 807 3846 Athenienses,
825 3770 956 3852 improbi
970 3782 1000 3829 et
1013 3747 1156 3845 malevoli
1170 3789 1236 3831 esse
1318 3806 1327 3828 ι.

73 3858 257 3932 hominis,
233 3881 276 3918 stc
294 3860 424 3938 aliquem
443 3880 479 3918 ex
496 3857 719 3938 magistratibus
737 3856 785 3916 vel
799 3876 910 3956 amare,
927 3855 975 3914 vel
991 3855 1102 3928 odisse,
1119 3869 1163 3928 ut,
1182 3874 1237 3913 ne-

73 3948 171 4028 glecta
194 3941 393 4024 reipublicae
402 3943 552 4016 utilitate,
580 3943 742 4002 conciones
761 3941 868 4021 partim
894 3961 930 4000 ex
953 3939 1043 4012 odio,
1058 3939 1177 4020 partim
1202 3959 1238 3997 ex

73 4029 275 4111 aemulatione
294 4029 416 4088 babeat:
436 4048 512 4106 quae
531 4028 651 4105 qnidam
671 4046 837 4085 conscenso
856 4021 1002 4106 suggestu
1020 4023 1142 4083 faciunt
1169 4024 1237 4104 Ego

73 4135 147 4175 vero
167 4113 212 4173 bis
230 4125 347 4174 tantum
367 4107 479 4186 dicam,
502 4130 554 4171 eos
573 4110 668 4171 videri
686 4110 776 4182 mihi,
790 4109 852 4170 etsi
869 4109 983 4187 aliquid
1001 4108 1156 4181 fecerunt,
1174 4127 1238 4167 non

73 4208 226 4261 summum
243 4211 399 4279 peccatum
418 4195 619 4257 commisisse,
645 4196 699 4254 sed
717 4195 793 4255 illud
812 4214 877 4253 esse
902 4193 1127 4274 gravissimum,
1154 4191 1238 4271 quod
1262 4200 1325 4258 413

20 4304 147 4366 prae
161 4305 198 4343 se
216 4282 329 4356 ferunt,
346 4303 378 4343 se
396 4303 551 4360 nunquam
571 4280 661 4340 etiam
678 4279 765 4340 aliter
781 4277 887 4340 facere
897 4290 1016 4358 paratos
1034 4298 1107 4338 esse.
1141 4277 1238 4339 Vobis
