2722 4754
353 155 628 292 nonnosus>
658 154 1044 297 rinocnarnuss'
1079 166 1143 272 s>
1194 154 1262 272 ⁸aar
1340 211 1356 258 ·.

65 347 138 411 bus
161 355 317 417 contraria
336 355 473 439 legibus,
487 355 596 438 idque,
621 355 694 438 ipsis
712 357 832 441 legibus
850 359 979 436 auditis,
997 358 1125 422 maxime
1143 380 1265 446 cogno·⁴
1285 371 1347 432 453

68 438 186 500 scetis.
222 439 337 501 Recita
647 447 650 450 ’
714 436 732 448 ”
1069 440 1072 447 '
1241 442 1271 470 '·

588 550 764 612 anons.
831 589 834 595 -

171 655 299 742 Diocles
317 654 425 729 iubet,
444 653 528 739 leges
546 670 616 717 ante
634 652 793 717 Euclidem
811 655 902 731 latas,
921 652 1016 721 libera
1033 663 1207 744 republica,
1232 677 1263 729 et
1334 676 1350 727 “.

29 814 38 828 x
76 761 290 821 quaecunque
308 739 364 800 sub
384 741 512 801 Euclide
530 741 607 802 latae
626 754 697 802 sunt
716 742 796 803 etin
814 742 930 803 tabulas
948 746 1071 821 relatae,
1089 762 1168 809 ratas
1185 761 1262 812 esse.
1313 748 1328 814 ζ

29 858 35 865 ·
73 824 175 903 'Quae
193 847 267 887 vero
286 838 356 906 post
372 825 530 888 Euclidem
549 827 626 887 latae
641 840 723 901 sunt,
743 841 773 888 et
791 828 934 910 deinceps
952 831 1090 892 serentur
1107 835 1261 918 singulae:
1280 818 1287 874 *-

77 933 135 984 eas
156 933 223 973 esse
240 925 318 972 ratas
337 911 375 971 ab
395 933 432 975 eo
453 913 518 986 die,
554 925 621 993 quo‘
636 913 775 994 quaequ'e
799 915 878 974 latae
896 929 982 991 sunt,
1019 917 1122 978 nisisi
1141 921 1190 980 cui
1208 923 1262 982 ad-

47 1058 50 1062 ,
76 997 234 1080 scriptum
253 1009 299 1076 est
315 1009 447 1078 tempus,
465 1018 527 1082 quo
546 998 656 1060 debeat
673 1000 740 1081 geri
757 993 957 1082 magistratus.
979 995 1141 1064 Adscribal
1159 1019 1260 1067 antem
1323 982 1333 1001 δ

22 1100 26 1107 ’
77 1104 169 1163 nune
185 1083 432 1164 receptissciiba
451 1097 604 1145 senatus:.
622 1087 705 1144 lutra
722 1085 855 1168 triginta
871 1085 943 1147 dies.
979 1090 1013 1147 ln
1031 1085 1187 1170 posterum
1206 1113 1260 1153 au-

78 1181 159 1246 tem,
177 1169 353 1251 quicunque
370 1169 486 1229 scribae
500 1170 640 1253 fungitur
656 1169 770 1245 officio,
783 1170 887 1232 statim
900 1174 1064 1250 adscribat,
1078 1175 1178 1260 legem
1195 1196 1261 1237 esse

76 1268 180 1319 ratam
198 1252 236 1315 ab
254 1275 292 1314 eo
311 1254 378 1327 die,
397 1276 460 1335 qno
479 1255 664 1319 lataluerit'
936 1250 940 1255 ¹
965 1310 968 1316 .
1134 1301 1137 1304 >
1342 1260 1344 1266 ’

118 1405 127 1417 Ι
160 1336 250 1421 [Cum
268 1352 409 1420 receptae
428 1336 528 1424 leges,
546 1340 772 1413 Athenienses,
791 1340 889 1402 bonae
908 1341 988 1416 sint,
1008 1344 1082 1410 baec
1099 1339 1193 1406 modo
1211 1367 1260 1407 re-

30 1492 37 1503 ,
84 1426 175 1489 citata
191 1425 247 1485 >lex
272 1425 367 1486 veluti
391 1426 529 1486 distinriit
555 1448 604 1487 eas
629 1439 660 1486 et
678 1426 874 1487 confirmavit
918 1428 1009 1497 lubet
1026 1431 1125 1505 enim,
1152 1454 1260 1493 unam-

81 1531 242 1593 quamque
255 1510 292 1571 ab
313 1531 349 1569 eo
369 1512 436 1585 die,
455 1532 516 1592 quo
535 1513 594 1573 lata
611 1511 722 1587 fuerit,
742 1533 807 1572 esse
825 1526 938 1588 ratam,
951 1514 1016 1574 nisi
1034 1515 1061 1576 si
1079 1519 1128 1576 cui
1147 1517 1261 1579 adseri·
1289 1512 1295 1516 ’

78 1610 172 1679 ptum
188 1597 282 1657 suerit
298 1609 436 1682 tempus,
463 1618 524 1678 quo
543 1610 684 1679 praetore
702 1610 765 1658 rata
785 1619 850 1658 esse
869 1599 986 1664 debeat
1029 1601 1261 1676 Quamobrem?

80 1681 287 1764 Quiaomultis
307 1682 425 1765 legibus
445 1684 629 1763 adscriptum
646 1684 758 1743 luerat:
782 1686 845 1744 Lex
863 1684 937 1745 haec
954 1697 1018 1745 rata
1038 1701 1102 1746 esto
1121 1701 1187 1747 tum
1206 1689 1260 1748 de·
1339 1750 1345 1756 ,

41 1798 57 1813 ··
80 1792 189 1844 mum,
204 1764 258 1828 ubi
276 1766 348 1840 buic
367 1767 500 1848 praetori
519 1769 595 1829 alius
614 1769 801 1829 successerit
830 1772 857 1828 Is
876 1791 968 1843 vero,
988 1771 1040 1851 qui
1058 1785 1129 1852 post
1147 1794 1196 1834 cas
1215 1773 1259 1834 le.

83 1856 163 1938 geni
177 1852 252 1915 banc
268 1852 342 1913 tulit
359 1853 418 1912 iam
437 1854 609 1927 recitatam,
634 1876 698 1913 non
716 1872 846 1934 aequum
866 1855 1001 1928 censuit,
1028 1858 1147 1928 easdem
1165 1858 1260 1940 leges,

82 1962 169 2020 qnae
192 1936 334 2000 iubentur
357 1936 529 2021 posterius,
558 1960 648 2018 quam
666 1939 742 1999 latae
762 1952 850 2013 sunt,
874 1952 956 1999 ratae
983 1961 1066 2013 esse,
1091 1942 1197 2003 referri
1222 1943 1260 2002 ad

82 2046 161 2087 eum
188 2024 286 2097 diem,
308 2046 405 2104 aquo
431 2022 508 2085 latae
528 2038 643 2085 essent:
670 2047 770 2105 neque
794 2023 879 2104 prins
904 2024 1056 2084 habendas
1082 2036 1146 2085 esse
1172 2040 1261 2100 ratas,

56 2118 62 2128 “
80 2134 177 2193 quam
193 2107 341 2191 cuiusque
359 2110 673 2192 auctor‘postulasset.
697 2110 778 2169 Huic
794 2109 854 2191 legi
870 2109 1061 2170 considerate
1079 2132 1170 2190 quam
1187 2124 1260 2173 con-

81 2197 177 2258 traria
195 2195 237 2256 sit
255 2217 306 2271 ea,
331 2218 420 2278 quam
439 2196 496 2256 iste
515 2195 593 2262 tulit.
628 2195 705 2255 Nam
721 2195 773 2255 'illa
792 2194 893 2269 iubet,
918 2196 1017 2278 legem
1036 2195 1099 2255 sive
1118 2185 1268 2277 a'praefia

80 2283 152 2343 nito
170 2272 321 2364 tempoie,
340 2283 402 2342 sive
421 2283 458 2341 ab
479 2303 515 2341 eo
535 2282 595 2355 die,
609 2292 675 2362 'quo
695 2282 754 2340 lata
772 2279 874 2354 luerit,
891 2294 987 2341 ratam
1005 2302 1087 2351 esse:
1110 2281 1169 2341 iste
1186 2303 1260 2343 vero

61 2367 223 2449 scripsit:
253 2368 294 2426 Et
311 2368 337 2427 si
356 2367 423 2449 quis
443 2368 600 2427 damnatus
618 2363 727 2442 suerit,
746 2368 783 2426 de
802 2367 972 2447 praeteritis
992 2366 1140 2446 loquens,
1158 2389 1261 2448 neque

80 2457 114 2538 id
133 2452 235 2536 ipsum
255 2452 553 2535 definiitadscripto·
563 2464 714 2533 praetore,
733 2474 749 2510 a
768 2458 848 2531 qno:
866 2453 919 2511 sed
937 2451 1016 2511 fecit
1029 2472 1093 2511 non
1111 2450 1204 2512 modo
1223 2441 1276 2529 ab,¹

53 2578 56 2591 ι
81 2542 144 2625 isto
164 2540 230 2612 die,
257 2539 438 2621 quolegem
457 2534 542 2611 tulit,
565 2551 676 2611 ratam,
702 2538 755 2597 sed
775 2537 864 2596 etiam
883 2537 919 2596 ab
940 2559 977 2597 eo
996 2550 1151 2618 tempore,
1176 2551 1262 2615 ante-
1326 2603 1333 2613 1

37 2696 41 2701 ,
83 2648 175 2712 quam
194 2638 337 2685 nostrum
354 2623 513 2704 quisquam
536 2619 725 2693 nasceretur:
753 2645 821 2681 nam
847 2637 937 2681 omne
961 2623 1160 2701 praeteritum
1184 2636 1263 2693 tem,-

21 2708 25 2714 ’
82 2735 161 2794 pus,
178 2711 262 2792 quod
280 2710 443 2787 inlinitum¹
455 2721 516 2782 est,
534 2710 595 2770 una
614 2706 853 2789 comprehendit
872 2707 969 2786 Atqui
987 2721 1018 2767 te
1037 2707 1191 2787 oportuit,
1209 2707 1263 2767 Ti-

85 2803 247 2871 mocrates,
265 2810 318 2856 aut
335 2796 424 2856 istam
442 2815 506 2854 non
522 2795 658 2867 sancire,
677 2806 730 2853 aut
746 2792 828 2853 illam
847 2790 979 2865 abolere,
1000 2805 1030 2852 et
1047 2813 1122 2865 non,
1140 2805 1176 2852 ut
1192 2805 1263 2852 tuae

37 2946 45 2953 ,
74 2882 210 2965 'libidini
228 2882 408 2958 satisfieret,
428 2879 610 2941 conturbare
631 2879 739 2965 omnia.
771 2880 864 2961 ,Lege
883 2877 971 2937 aliam
989 2877 1097 2960 legem.
1211 2877 1235 2889 “’

622 3004 731 3055 ffl-
1012 3040 1015 3045 ·
1193 3042 1197 3047 ·
1287 3011 1350 3072 454

158 3099 281 3179 -Neque
300 3098 337 3168 de
356 3093 585 3179 ignominiosis,
607 3092 766 3172 pristinam
784 3091 827 3163 eis
846 3091 1025 3174 dignitatem
1043 3091 1263 3152 restituendam
1335 3079 1338 3083 ’

86 3205 170 3258 esse,
188 3204 292 3263 neque
312 3183 349 3242 de
367 3182 429 3255 his,
449 3180 502 3259 qui
521 3179 596 3237 divis
617 3176 731 3237 debent
748 3190 801 3239 aut
817 3176 935 3247 aerario
953 3176 1207 3252 Atheniensium,
1225 3179 1264 3238 de
1279 3192 1281 3197 ’

52 3316 56 3321 -
84 3269 272 3332 remittenda
290 3268 402 3328 mulcta
427 3278 479 3326 aut
503 3263 627 3323 militia:
654 3262 722 3321 nisi*
737 3264 820 3344 prius
840 3263 1033 3323 decreverint
1044 3263 1264 3336 Athenienses,
1340 3311 1343 3316 .

65 3379 140 3431 „sex
157 3355 295 3415 millibus
314 3374 378 3413 nou
395 3346 570 3434 pauciores,
588 3349 680 3409 licere
699 3348 740 3423 id,
759 3348 870 3428 quibus
890 3349 1009 3408 occulte
1029 3347 1263 3409 decernentibus

30 3501 37 3511 ,
88 3432 245 3505 ita'duerit
262 3439 368 3501 visum.
386 3430 469 3499 Tum
484 3458 558 3498 vero
576 3436 700 3495 demum
717 3434 831 3494 referre
850 3434 958 3508 liceat,
977 3433 1264 3513 quatenus-senatui
1345 3447 1348 3451 ’

88 3527 269 3619 populoque
287 3526 386 3585 visum
398 3523 503 3584 ¹suerit.
755 3519 757 3522 ’
782 3517 801 3573 J
972 3564 973 3567 ,

131 3671 134 3675 .
173 3612 245 3672 Alia
264 3611 338 3670 baec
356 3611 405 3670 lex
423 3623 484 3690 est,
509 3628 585 3689 quae
605 3603 873 3689 de'ignominiosis
894 3618 925 3665 et
942 3604 1062 3666 aerariis
1080 3604 1195 3664 referre
1212 3623 1265 3664 ve·

10 3693 32 3731 *
87 3711 142 3776 tat,
160 3711 215 3771 aut
232 3696 419 3778 respondere
438 3697 475 3756 de
495 3715 564 3757 aere
583 3693 683 3752 alieno
702 3692 906 3752 condonando
926 3705 978 3750 aut
995 3689 1113 3763 militia,
1132 3690 1191 3749 nisi
1208 3709 1265 3770 po·
1336 3763 1342 3768 ῃ

88 3797 182 3847 testas
209 3786 279 3845 data
302 3782 412 3856 fuerit,
426 3800 533 3861 eaque
551 3800 614 3838 non
632 3774 826 3859 pauciorum,
854 3798 942 3858 quam
969 3781 1021 3853 sex
1038 3775 1185 3849 millium,
1213 3776 1266 3846 de-

65 3935 74 3945 ,
91 3883 184 3933 creto.
218 3872 280 3929 Iste
298 3888 371 3929 vero
390 3866 486 3948 palam
505 3864 641 3945 scripsit,
660 3863 778 3923 etiamsi
797 3863 864 3942 quis
883 3862 1014 3939 aerarius
1034 3863 1070 3921 ad
1088 3859 1208 3920 vincula
1227 3859 1271 3920 sit'
1292 3894 1296 3903 ι
1336 3886 1342 3903 r

93 3959 270 4029 damnatus,
299 3953 414 4013 remitti
433 3952 461 4010 ei
479 3951 601 4024 licere,u
615 3950 641 4008 si
659 3949 752 4008 modo
771 3949 860 4008 vades
880 3948 1014 4009 dederit:
1047 3969 1115 4006 cum
1133 3945 1208 4005 nihil
1228 3945 1266 4010 de
1344 3954 1358 3999 1

94 4044 138 4106 his
156 4042 312 4104 adiectum
331 4039 387 4113 sit,
405 4057 506 4118 neque
524 4047 658 4118 potestas
677 4034 799 4094 dicendi
818 4036 893 4095 data.
919 4030 1006 4118 ⁴Cum
1024 4045 1125 4092 autern
1144 4031 1192 4092 le‘x
1209 4032 1267 4091 nec
1346 4078 1349 4082 .

93 4128 308 4210 impunitatem
326 4126 436 4205 adepto
456 4122 609 4182 licentiam
627 4122 697 4193 det,
713 4142 770 4198 suo
790 4120 915 4198 arbitrio
935 4117 1053 4199 quidvis
1073 4116 1267 4188 decernendi,

96 4215 145 4277 'sed
159 4237 195 4275 ea
208 4214 364 4284 duntaxat,
383 4229 460 4290 quae
475 4207 593 4268 senatui
611 4206 789 4287 populoque
800 4205 926 4286 probata
937 4203 1065 4263 fuerint:
1081 4202 1132 4262 isti
1143 4223 1182 4261 ne
1193 4201 1267 4261 haec

98 4302 222 4382 quidem
247 4297 358 4357 iniuria
382 4294 453 4355 satis
477 4293 551 4366 fuit,
580 4291 760 4371 impunitate
784 4312 847 4351 non
874 4291 960 4361 data,
987 4287 1087 4348 dice're
1113 4293 1145 4347 e't
1168 4286 1267 4375 legem

10 4424 13 4429 -
88 4387 174 4453 terre
192 4385 281 4445 bisce
299 4380 463 4468 derebus,
496 4378 551 4439 sed
568 4375 820 4459 insuperetiam,
854 4373 937 4467 nulla
955 4373 1065 4434 borum
1079 4373 1162 4454 apud
1181 4391 1268 4431 sena-

1017 4466 1065 4534 22
