2722 4754
157 212 217 269 toa
360 153 1010 287 'Jonuosrrinursonarro

96 400 99 405 ·
155 360 381 424 criminationes
398 362 432 423 'et
457 357 639 436 calumnias,
667 362 778 442 quibus
806 375 962 423 accusator
980 361 1020 423 ob
1045 362 1179 443 priorem
1204 360 1355 443 dicendi·

155 450 256 508 locu'm
274 442 381 527 pollet,
395 466 453 506 reo
473 447 585 507 evitare
603 468 667 507 non
684 449 791 524 licere,
810 449 869 509 nisi
888 450 1017 529 quisque
1036 460 1179 523 vestrum,
1198 446 1254 526 qui
1271 446 1348 526 pro'

154 533 299 594 tribunali
317 529 447 606 sedetis,
466 533 597 592 deornm
612 533 828 592 immortalium
846 534 996 618 religione
1015 532 1332 613 servata,'etiam-po··

104 626 108 631 '
154 616 283 681 steriore
295 616 365 676 loco
379 616 507 677 dicentis
523 617 730 680 excusationes
744 618 877 701 benigne
891 618 1074 694 admitteret,
1088 639 1183 703 seque
1194 638 1331 697 aequum-

48 728 52 735 ·
154 716 186 764 et
202 723 395 762 communem
412 701 535 784 utrique
554 704 724 764 auditorem
742 704 918 784 praebendo
944 705 988 764 sic
1006 707 1044 765 de
1062 718 1127 765 tota
1146 698 1326 763 centrosas·
1345 708 1348 713 '

154 788 197 849 sia
211 788 391 867 sententiam
408 788 508 849 ferret.
527 785 604 847 Cum
619 800 720 848 autem
735 801 764 849 et
776 784 909 871 privatae
924 791 1002 850 vitae
1018 791 1125 865 totius,
1141 801 1178 848 ut
1192 799 1325 869 apparet,

154 871 246 933 bodie
264 873 420 933 reddenda
438 873 513 943 milti
537 874 615 934 ratio
635 873 674 934 sit
699 887 730 934 et
748 888 884 936 actorum
902 876 935 934 in
953 876 1123 958 republica:
1148 895 1273 948 rursus,
1291 882 1340 937 uta

152 958 304 1040 principio
316 954 398 1033 feci,
423 959 497 1019 deos
515 954 664 1020 invocabo
672 972 691 1033 ,'
706 971 736 1019 et
754 961 785 1020 in
804 973 969 1041 conspectu
992 974 1094 1021 vestro
1113 979 1238 1042 precor:
1262 957 1322 1039 pri-

131 1037 255 1117 mum,
282 1056 424 1125 quantam
443 1064 501 1126 ego
527 1043 772 1106 benevolentiam
797 1047 972 1106 constanter
990 1046 1087 1107 habeo
1107 1066 1177 1127 erga
1196 1056 1228 1104 et
1245 1059 1323 1104 retn-

67 1133 129 1192 146
153 1129 306 1213 publicam
325 1141 356 1189 et
372 1149 427 1189 vos
446 1149 562 1211 omnes,
579 1142 663 1190 tanta
679 1130 755 1189 milri
772 1143 837 1192 uta
853 1132 939 1191 vobis
959 1132 990 1192 in
1009 1132 1068 1191 boc
1087 1130 1251 1190 certamine
1269 1128 1323 1188 tri-

152 1217 279 1277 buatur:
313 1214 439 1288 deinde,
465 1227 500 1275 ut
525 1213 566 1279 dii
591 1214 776 1277 immortales
802 1217 843 1276 ita
867 1231 976 1299 regant
1001 1229 1117 1276 mentes
1144 1215 1324 1294 animosque

88 1360 91 1367 ,
139 1300 290 1362 v'omniurn
307 1312 453 1375 restrum,
470 1300 554 1360 utin
573 1300 628 1362 hac
647 1323 733 1362 causa
751 1302 786 1360 i!
799 1303 946 1376 statuatis,
966 1301 1049 1383 quo'd
1068 1299 1276 1362 commodabit
1293 1310 1324 1359 ct

125 1410 130 1419 ·
151 1384 337 1469 reipublicae
356 1386 470 1469 gloriae
490 1399 521 1445 et
538 1386 642 1466 pietati
661 1387 859 1470 singulorum.
895 1388 1016 1462 Quodsi
1033 1387 1201 1450 Aeschines
1220 1405 1255 1448 ea
1273 1403 1322 1444 so-

45 1496 48 1501 ·
151 1473 227 1557 lum,
246 1491 322 1551 quae
340 1472 370 1530 in
388 1471 580 1532 accusatione
594 1472 782 1554 perscripsit,
800 1485 971 1534 tractasset:
991 1495 1048 1556 ego
1063 1493 1187 1553 quoque
1198 1462 1241 1530 ‘'de
1255 1471 1323 1551 ipso

58 1592 62 1597 ·
153 1556 418 1619 senatusconsulto
443 1558 544 1617 statim
569 1559 804 1639 respondissem.
838 1559 992 1634 Quoniam
1011 1571 1112 1619 autem
1131 1555 1256 1617 caeteris
1272 1574 1322 1614 re-

153 1643 313 1725 censendis
332 1664 396 1701 non
414 1638 556 1723 pauciora
574 1644 665 1703 verba
683 1644 755 1704 fecit
773 1645 853 1704 etin
871 1666 920 1705 me
937 1645 1081 1726 pleraque
1098 1643 1245 1708 mentitus
1263 1653 1323 1700 est:
1349 1722 1356 1727 ¹

153 1728 243 1803 simul
263 1742 294 1788 et
310 1729 515 1788 necessarium
534 1742 565 1788 et
582 1729 696 1791 iustum
715 1751 780 1790 esse
798 1743 892 1810 putu,
915 1743 950 1791 ut
967 1731 1087 1812 paucis,
1107 1726 1342 1811 Athenienses,

152 1815 191 1874 de
209 1812 257 1872 his
274 1813 405 1893 primum
424 1813 520 1872 dicam
527 1820 539 1872 ε’
560 1835 599 1873 ne
619 1815 686 1895 quis
704 1828 855 1892 vestrum,
871 1816 972 1876 uerbis
991 1829 1072 1877 extra
1090 1835 1210 1875 causam
1226 1811 1313 1872 lactis

132 1930 137 1937 a
153 1900 273 1973 ductus,
287 1897 433 1959 alieniore
444 1899 546 1959 animo
557 1898 772 1961 refutationem
783 1902 982 1962 accusationis
993 1922 1090 1962 meam
1101 1901 1210 1961 audiat
1229 1854 1326 1973 Quod

42 2056 53 2075 x
150 1984 247 2069 igitur
263 1983 300 2043 ad
325 1983 466 2044 convicia<
480 1997 511 2044 et
534 1985 667 2065 privatae
685 2006 770 2046 meae
797 1987 1037 2065 criminationem
1061 1986 1185 2047 attinet:
1212 1983 1324 2057 videte,

86 2120 97 2131 e
152 2074 243 2150 quam
262 2068 440 2151 simpliciter
454 2070 596 2149 iusteque
609 2072 818 2153 respondeam.
837 2072 869 2130 Si
883 2095 932 2132 me
948 2072 1030 2133 scitis
1046 2086 1111 2133 esse
1125 2070 1229 2143 talem,
1249 2088 1322 2148 qua·
1339 2140 1346 2147 ,

50 2179 54 2187 ·
82 2150 86 2154 ’
152 2157 213 2215 lem
231 2155 289 2215 iste
314 2154 414 2238 arguit
439 2153 553 2238 (neque
577 2157 661 2217 enim
686 2179 813 2237 usquam
839 2158 911 2218 alibi
932 2157 1011 2235 vini,
1036 2180 1125 2238 qnam
1144 2156 1224 2237 apud
1243 2150 1322 2236 vos),

152 2262 217 2311 non
234 2261 360 2314 recuso,
386 2261 448 2335 quo
467 2241 567 2302 minus
586 2263 625 2302 ne
642 2255 750 2303 vocem
776 2244 900 2322 quidem
917 2264 1014 2303 meam
1033 2242 1178 2314 audiatis,
1204 2238 1321 2299 etiarnsi

152 2325 370 2406 rempublicam
388 2337 484 2386 totam
502 2349 592 2406 quam
611 2329 726 2408 optime
743 2328 991 2388 administrarim:
1015 2329 1068 2389 sed
1086 2326 1232 2410 surgatis,
1258 2338 1320 2384 mei

154 2431 213 2493 que
232 2411 568 2473 statim‘condemnetls.
602 2413 657 2472 Sin
676 2413 734 2473 isto
753 2414 850 2475 multo
875 2414 1032 2486 meliorem
1051 2426 1082 2473 et
1098 2426 1204 2473 natum
1224 2431 1240 2470 e
1258 2432 1320 2470 rne-

152 2496 282 2556 lioribus
301 2509 331 2556 et
348 2497 471 2579 nemine
489 2498 689 2558 mediocrium
714 2498 824 2560 civium
842 2490 896 2581 (ne
918 2500 990 2580 quid
1017 2510 1193 2581 arroganter
1211 2493 1321 2579 dicam)
1350 2526 1357 2535 ·

153 2582 338 2642 deteriorem
360 2595 396 2642 et
421 2596 520 2643 meet
545 2604 629 2644 meos
658 2583 832 2644 existimatis
858 2597 890 2644 et
916 2585 1028 2644 nostis:
1053 2596 1118 2643 tum
1144 2582 1195 2643 isti
1212 2603 1270 2642 nec
1289 2581 1320 2641 in

102 2664 104 2669 ’
153 2667 218 2729 aliis
238 2667 352 2727 credite
370 2666 537 2749 (constabit
555 2669 653 2743 enim,
680 2690 749 2730 eum
774 2690 869 2749 aeque
895 2670 1077 2730 confinxisse
1101 2662 1321 2751 omnia),'tum

152 2752 238 2826 mihi,
257 2774 346 2832 quam
366 2754 605 2833 omnitempore
624 2748 867 2816 benevolentiam
885 2748 1061 2816 ostendistis
1079 2754 1112 2814 in
1129 2752 1239 2814 multis·
1251 2765 1322 2812 ante

140 2838 239 2901 ¹sactis
257 2836 389 2912 iudiciis,
407 2839 497 2899 etiam
511 2860 592 2901 nunc
607 2840 754 2902 exhibete.
771 2838 838 2901 Etsi
852 2853 953 2902 autem
965 2851 1119 2901 veterator
1133 2861 1176 2914 es,
1194 2837 1321 2898 Aeschi-

59 2936 68 2961 ‘
152 2944 208 2997 ne,
227 2924 259 2982 in
278 2944 316 2983 eo
334 2922 435 2983 tamen
452 2945 598 3006 perquam
616 2927 707 2988 stulte
725 2925 854 3008 putasti,
879 2947 944 2999 me,
961 2927 1111 2986 sactorum
1129 2935 1220 3004 atque
1238 2936 1322 2983 acto-

145 3022 220 3069 ·rum
239 3009 271 3068 in
288 3009 443 3090 republica
468 3030 606 3072 meorum
633 3013 743 3073 omissa
769 3012 1075 3086 commemoratione,
1102 3012 1139 3071 ad
1163 3008 1324 3069 maledicta

151 3108 205 3155 tua
221 3106 399 3154 venturum:
421 3116 489 3155 rnon
508 3117 579 3155 sane
606 3096 638 3157 id
654 3097 779 3172 faciam,
804 3097 926 3157 nonita
944 3096 1070 3158 insanio.
1105 3100 1222 3156 Verum
1241 3106 1323 3167 acta,

152 3201 230 3260 quae
246 3178 409 3239 mendaciis
424 3193 455 3241 et
470 3178 626 3242 calumniis
645 3183 828 3264 proscidisti,
846 3183 947 3243 statim
961 3183 1125 3263 excutiam:
1144 3181 1232 3241 istius
1240 3164 1323 3240 bero

151 3276 213 3324 tam
227 3264 341 3331 effusae
359 3265 544 3345 petulantiae
560 3267 713 3350 deinceps,
732 3268 758 3332 si
772 3267 819 3326 his
832 3268 937 3329 audire
955 3268 1112 3350 placuerit,
1130 3265 1322 3326 mentionem

149 3349 264 3409 faciam.
283 3349 329 3410 Ac
347 3351 471 3411 crimina
489 3351 613 3432 quidem
631 3354 725 3414 multa
742 3365 814 3413 sunt
832 3365 863 3412 et
875 3354 1092 3428 adeo,atrocia,
1110 3365 1146 3412 ut
1163 3348 1323 3411 nonnullis

151 3448 259 3495 eornm
277 3456 403 3518 magnae
421 3450 453 3497 et
476 3437 617 3518 capitales
643 3458 761 3520 poenae
778 3439 840 3498 sint
865 3440 1048 3499 constitutae
1067 3437 1203 3521 legibus:
1227 3435 1322 3496 huius

149 3533 251 3582 autem
267 3521 471 3582 accusationis
490 3523 652 3602 consilium
667 3525 703 3584 ab
716 3524 832 3584 inimici
848 3524 1052 3604 proficiscitur
1063 3524 1143 3584 odio
1158 3534 1189 3584 et
1206 3521 1323 3581 ferocia

150 3619 181 3666 et
198 3606 336 3666 convicio
352 3619 384 3668 et
396 3603 541 3689 despectu
559 3609 649 3676 simul
668 3623 704 3671 et·
715 3608 840 3689 reliquis
856 3609 888 3669 id
904 3630 1002 3692 genus
1018 3609 1187 3670 affectibus.
1210 3605 1322 3683 Quod-

148 3691 175 3751 si
189 3712 233 3765 ea,
252 3693 506 3772 quae'accusator
523 3694 637 3754 obiecit
654 3706 745 3775 atque
761 3693 925 3768 recensuit,
944 3717 1013 3755 vera
1031 3708 1149 3756 essent:
1166 3690 1322 3773 respubli-

98 3805 105 3818 «
149 3798 182 3837 ca
200 3777 391 3861 necdignas,
409 3800 467 3840 nec
486 3778 585 3863 dignis
603 3781 754 3862 proximas
773 3781 811 3840 de
829 3801 878 3840 me
896 3768 1024 3840 sumere·
1034 3801 1149 3861 poenas
1166 3779 1232 3839 ullo
1253 3798 1322 3838 mo·
1355 3824 1360 3835 ,

148 3862 189 3922 do
207 3874 319 3942 posset
342 3863 452 3945 Neque
469 3883 545 3925 vero
562 3866 703 3946 cuiquam
721 3878 768 3925 est
784 3866 942 3949 negandus
959 3876 1096 3926 acce'ssns
1115 3866 1152 3925 ad
1169 3863 1323 3946 populum

149 3959 182 4008 et
199 3948 326 4009 dicendi·
336 3962 479 4031 potestas.
504 3949 565 4011 Sed
584 3974 618 4011 ea
635 3951 778 4012 facultate
795 3952 833 4012 ad
851 3950 1030 4033 explendam
1048 3951 1112 4011 odii
1130 3962 1222 4030 atque
1240 3948 1322 4008 invi-
1349 4027 1353 4035 Ι

148 4031 427 4096 diae’acc'rbitatern
445 4035 540 4109 abuti,
555 4038 668 4116 neque,
686 4037 728 4097 ita
742 4039 879 4098 medens
897 4049 987 4109 amet,
1005 4049 1123 4096 rectum
1143 4049 1198 4108 est,
1216 4048 1323 4113 neque

147 4117 247 4194 civile,
263 4141 365 4200 neque
383 4122 513 4196 iustum,
526 4119 738 4182 Athenienses.
757 4122 848 4181 'Nam
866 4120 892 4181 si
910 4143 954 4196 ea,
971 4121 1084 4202 quibus
1102 4142 1151 4180 me
1168 4118 1322 4200 reipubli-

147 4220 334 4266 caenocere
349 4206 479 4281 videbat,
494 4219 579 4268 tanta
596 4208 730 4279 suerunt,
749 4220 859 4287 quanta
878 4207 970 4269 modo
983 4207 1103 4289 'tragice
1120 4204 1323 4287 vociferando

146 4290 340 4352 recen'sebat:
354 4292 470 4376 legum
488 4291 614 4374 poenis,
638 4291 813 4351 recentibus
832 4292 929 4355 adbuc
948 4291 1082 4364 delictis,
1107 4311 1155 4351 me
1173 4287 1343 4350 coercere

7 4446 10 4450 ,
64 4376 124 4436 147
150 4375 317 4449 debuisset:
331 4375 365 4436 Si
383 4377 545 4440 delatione·
554 4376 645 4458 digna
662 4376 851 4438 committere
869 4376 1000 4452 videbat,
1018 4376 1152 4436 deferret
1168 4388 1264 4456 atque
1284 4394 1324 4435 eo

7 4570 13 4631 l
68 4633 75 4643 .
