2722 4754
36 182 41 196 ,
78 183 87 194 κ
125 96 238 185 ,roas
413 82 794 198 ,Kornosrnaurs
830 71 1023 196 orario

33 326 41 338 .
63 323 66 327 -
119 271 219 334 nelle
236 268 440 353 reipublicae,
463 265 636 330 Phocenses
656 280 921 344 conservaturum,
938 263 1157 340 Thebanorum
1174 273 1320 337 insolens

141 360 214 421 tiam
231 350 458 438 repressurum,
484 353 559 433 quin
571 354 657 428 ¹ultra
675 354 749 414 haec
767 355 880 415 maiora
898 356 929 415 in
948 378 1018 433 vos,
1037 380 1127 439 quarn
1147 383 1315 440 quaecum

141 441 320 524 Amphipoli
339 432 523 498 conferenda
542 436 833 513 sint,'collaturum,
851 441 877 501 si
895 464 1000 522 pacem
1017 443 1227 524 impetrasset:
1251 441 1316 518 Eu}

57 552 69 584 ·.
142 532 268 610 bucam,
293 525 433 605 Oropum
450 524 657 584 redditurum:
683 525 709 583 si
728 525 820 596 haec,
844 526 985 607 inquam,
1007 528 1105 591 locuti
1116 545 1156 592 et
1167 532 1316 614 polliciti,

135 613 244 677 omnia
268 611 460 683 fefellerunt,
485 610 511 669 si
535 610 639 669 fucum
656 605 744 669 vobis
762 611 917 685 lecerunt,
943 614 969 672 si
994 615 1080 675 vobis
1105 623 1225 678 tantum
1250 638 1315 679 non

141 698 273 760 Atticam
292 697 487 778 eripuerunt:
516 695 734 770 condemnate,
763 695 863 776 neque
882 710 913 757 et
930 695 1001 758 alias
1019 701 1118 761 factas
1129 694 1219 763 vobis
1238 724 1314 765 con-

31 790 36 801 “
76 785 79 789 ’
138 784 280 851 'tumelias
304 781 419 865 (neque
445 780 527 840 enim
553 801 610 863 ego
635 781 715 854 scio,
735 802 803 863 ¹quo
827 781 878 842 illa
901 785 1026 845 nomine
1049 787 1109 847 alio
1133 789 1314 870 appellanda

60 877 69 890 “
139 868 217 954 sint)
241 882 368 950 propter
391 868 520 926 istorum
545 867 730 946 corruptelas
755 887 809 926 vos
835 869 913 928 diras
940 882 971 929 et
993 871 1162 950 periurium
1186 875 1318 957 domurn

125 955 300 1039 reportate.
344 956 405 1012 lam
424 952 499 1039 illud
518 951 608 1010 etiam
627 951 900 1027 considerandum,
928 954 1152 1031 Athenienses,
1180 960 1319 1040 quanam

77 1040 82 1048 ’
103 1072 122 1079 -·
140 1043 256 1128 cgo‘de
275 1061 363 1122 causa
380 1038 474 1110 istos,
492 1036 630 1111 insontes
648 1038 675 1096 si
694 1051 812 1111 essent,
832 1060 971 1103 accusare
989 1041 1199 1104 instituissem.
1234 1033 1342 1107 Nulss

140 1130 199 1190 ttm
219 1126 300 1187 enim
317 1121 484 1205 reperietis.
504 1121 595 1182 ‹Num
613 1144 704 1183 suave
724 1136 784 1198 est,
803 1124 914 1184 multos
934 1126 1047 1187 habere
1065 1129 1234 1190 inimicos?
1247 1132 1321 1193 luo

36 1260 38 1267 a
77 1230 80 1235 '
139 1237 179 1276 ne
198 1226 298 1274 tntum
317 1210 448 1290 quidem.
491 1207 534 1287 At
551 1230 620 1268 cum
638 1210 697 1269 isto
711 1209 817 1289 aliqua
833 1210 910 1271 mihi
926 1210 1062 1274 simultas
1080 1204 1328 1277 intefcedebut*

139 1301 237 1362 Nulla.
263 1296 346 1372 Quid
365 1293 476 1376 igitur?
493 1294 540 1353 De
558 1306 588 1354 te
607 1295 678 1375 ipse,
689 1295 904 1376 pertimueras,
925 1310 955 1357 et
973 1312 1099 1379 propter
1115 1315 1235 1362 metum
1253 1300 1326 1362 boe

86 1457 97 1463 ,
139 1387 198 1449 tibi
223 1382 315 1444 saluti
339 1382 417 1440 fore'
430 1378 580 1460 putabas?
606 1381 674 1440 Hoc
693 1382 774 1440 enirn
795 1402 863 1441 eum
889 1381 989 1464 dicere
1016 1386 1140 1446 audiri*
1167 1387 1213 1448 At
1235 1385 1328 1451 nibil

141 1484 205 1535 erat
228 1466 372 1551 periculi,
397 1464 566 1540 Aeschine,
593 1465 670 1524 nihil
688 1471 845 1557 peccatum
865 1480 946 1542 erat,
964 1481 1008 1528 ut
1030 1476 1072 1530 tu'
1088 1472 1138 1532 ais.
1183 1472 1261 1534 Nam
1285 1471 1321 1535 εἰ

139 1559 215 1619 haec
233 1555 329 1631 dicet,
348 1551 558 1625 considerate,
577 1551 711 1626 ludices,
740 1553 765 1612 si
784 1566 848 1623 acta
867 1554 1018 1615 eiusmodi
1035 1556 1181 1630 suerunt,
1199 1569 1236 1616 ut
1253 1577 1318 1641 ego

48 1688 55 1695 -
100 1683 104 1690 =
136 1664 263 1726 prorsus
288 1637 568 1722 insons-timerem,
594 1659 633 1697 ne
657 1651 784 1720 propter
805 1639 879 1699 istos
903 1640 978 1699 mibi
1001 1645 1197 1721 pereundum
1218 1655 1333 1711 essetr,

140 1750 202 1811 quo
221 1738 309 1810 pacto
329 1725 385 1785 eos
401 1724 522 1785 tractari
539 1723 716 1798 conueniat,
734 1724 788 1804 qui
806 1724 863 1805 ipsi
881 1725 1084 1805 deliquerunt
1112 1732 1232 1789 Verum
1248 1749 1310 1791 non

138 1827 267 1897 propter
282 1812 372 1873 baec:
391 1810 445 1869 sed
463 1822 566 1869 curte
585 1809 716 1869 accuso?
750 1809 1007 1870 Per¹calumniam
1025 1813 1189 1892 nimirum,
1205 1807 1309 1875 uteba

113 1894 116 1900 ’
138 1914 171 1961 te
189 1901 336 1958 nummos
349 1895 565 1977 extorqueam?
588 1897 697 1954 Utrum
715 1906 816 1954 autern
834 1896 1044 1976 praestabilius
1064 1899 1139 1958 mihi
1157 1899 1308 1975 idisseha

57 2018 81 2066 χ
139 1985 283 2064 Philippo
302 1981 455 2062 accipere,
482 1979 611 2040 multum
630 1981 779 2062 largiente
798 1993 828 2040 et
846 1981 968 2041 nemine
987 1984 1116 2043 istorum
1130 1985 1254 2059 minus,
1281 1997 1309 2047 et

136 2071 280 2132 amicum,
295 2064 384 2134 eti-am
407 2065 494 2124 illum
517 2062 630 2124 habere
656 2060 687 2125 'et
710 2066 804 2126 istos?
831 2065 949 2149 (essent
973 2069 1069 2143 enim,
1096 2070 1309 2132 essent'amici

76 2159 79 2163 ’
139 2150 225 2230 milii,
243 2154 275 2213 si·
287 2152 319 2211 in
338 2151 502 2211 earundem
519 2169 621 2208 rerum
640 2150 817 2211 societatem
831 2150 997 2237 venissem:
1016 2156 1216 2234 nequeenim
1230 2177 1312 2219 nunc

55 2292 62 2299 .
135 2255 278 2325 paternas
297 2235 470 2297 inimicitias
490 2246 632 2294 exercent
648 2256 784 2309 mecum,
802 2238 856 2296 sed
874 2251 1000 2319 propter
1018 2253 1155 2301 actorum
1169 2261 1309 2303 commu-

34 2378 37 2382 ,
138 2327 265 2390 nitatem
288 2317 482 2402 recusatam)¹
498 2327 537 2379 dn
562 2319 599 2379 ab
623 2319 688 2409 istis
711 2321 826 2401 aliquid
851 2322 888 2380 de
912 2325 1043 2406 acceptis
1068 2327 1310 2389 emendicantem

38 2417 43 2434 ¹
138 2425 205 2475 tum
223 2410 316 2484 illius,
333 2421 399 2468 turn
416 2407 546 2466 istorum
564 2406 718 2487 suscipere
737 2406 928 2476 inimicitias?
947 2431 1016 2471 cum
1034 2413 1169 2492 captiuos
1188 2412 1310 2494 privatis

138 2496 293 2578 sumtibusl
313 2492 390 2571 tanti
413 2491 603 2565 redemerim,
629 2514 724 2572 pauca
746 2494 886 2574 turpiter>
899 2493 936 2553 ab
949 2496 1025 2557 -istis
1046 2497 1123 2558 velle
1149 2490 1257 2580 capere
1281 2509 1311 2559 et

138 2578 422 2668 persimultatem?
448 2576 519 2637 Non
538 2577 580 2637 ita
598 2591 671 2638 suut
688 2578 769 2638 haec.
812 2578 873 2639 Sed
898 2593 929 2640 et
951 2603 1023 2642 vera
1041 2584 1217 2644 renuntiavi
1240 2596 1272 2647 et
1293 2605 1310 2644 a

22 2729 29 2734 .
63 2663 65 2671 ¹
138 2667 320 2751 corruptelis
344 2662 491 2735 abstinui,
514 2675 641 2743 propter
663 2663 808 2746 iustitiam
833 2677 864 2724 et
886 2666 1044 2728 veritatem
1069 2681 1100 2730 et
1122 2669 1217 2730 vitain
1238 2668 1311 2729 reli·

80 2783 85 2789 ·
138 2746 243 2838 quam:
267 2750 440 2812 existimans
458 2748 541 2823 lore,
557 2760 594 2806 ut
611 2748 702 2824 mihi,
720 2751 976 2829 quemadmodum
995 2766 1025 2814 et
1035 2754 1108 2814 aliis
1127 2744 1309 2835 quibusdam

38 2868 41 2872 ⁴
139 2841 218 2923 apud
236 2859 302 2911 vos,
320 2837 347 2896 si
365 2835 463 2894 bonus
482 2833 530 2893 vir
548 2853 662 2908 essem,
681 2835 779 2919 honos
798 2836 979 2914 haberetur,
998 2859 1099 2920 neque
1118 2838 1308 2914 cbmmntan-

36 2933 39 2945 '
138 2927 302 2988 dumesse
325 2920 409 2980 mihi.
423 2919 516 2980 vestri
533 2919 669 2979 studium
686 2921 751 2980 ullo
771 2923 987 2985 emolumento.
1030 2928 1108 2986 lstos
1126 2938 1228 2987 autem
1246 2925 1311 2999 odi,

112 3038 119 3057 ν
132 3011 224 3092 *quod
242 3007 398 3090 improbos
419 3027 485 3066 esse
504 3017 535 3065 et
552 3004 715 3088 sacrilegos
733 3006 765 3065 in
783 3006 937 3091 legatione
956 3011 1187 3085 animadverti,'
1208 3023 1240 3071 et
1255 3031 1311 3091 per

71 3126 79 3136 ·
136 3086 266 3177 istomm
285 3093 471 3172 corruptelas
490 3090 579 3151 etiam
602 3090 719 3171 priuato
738 3098 808 3152 meo
827 3094 946 3156 honore
964 3118 1031 3157 sum
1049 3091 1215 3179 spoliatus,
1240 3117 1310 3156 cum

137 3202 191 3243 vos
209 3181 269 3256 toti
286 3173 433 3262 legationi
459 3176 685 3251 succenseretis.
729 3176 850 3239 Accuso
868 3195 970 3242 autem
989 3205 1090 3256 nunc,
1110 3195 1142 3243 et
1157 3181 1308 3275 ratipnem

136 3266 224 3335 reddi
242 3265 365 3348 postulo
392 3276 518 3346 propter
535 3285 637 3323 curam
663 3283 765 3325 rerum
788 3265 976 3342 suturarum,
1004 3283 1035 3330 et
1051 3269 1105 3328 lite
1121 3267 1308 3348 ,iudicioque

52 3371 125 3429 261r
136 3351 281 3442 declarari
298 3351 370 3411 volo
388 3350 468 3432 apud
486 3370 557 3422 vos,
572 3371 626 3423 ea,
651 3369 764 3429 quaea
782 3371 830 3411 mc
849 3353 933 3414 et'ab
953 3352 1018 3414 istis
1036 3355 1113 3414 facta
1130 3353 1210 3427 sint,
1227 3353 1311 3423 inter

19 3446 23 3463 “
135 3460 169 3502 se
187 3450 322 3523 pugnare
341 3437 449 3496 omnia.
467 3436 508 3495 Et
524 3453 642 3509 vereor,
659 3456 769 3497 vercor
785 3436 897 3519 (dicam
917 3439 997 3511 euim
1016 3440 1144 3514 iudices,
1161 3437 1308 3520 quicquid

64 3582 67 3587 .
134 3526 257 3598 sentio,
275 3523 355 3604 apud
372 3520 459 3604 vos),
477 3541 516 3580 ne
534 3535 601 3582 tum
618 3542 667 3580 me
686 3543 810 3603 qnoque
830 3523 1025 3587 eodemcnm
1044 3525 1116 3594 istis,
1128 3525 1188 3584 reti
1206 3522 1308 3604 impli-

136 3612 223 3686 cetis,
241 3609 374 3670 criminis
393 3607 492 3668 omnia
512 3619 680 3688 expertem:
698 3630 781 3668 nunc
798 3623 899 3670 autom
918 3610 1046 3670 nimium
1063 3611 1130 3672 sitis
1147 3609 1308 3692 negligen-

135 3711 181 3760 tes
201 3710 232 3758 et
244 3694 360 3778 supini.
377 3695 505 3754 Prorsus
525 3692 626 3768 enim,
642 3692 867 3768 Athenienses,
886 3690 1026 3757 dissoluti
1044 3696 1119 3755 mihi
1138 3716 1205 3777 esse
1223 3694 1307 3755 ride-

135 3782 221 3858 mini,
240 3796 271 3843 et
289 3801 327 3841 eo
344 3801 443 3860 usque
462 3776 586 3840 disser'oe
604 3781 806 3855 severitatem,
825 3781 898 3844 dum
915 3781 948 3842 in
966 3783 1043 3842 mala
1061 3780 1220 3842 incidatis:
1238 3778 1307 3860 qni-

39 3895 49 3906 ⁶
112 3910 115 3917 =
135 3867 192 3929 bus
201 3869 277 3929 dum
290 3865 366 3925 alios
380 3864 548 3926 conflictari
555 3865 681 3942 ridetis,
699 3885 762 3926 non
778 3867 900 3942 cavetis,
918 3888 1019 3948 neque
1036 3866 1307 3941 movemini„tant·

136 3953 195 4014 etsi
211 3950 382 4035 respublica
407 3951 510 4010 multis
529 3950 642 4012 iamdiu
660 3965 692 4013 et
709 3951 781 4012 diris
807 3951 910 4013 modis·
925 3953 1067 4015 laedatur.
1103 3953 1222 4014 Annon
1240 3973 1307 4036 gra-

134 4058 176 4100 ve
190 4054 224 4100 ac
241 4059 319 4121 pene
337 4035 516 4102 incredibile
542 4037 664 4097 videtur
682 4059 748 4098 esse
773 4037 879 4100 vobis?
915 4038 981 4099 Etsi
998 4039 1079 4100 enim
1098 4039 1215 4121 aliquid
1231 4037 1308 4100 reti·

29 4162 35 4166 -
56 4180 63 4193 ,
136 4145 206 4186 cere
224 4137 406 4198 statueram,
424 4143 506 4183 nunc
523 4135 623 4183 umen
643 4122 741 4183 lacere
759 4143 821 4182 non
840 4144 975 4205 possum,
993 4125 1069 4206 quin
1088 4126 1225 4206 eloquar.
1241 4123 1308 4185 No-

136 4211 190 4271 stis
208 4210 316 4290 utique
333 4207 513 4296 Pythoclem
531 4207 821 4292 istum,'P)thodori
837 4210 869 4270 F.
887 4205 965 4271 Cum
984 4231 1021 4271 eo
1041 4232 1098 4295 ego
1118 4208 1312 4273 coniunctis-

93 4311 96 4319 '
135 4297 211 4369 sime
229 4296 307 4370 vixi,
324 4316 425 4381 neque
442 4293 504 4355 ulla
520 4293 601 4356 inter
618 4313 667 4355 me
687 4306 718 4356 et
741 4293 827 4383 illum
845 4294 877 4367 in
895 4293 978 4360 hunc
994 4318 1098 4378 usque.
1112 4298 1197 4359 diem
1217 4297 1312 4387 exsti-
