2722 4754
374 236 377 246 .
442 142 527 251 Ϊιιι
561 143 915 319 sennenn*
959 162 997 208 ²
1050 268 1056 278 ἱ
1102 143 1106 150 ’

384 405 386 409 «
464 343 826 478 ιιιιιιιιιιιιι
884 372 1017 482 ’.Ἴ

151 479 308 571 Enarrabo
325 521 425 568 autem
442 506 546 581 vobis,
577 508 709 579 Indices,
741 466 823 585 unde
841 505 915 566 mihi
934 507 1139 568 controversia
1156 487 1245 567 cumr
1288 580 1291 584 Δ

66 593 265 674 Theophemo
290 594 330 655 sit
354 605 437 665 orta,
463 605 498 652 ut
523 592 640 665 sciatis,
664 612 728 651 non
750 610 798 649 me
823 590 954 650 solum'
944 593 1051 671 miquo
1077 615 1132 674 per
1156 612 1225 655 eum

68 679 183 738 iudicio
209 677 462 750 circumventum,
489 676 622 775 deceptis
645 675 813 747 iudicibus,
838 675 892 734 sed
917 688 950 734 et·
971 686 1108 737 senatum
1125 676 1226 752 'Quin-
1281 712 1284 719 ·

68 777 231 845 gentorum
250 764 353 822 eadem
371 761 521 821 sententia
539 781 604 821 esse
622 762 877 833 condemnatum,
909 768 999 838 atque
1017 762 1226 820 auctoritatem
1305 820 1307 827 ,

69 861 202 930 ereptam
220 847 339 907 iudiciis
357 845 485 918 vestris,
491 846 583 905 fidem
600 866 665 905 esse
683 845 856 927 abrogatam
875 855 906 903 et
918 842 1045 903 literis
1036 867 1067 903 ιιι
1085 836 1159 925 pilas
1177 866 1227 904 re·
1266 868 1268 877 ·

70 933 158 992 latis.
174 933 244 1006 Quo
264 945 364 990 autem
382 944 499 1011 paeto,
491 930 536 989 id
555 952 612 1012 ego
631 950 684 991 ros
702 929 875 1028 singulatim
895 928 1039 987 edocebo.
1063 930 1141 988 Mihi
1159 953 1227 989 cum

32 1014 35 1017 ’
70 1017 284 1115 Tbeophemo,
311 1015 475 1088 domvixi,
500 1015 591 1095 prius
602 1015 677 1083 nihil
700 1023 835 1094 unquam
853 1012 1026 1073 commercii
1045 1013 1119 1087 luit,
1140 1015 1263 1096 nulla
1295 1019 1297 1027 '

71 1101 266 1174 comessatio,
292 1101 392 1159 nullus
417 1120 517 1182 amor,
543 1112 596 1160 aut
621 1100 821 1199 compotatio,
845 1111 895 1170 ut,
918 1097 1001 1169 vel
992 1098 1100 1157 iniuria
1118 1098 1250 1183 aliqua
1321 1120 1324 1126 ⁴

72 1186 221 1258 irritatus,
238 1185 287 1244 vel
304 1176 470 1265 voluptate
477 1184 575 1263 aliqua
593 1184 759 1264 impulsus,
777 1184 841 1244 eius
859 1183 947 1242 aedes
965 1183 1144 1261 invaderem
1168 1182 1229 1241 Sed

73 1271 201 1330 decretis
219 1269 341 1341 vestris,
366 1268 498 1349 populo,
524 1283 629 1328 senatu
649 1283 686 1327 et
696 1268 763 1349 lege
782 1266 1006 1338 mandantibus,
1032 1289 1120 1348 exegi
1109 1267 1173 1326 ab
1192 1282 1229 1334 eo

64 1354 212 1413 ‘navalia'
203 1367 418 1425 mstrumenta,
442 1373 531 1435 quac
536 1353 720 1432 reipublicae
732 1350 874 1411 debebat
908 1350 1113 1427 Ouarnobrem
1130 1363 1230 1410 autem

73 1439 104 1498 id
122 1440 233 1498 sactum
251 1438 305 1510 sit,
326 1458 382 1518 ego
400 1436 485 1496 vobis
504 1437 639 1495 narrabo.
654 1436 816 1507 Accidit,
835 1445 870 1493 ut
886 1434 1024 1493 triremes
1043 1435 1113 1494 binc
1131 1425 1243 1498 solve-

74 1526 166 1595 ient,
187 1520 355 1600 auxiliaque
374 1520 513 1580 celeriter
530 1520 739 1593 mitterentur,
770 1533 953 1617 armam-enta
968 1532 1066 1577 antem
1086 1520 1116 1577 in
1135 1516 1243 1578 navali
1252 1512 1316 1572 224

74 1608 216 1666 deessent
232 1605 373 1676 navibus,
392 1609 498 1683 caque,
517 1627 583 1664 cum
601 1604 795 1676 baberent,”
775 1626 811 1703 ιι,
831 1625 885 1681 qur
876 1603 1063 1675 debebant,
1081 1623 1143 1669 non
1161 1603 1233 1662 red

56 1692 190 1750 -·derent
232 1690 282 1749 Ad
300 1689 373 1748 haec
391 1709 448 1747 nec
466 1688 499 1746 in
515 1690 641 1748 Piraeeo
660 1702 724 1748 erat
741 1688 826 1768 copia
844 1687 1026 1761 linteorum,
1044 1700 1184 1767 stuppae,
1201 1700 1234 1748 et
1277 1737 1281 1759 5

48 1827 50 1830 ι
74 1778 257 1846 rudentum,
276 1772 384 1851 quibus
402 1771 502 1831 rebus
511 1774 593 1832 nav'is
612 1774 788 1845 instruitur,
805 1785 842 1832 ut
859 1774 918 1831 emi
935 1786 1078 1867 possent
1102 1769 1234 1834 Chaere·
1279 1803 1282 1807 ·

77 1860 182 1917 demus
207 1859 301 1940 igitur
323 1856 382 1915 hoc
405 1859 712 1917 senatusconsultum
718 1857 837 1930 scribit,
863 1870 898 1916 ut
915 1847 1096 1925 armamenta
1113 1857 1233 1916 navium

77 1942 285 2022 exigerentur,
314 1954 351 2000 et
368 1954 449 2000 sarta
469 1953 548 2002 tecta
573 1941 788 2003 redderentur
796 1940 986 2021 reipublicae.
1030 1940 1134 2001 Recita
1160 1940 1235 2001 mihi

75 2027 267 2091 decretum.-

345 2144 348 2171 ι
411 2123 414 2127 ¹
503 2157 804 2203 oscannum.
852 2130 856 2135 ’

51 2284 72 2308 ²
161 2274 229 2336 Hoc
248 2274 401 2337 decretum
418 2274 608 2356 magistratus
628 2275 730 2349 iussit,
753 2288 784 2337 et
802 2297 871 2351 eos,
896 2275 949 2358 qui
965 2285 1033 2340 vas'a
1051 2247 1267 2367 reipublicae.
1312 2297 1317 2306 “

79 2359 240 2432 deberent,
265 2361 413 2420 navalium
431 2359 620 2419 curatoribus
638 2361 774 2421 tradidit.
809 2362 958 2422 navalium
976 2377 1129 2424 curatores
1140 2366 1235 2425 trire-

78 2445 171 2503 mium
189 2445 386 2524 praelectis”
366 2467 419 2518 ns,
438 2445 571 2523 quitum
589 2444 700 2503 abituri
718 2458 828 2520 erant,
836 2459 867 2505 et
885 2448 1074 2508 curatoribus
1091 2449 1238 2510 classium.

59 2531 141 2588 -Lex
164 2549 236 2588 vero
260 2530 418 2588 Periandri
441 2527 568 2612 cogebat
594 2541 630 2587 et
644 2528 785 2602 iubebat,
810 2552 867 2590 nos
885 2552 953 2604 eos,
979 2533 1032 2611 qui
1046 2547 1237 2594 armamenta

57 2651 62 2661 ι
80 2614 238 2686 deberent,¹
253 2615 398 2694 recipere,
416 2637 475 2694 qua
492 2614 560 2694 lege
578 2613 686 2673 classes
705 2614 876 2697 designatae
896 2629 987 2687 erant.
992 2614 1067 2676 Ad
1086 2619 1159 2682 baec
1176 2618 1236 2678 alio

80 2697 240 2778 plebiscito
257 2698 451 2798 cogebamur,
468 2719 525 2780 pro
541 2718 594 2757 sua
612 2698 741 2778 quisque
756 2699 909 2779 portione,
926 2723 942 2760 a
957 2686 1082 2783 singulis
1099 2723 1143 2775 ea,
1162 2722 1237 2781 quae
1322 2704 1333 2752 .’

56 2858 61 2866 ἱ
82 2783 244 2854 deberent,
268 2784 403 2865 exigere.
428 2781 558 2842 Accidit
575 2793 691 2856 autem,
713 2796 749 2842 ut
766 2806 824 2866 ego
843 2797 874 2844 et
890 2786 1070 2845 trierarchus
1090 2800 1120 2848 et
1138 2786 1238 2847 cla'ssis

36 2894 43 2911 s
81 2881 203 2926 curator
217 2889 323 2941 essem,
342 2881 372 2927 et
386 2867 588 2927 Demochares
605 2868 823 2928 Paeanransrs
813 2891 845 2927 ιιι
863 2891 928 2928 mea
943 2870 1035 2929 classe
1053 2893 1120 2935 cum
1136 2871 1238 2930 &theo
1319 2896 1325 2906 ’

81 2948 211 3032 pliemo,
235 2953 320 3011 cuius
339 2952 370 3010 in
387 2951 562 3025 trierarcbia
580 2952 695 3033 collega
708 2951 827 3025 ¹fuerat,
849 2967 1029 3025 armamenta
1056 2955 1238 3034 reipublicae
1317 3017 1326 3033 s

82 3036 215 3095 deberet
251 3038 336 3135 Quos
354 3049 500 3115 utrosque
520 3057 587 3095 cum
606 3036 637 3095 in
656 3036 716 3115 pila
734 3036 912 3117 inscriptos,
929 3051 964 3098 ut
981 3039 1240 3118 reipublicaeobss

82 3121 221 3193 strictos,
247 3121 435 3201 magistratus
455 3139 470 3179 a
488 3124 589 3199 priore
608 3120 782 3202 magistratu
800 3122 980 3202 accepisset.
1010 3124 1097 3182 uobis
1118 3124 1239 3183 eosdem

66 3206 225 3274 tradidit,
255 3218 290 3264 ut
309 3217 339 3267 et
356 3205 413 3263 lex
422 3217 453 3263 et
470 3206 589 3263 decreta
606 3204 800 3283 mandabant
835 3206 925 3265 Eos
914 3206 1008 3288 igitur
1025 3208 1099 3266 mihi
1117 3227 1240 3267 necesse

83 3288 144 3347 fuit
166 3289 308 3368 accipere.
342 3288 416 3347 Nam
441 3311 508 3348 cum
531 3275 737 3368 superioribus
760 3290 966 3370 temporibus
973 3292 1080 3351 multas
1103 3293 1261 3351 triremes·
1314 3329 1317 3332 >

84 3373 171 3433 vobis
197 3373 405 3434 instruxerim.
431 3395 585 3452 nunqnam
612 3393 645 3430 e
651 3372 748 3432 navali
766 3387 947 3458 armamenta
965 3376 1074 3448 sumsi,
1100 3374 1185 3435 sed
1176 3390 1240 3454 rpsc
1274 3382 1280 3391 “

84 3457 233 3538 privatim,
252 3457 371 3536 quoties
388 3477 475 3537 opus
480 3458 546 3528 luit,
565 3455 750 3536 comparavi,
760 3470 795 3516 ut
810 3480 877 3517 cum
893 3459 1046 3538 republica
1063 3459 1136 3519 mibi
1153 3482 1241 3538 quam

51 3614 55 3623 Ι
85 3542 243 3600 ιιιιιιιιιιιιιιι
262 3541 378 3622 negotii
395 3554 506 3609 ‚essct
517 3543 594 3600 Tum
612 3562 687 3611 vero
704 3554 734 3600 et
752 3543 906 3601 decretum
925 3556 955 3602 et
972 3543 1122 3626 legibus
1108 3545 1242 3624 accipere

87 3627 224 3707 cogebar
266 3628 308 3684 Ut
331 3637 431 3684 antem
454 3625 527 3685 haec
549 3647 566 3684 a
584 3645 631 3684 me
648 3647 719 3685 vere
736 3606 797 3685 'dici
815 3639 948 3700 constet,
975 3641 1005 3687 ct
1022 3639 1114 3688 testes
1133 3628 1242 3688 horum

86 3711 184 3783 vobis,
203 3723 233 3769 et
251 3710 415 3783 decretum,
433 3722 465 3769 et
481 3710 579 3791 legem
598 3710 763 3770 exhibebo·
784 3709 896 3770 demde
912 3712 1116 3800 magistratum
1134 3713 1245 3792 ipsum,
1279 3732 1286 3738 ’
1326 3768 1331 3778 ,

68 3797 70 3801 ’
88 3794 140 3873 qui
158 3807 188 3853 et
205 3815 269 3853 eam
285 3793 360 3851 mibi
356 3793 559 3898 ..provinciam
574 3794 714 3867 tradidit,
733 3808 774 3854 et·
778 3815 833 3854 uos
849 3794 882 3853 in
899 3790 1043 3856 iudicium
1061 3796 1245 3856 introduxit.
1255 3824 1258 3831 ¹
1321 3792 1324 3796 ’

59 3934 62 3939 .
88 3879 199 3938 deinde
218 3877 364 3938 classis'
337 3880 401 3937 erui
428 3890 600 3953 consortes,
626 3879 710 3938 ouius
733 3899 791 3981 ego
809 3892 937 3940 curator
960 3893 991 3940 et
1006 3882 1176 3991 praelectus
1193 3878 1246 3939 fui.

48 3964 176 4045 QLege

276 4070 280 4077 ’
329 4095 416 4138 nex.
459 4095 692 4144 receerunt
735 4043 1006 4175 ιιιιιιιοιιιι
1070 4114 1074 4121 ·

176 4214 279 4274 lllibi'
269 4214 362 4296 rgitur
381 4217 504 4276 omnino
522 4237 645 4278 neccsse
662 4218 774 4292 fuisse,
791 4217 956 4300 suscipere
976 4241 1045 4294 eos,
1076 4220 1129 4303 qni
1144 4191 1248 4304 reipn·
1260 4272 1261 4277 ι

91 4296 197 4359 blicae
207 4298 373 4405 debebant,
400 4313 432 4360 et
454 4321 470 4360 e
494 4301 561 4385 lege
586 4301 697 4391 tuditis
720 4316 752 4365 et
776 4304 947 4366 edecretis
989 4304 1038 4365 Me
1057 4308 1146 4368 etiam
1163 4328 1249 4369 acco
