2722 4754
43 132 195 290 ¹‘2200
287 246 290 266 ἦ
378 99 1076 275 uenosvnrmsoanrro

133 333 230 414 quue
240 353 279 393 ex
294 326 400 393 eorum
419 328 584 411 eventibus
593 327 742 412 cognosci
754 327 913 411 perspicue
932 336 1041 427 potest
1059 323 1211 400 Quicum
1231 343 1307 403 qua

39 436 43 443 “
89 459 96 484 Α.
134 419 313 518 driugentos
340 415 485 476 duntaxat
504 414 629 495 equites
655 415 818 488 haberent,
844 427 874 474 et
891 411 1026 472 universi
1043 423 1107 471 ιιοιι
1124 411 1248 507 plures
1248 432 1308 468 nu-

134 499 250 566 merb
235 503 376 583 quinque
394 501 522 562 millium
542 514 660 573 essent,
679 513 839 579 antequam
859 494 1101 557 Chalcidenses
1092 519 1124 555 ιιι
1142 499 1241 556 unum
1260 495 1309 554 lo-

39 586 41 591 ’
111 599 112 604 ’
134 597 205 650 eum
223 587 453 688 convenissent,
477 585 756 650 abecedaemoniis
773 583 863 666 petiti
880 583 995 667 magnis
1016 592 1047 642 et
1063 573 1258 671 pedestribus
1279 593 1311 640 et

61 724 63 727 .
108 663 291 755 =navalibus
318 672 415 762 copiis
433 670 544 755 (nostis
571 671 651 730 enim
652 670 729 730 hoc
747 669 827 728 haud
853 669 962 743 dubie,
988 675 1068 728 terr'a
1086 667 1244 748 marique,
1273 659 1311 725 ιιι

134 750 239 841 paucis
255 756 371 832 dicam,
381 751 457 819 illis
476 753 692 839 temporibus
682 754 870 838 imperitasse
888 752 1176 836 Lacedaemonios),
1194 766 1320 825 tamen,

38 878 46 921 g
135 843 227 905 tantis
247 843 413 939 oppugnati
432 842 543 923 copiis,
561 861 661 922 neque
678 840 787 900 urbem
805 863 899 916 suam,
916 861 1017 920 neque
1036 839 1191 900 castellum
1209 839 1310 898 ullum

39 957 41 960 ’
135 927 316 990 amiserunt:
330 929 393 989 sed
413 941 443 989 et
451 928 575 1009 proelia
592 928 686 988 multa
705 925 860 1000 vicerunt,
880 939 910 986 et
926 937 988 986 tres
1007 925 1204 1007 imperatores
1225 922 1308 982 occi-

131 1014 263 1087 derunt,
282 1027 314 1075 et
330 1019 434 1095 pacem
453 1012 585 1093 denique
604 1012 749 1072 exanimi
767 1012 815 1071 sui
833 1012 982 1075 sententia
1000 1012 1146 1072 fecerunt.
1180 1011 1308 1069 Pestea-

95 1119 115 1135 ι’
138 1120 228 1182 quam
246 1112 346 1159 autern
366 1099 488 1179 quidam
506 1109 661 1179 acceptare
680 1104 803 1158 munera
824 1111 1015 1198 coeperunt,
1016 1091 1057 1157 ‘et
1076 1119 1111 1156 er
1129 1094 1308 1177 simplicita-

105 1186 112 1194 '
136 1198 192 1258 te,
205 1206 238 1244 ac
242 1184 358 1266 potius
377 1183 563 1256 calamitate,
588 1183 657 1242 illos
676 1176 830 1246 fideliores
851 1183 1030 1244 existimavit
1047 1183 1197 1265 populns,
1218 1202 1308 1261 quam

109 1303 112 1310 ·
137 1269 251 1370 patriae
270 1269 423 1329 studiosos
442 1281 473 1328 et
490 1268 682 1345 defensores:
707 1291 775 1341 cum
792 1269 957 1329 Lasthenes
976 1271 1065 1330 aedes
1084 1290 1151 1328 suas
1171 1265 1310 1328 conterit

137 1354 234 1438 lignis
248 1355 330 1413 dono
348 1352 444 1413 allatis
464 1373 480 1413 e
498 1340 696 1428 Maceddnia,
712 1364 747 1415 et
760 1341 960 1454 Euthycrates
979 1354 1072 1415 boves
1091 1353 1204 1413 multos
1224 1351 1310 1425 aluit,
1349 1390 1360 1402 ι

138 1439 239 1523 pretio
258 1439 373 1500 nemini
389 1452 567 1519 numerato,
590 1453 621 1500 et
635 1439 713 1500 alius
732 1440 840 1522 aliquis
860 1462 931 1500 oves
949 1440 1095 1513 advexit,
1102 1440 1177 1512 alius
1186 1457 1309 1517 equos:

140 1547 208 1589 cum
216 1524 403 1607 populus,'
394 1546 426 1608 ιιι
445 1525 530 1586 cuius
549 1525 599 1585 illa
616 1525 753 1586 fraudem
758 1526 900 1600 fiebant,
924 1545 988 1585 non
1005 1526 1097 1586 modo
1116 1545 1180 1585 uon
1199 1525 1308 1583 irasee

33 1614 36 1620 ’
116 1616 240 1704 retur,
259 1621 310 1669 aut
327 1609 359 1668 id
377 1605 474 1710 genus
492 1610 651 1671 hominum
669 1612 809 1712 pqniret,
828 1613 880 1672 sed
900 1611 1082 1699 suspiceret,
1096 1609 1310 1692 praedicaret,

138 1688 342 1769 veneraretur,
360 1694 441 1757 viros
459 1700 594 1778 putaret:
613 1717 681 1756 eum
699 1697 794 1780 igitur
812 1719 847 1757 ea
865 1697 906 1758 ita
925 1705 1104 1769 crescerent,
1123 1708 1154 1755 et
1171 1695 1310 1777 largitio-

97 1798 116 1826 ἰ
139 1801 194 1841 nes
212 1779 447 1843 insolescerent:
440 1783 600 1863 quamvis
620 1782 738 1862 equites
756 1783 838 1841 mille
856 1782 1018 1860 haberent,
1039 1794 1069 1841 et
1086 1781 1195 1862 plures
1209 1791 1312 1839 essent

107 1867 179 1957 X.
195 1852 348 1939 millibus,
366 1879 397 1927 et
414 1889 486 1941 eum
500 1867 637 1928 finitimis
658 1866 800 1927 omnibus
819 1868 964 1928 societate
983 1867 1156 1945 coniuncti·
1174 1863 1311 1946 quamvis

57 1951 153 2011 271
140 1948 196 2011 vos¹
210 1951 257 2011 eis
276 1909 376 2011 decies
391 1953 485 2033 mille
511 1943 717 2020 conductitiis
733 1966 764 2012 et
786 1953 960 2015 triremibus
984 1955 1015 2011 L.
1040 1973 1129 2034 opem
1149 1951 1312 2025 tulissetis,

141 2049 293 2118 etquater
305 2036 389 2096 mille
406 2029 562 2119 praeterea
581 2038 710 2112 civibus:
704 2038 805 2098 ·nihil
824 2038 975 2107 horum'
948 2060 990 2099 ers
1005 2038 1096 2097 saluti
1115 2059 1180 2099 esse
1199 2037 1310 2119 potnit,

141 2121 212 2223 sed,
229 2121 420 2205 priusquam
424 2123 497 2186 belli
515 2146 612 2184 annus
631 2124 741 2198 exiret,
761 2124 871 2207 oppida
890 2125 990 2184 omnia
1009 2120 1200 2185 Chalcidicae
1219 2123 1310 2183 ditio-

83 2217 111 2271 ῗι
140 2207 188 2268 nis
206 2206 379 2290 proditores
401 2207 610 2310 perdiderunt,
653 2209 717 2277 Nec
735 2210 920 2291 Philippus
910 2232 970 2277 ram
988 2210 1025 2270 ad
1043 2200 1159 2280 nutum
1171 2196 1314 2290 prodito

126 2300 209 2353 ssrum
227 2305 347 2376 praesto
368 2298 432 2354 es'se
450 2295 569 2394 potuit,
583 2315 693 2396 'neque
712 2295 816 2370 scivit,
842 2282 916 2374 quid
933 2295 1074 2394 primum
1084 2306 1266 2397 occuparet,
1284 2305 1315 2354 et

143 2377 328 2467 quingentos
348 2379 465 2459 equites
485 2380 543 2439 ab
534 2380 614 2461 rpsis
626 2381 753 2441 ducibus
772 2381 911 2463 proditos
931 2404 999 2441 cum
1017 2378 1089 2461 ipsis
1108 2381 1198 2439 armis
1219 2377 1315 2460 cepit·

140 2451 227 2544 qu‘od
245 2463 361 2525 nemini
378 2464 551 2525 mortalium·
568 2465 702 2545 unquam
721 2466 857 2550 contigit
882 2466 990 2568 Neque
1004 2465 1054 2525 ιιιι
1071 2465 1175 2525 Solem
1193 2473 1315 2541 revere-

141 2549 263 2623 bantur,
282 2549 384 2632 quiid
402 2550 547 2635 agebant,
566 2573 666 2632 neque
684 2565 795 2612 terram
813 2553 956 2633 patriam,
974 2553 1007 2611 in
1025 2572 1083 2631 qua
1102 2552 1242 2625 stabant,
1256 2566 1314 2632 ne-

121 2666 124 2670 ·
144 2653 233 2720 que
218 2632 306 2710 fana,
325 2656 425 2716 neque
444 2636 632 2712 monimenta
644 2638 817 2711 maiorum,
835 2648 892 2698 nec'
911 2638 1042 2698 dedecus
1062 2657 1095 2696 ea
1115 2636 1249 2696 facinora
1268 2656 1314 2695 se-

40 2745 43 2747 *
144 2711 293 2781 ιιιιιιιιιιιι.
320 2723 440 2801 Usque
456 2707 535 2780 adeo
554 2723 715 2796 vecordes,
739 2722 960 2797 Athenienses,
985 2735 1016 2782 et
1033 2717 1180 2783 attonitos
1200 2721 1316 2782 faciunt

79 2827 87 2847 ⁹
132 2797 329 2891 largitiones.
372 2805 465 2865 Vos
456 2807 567 2889 rgitur,
585 2828 654 2882 vos,
673 2809 820 2890 inquam,
833 2809 929 2884 cives,
949 2816 980 2868 et'
977 2808 1141 2890 sapietis
1141 2821 1171 2868 et
1190 2808 1227 2867 ad
1244 2806 1314 2866 talia

59 2914 62 2923 “
143 2889 278 2950 facinora
296 2912 359 2951 non
379 2890 596 2959 connivebitis:
615 2895 668 2953 sed
688 2915 721 2954 ea
729 2893 860 2976 publice
879 2884 1020 2975 punietis.
1046 2893 1153 2959 Nihil
1150 2893 1230 2952 enim
1247 2891 1344 2952 fieri·

145 2988 236 3061 queat
253 2976 423 3061 absurdius,
442 2998 531 3057 quam
551 2979 751 3053 committere,
770 3002 838 3040 cum
856 2980 888 3039 in
907 2980 1079 3079 proditores
1095 2963 1316 3062 Οιιιιιιιιοιιιιιι

73 3077 76 3085 ’
102 3087 114 3100 ³
143 3053 240 3121 multa
257 3062 368 3124 atrocia
393 3062 604 3140 decreveritis,
629 3078 664 3124 ut
683 3069 751 3139 eos,
778 3089 830 3146 ιιιιι
821 3064 927 3147 apud
951 3065 1153 3146 vosmetipsos
1177 3063 1317 3144 delique-

144 3158 229 3243 runt,
243 3165 309 3238 non
326 3147 472 3231 puniatis.
485 3148 563 3233 lage,
580 3151 674 3211 recita
692 3151 848 3214 decretum
867 3153 904 3267 de
924 3150 1081 3263 Οιιιιιιιιιι
1099 3151 1220 3212 factum
1267 3227 1272 3230 ᾖ

497 3347 504 3357 ,
579 3256 882 3349 DECRETUlll.

215 3396 314 3463 Haec
332 3394 402 3478 vos,
429 3406 561 3482 iudices,
587 3421 669 3468 recte
688 3407 913 3499 praeclareque
921 3408 1057 3469 omnium
1077 3422 1107 3468 et
1126 3408 1317 3469 Graecorum

87 3536 108 3568 Ἴ.
145 3462 297 3573 consensu
324 3501 355 3549 et
371 3486 574 3554 Barbarorum
593 3493 799 3555 decrevistis
790 3516 827 3553 ιιι
840 3495 1013 3575 proditores
1039 3507 1069 3554 ct
1093 3488 1233 3554 homines
1259 3491 1319 3552 diis

61 3647 73 3653 -
126 3569 294 3647 jinimicos
329 3571 439 3635 Cum
431 3577 531 3684 agitur
541 3580 708 3661 acceptatio
727 3597 888 3640 munerum
906 3579 975 3639 talia
995 3577 1128 3640 facinora
1146 3578 1321 3665 praecedat,
1352 3587 1356 3591 ’

146 3671 177 3718 et
194 3672 321 3742 propter
338 3659 388 3720 illa
408 3663 498 3723 etiam
504 3659 590 3725 haec
609 3663 732 3745 quidam
751 3666 926 3737 admittant:
963 3687 1194 3746 quemcunque,
1218 3663 1319 3724 Athe·
1342 3682 1344 3691 ·

145 3744 286 3833 aienses,
304 3761 466 3831 acceptare
491 3771 616 3810 munera
641 3751 796 3822 videritis,
824 3773 893 3820 eum
921 3752 1010 3812 etiam
1035 3750 1226 3832 proditorem
1252 3769 1322 3831 esse

37 3831 43 3837 “
74 3864 75 3868 =
108 3894 112 3897 Α
146 3842 293 3911 putatote
319 3832 440 3906 Quodsi
458 3833 533 3895 alins
553 3836 747 3910 occasiones,
765 3836 840 3896 alius
860 3838 1001 3920 negotia,
1019 3837 1095 3897 alius
1114 3837 1227 3896 mrhtes
1243 3855 1322 3916 pro

147 3915 207 3988 dit,
227 3917 374 3997 quicquid
392 3917 519 4002 singulis
540 3922 734 3983 commissum
752 3915 861 3997 suerit,
879 3923 910 3983 id
928 3923 1035 4001 utique
1054 3923 1206 4003 perdunt:
1224 3941 1341 4008 aeque!

84 4080 91 4094 Ι
146 4013 247 4061 autem
265 4002 340 4063 tales
360 4009 465 4065 omnes
485 4005 581 4090 digni
588 4020 660 4068 sunt
678 4005 758 4068 odio.
794 4007 933 4108 Etvos,
940 4007 1191 4080 Athenienses,
1169 4030 1214 4067 ιιι
1235 4029 1270 4066 ea
1288 4026 1323 4064 re

67 4132 75 4144 ,
149 4076 207 4148 ιοιι
226 4088 399 4186 exemplis
388 4090 434 4149 uti
452 4092 625 4154 domesticis
643 4093 789 4193 potestis,
814 4090 845 4152 et'
863 4094 1008 4165 maiores,
1034 4115 1121 4174 quos
1129 4093 1196 4153 iure
1215 4093 1321 4154 lauda-

33 4250 35 4254 γ
85 4176 100 4235 ’,
150 4170 206 4245 tis,
228 4172 301 4255 ipsa
326 4194 359 4233 re
384 4164 522 4237 imitari.
547 4178 672 4253 Quodsi
689 4177 824 4260 proelia,
856 4192 886 4238 et
896 4174 1132 4264 expeditiones,
1165 4192 1196 4239 et
1215 4177 1326 4238 discri-.

78 4276 80 4281 ·
149 4256 248 4346 mina,
272 4259 304 4318 in
323 4259 433 4360 quibus
451 4260 497 4321 illi
516 4264 641 4323 luerunt
658 4262 826 4347 splendidi,
852 4263 924 4325 ιιοι,
921 4277 1066 4345 tempore
1085 4286 1149 4324 ιιοιι
1169 4263 1323 4334 incidunt,

151 4362 219 4403 eum
237 4343 346 4405 otium
353 4367 435 4407 nunc
453 4368 506 4408 vos
525 4347 635 4432 agatis·
663 4359 701 4409 at
717 4344 908 4431 prudentiam
926 4368 1032 4443 eorum
1047 4349 1230 4424 imitamini,
1264 4371 1323 4466 ιιιιι
