2722 4754
191 196 195 201 ·
242 190 288 245 ·.
326 189 328 191 ·
366 152 978 325 ιιιιιιιιοει-ιιιοιιιιιίι
1146 174 1254 293 ἰιι
1327 242 1357 255 -

585 401 778 483 naues.

165 517 213 580 Ac
232 519 416 603 Apaturium
435 520 539 582 co'ntra
562 520 614 581 has
638 520 722 603 leges
742 521 823 582 diem
841 521 918 583 mihi
934 523 1044 584 dixisse
1063 535 1094 584 et
1110 523 1202 584 falso
1199 544 1269 584 nae.

73 616 263 679 accusasse,
279 607 312 669 id
331 626 388 697 ego
406 606 493 667 vobis
511 605 705 666 multifariam
723 606 888 667 ostendam
932 606 1017 689 Ego,
1026 609 1177 684 ludices,
1201 608 1255 688 qui

74 688 207 790 longo
197 708 258 750 ram
276 699 414 771 tempore
433 712 469 750 ex
482 704 653 778 mercatura
671 704 838 770 quaestum·
848 690 943 765 facio,
969 693 1198 773 aliquousque
1189 714 1254 774 ipse

76 776 157 834 mari
176 796 226 835 me
246 768 487 835 cominittehami
513 777 650 835 nondum
668 789 769 836 autem
788 775 933 863 septimus
951 797 1047 838 annus
1066 779 1170 852 abiit,
1175 796 1254 852 cum,

57 860 279 942 navigatione
298 860 423 933 omissa,
446 861 630 921 mediocres
636 881 726 941 opes,
749 861 823 960 quas
842 856 957 935 habeo,
981 863 1081 920 nautis
1101 859 1253 924 credendo
1279 891 1282 899 =

78 966 147 1005 rem
164 945 266 1006 lacere
285 965 389 1005 conor.
432 946 526 1020 Quod
543 959 620 1006 vero
642 959 672 1006 et
695 947 775 1005 varia
799 966 910 1006 aeeessr
902 945 994 1006 loca¹
1012 959 1044 1005 et
1061 947 1231 1026 frequens'
1221 969 1253 1007 ιιι

80 1043 219 1091 mercatu
237 1050 352 1104 versor,
370 1029 591 1110 complurimis
608 1051 724 1105 eorum,
743 1031 808 1111 qui
815 1032 968 1114 navigant,
984 1043 1075 1090 notus
1093 1052 1171 1106 sum,
1188 1044 1254 1091 tum

79 1115 238 1200 Byzantiis
256 1115 343 1175 valde
362 1114 451 1174 etiam
469 1115 657 1174 familiariter
673 1129 760 1191 utor,
786 1116 883 1175 utin
890 1137 924 1175 ea
930 1115 1029 1174 urbe
1037 1116 1151 1177 diutius
1170 1136 1253 1176 com-

81 1212 227 1260 moratus.
254 1197 340 1258 Cum
350 1213 449 1260 autem
462 1200 509 1260 ita
526 1221 559 1260 se
571 1219 625 1259 res
643 1218 746 1275 meae,
764 1212 799 1260 ut
817 1201 904 1274 dico,
922 1199 1086 1261 haberent.
1103 1201 1164 1261 huc
1181 1216 1253 1281 pro·
1294 1206 1296 1210 ’

80 1278 181 1346 fectus
200 1297 247 1344 est
264 1273 374 1344 abhinc
391 1283 557 1345 triennium
575 1285 633 1344 iste
652 1306 719 1345 cum
737 1286 803 1346 cive
828 1305 885 1344 suo
902 1284 1109 1359 Parmenone,
1135 1287 1253 1369 Byzan-

80 1370 277 1469 tiogenere,
312 1370 365 1427 sed
384 1371 512 1442 exsule,
538 1366 730 1470 mecumque
737 1382 874 1430 mercatu
890 1371 1046 1451 congressi
1064 1371 1254 1443 mentionem
1330 1426 1335 1430 .

82 1455 233 1536 pecuniae
249 1455 397 1526 fecerunt
413 1454 554 1515 Debebat
572 1450 653 1512 en'im
671 1454 728 1515 istc
746 1476 811 1535 pro
806 1475 893 1514 nave
910 1476 962 1514 sua
981 1455 1178 1537 quadraginta
1195 1456 1253 1515 mi-

80 1562 136 1599 nas
156 1552 189 1605 et
206 1561 222 1599 a
241 1535 480 1600 creditoribus
459 1560 522 1618 per
531 1538 672 1598 iniuriam
690 1539 731 1599 ita
750 1538 931 1622 urgebatur,
960 1553 996 1609 ut
1014 1552 1046 1599 et
1062 1561 1169 1600 navem
1188 1541 1253 1600 eius
1309 1535 1314 1577 4

13 1648 19 1693 ζ
80 1619 332 1707 pignerarentur,
354 1624 436 1702 quod
456 1626 493 1683 ad
512 1612 592 1683 diem
611 1644 674 1683 ιιοιι
692 1624 840 1685 solvisset
876 1622 1038 1684 Aestuanti
1056 1636 1156 1685 autem
1176 1626 1205 1685 ei
1223 1637 1279 1686 et.

25 1774 42 1789 ,1
80 1710 246 1790 pecuniam
273 1729 337 1768 non
367 1707 491 1767 babenti
518 1729 550 1768 se
575 1709 671 1768 minas
698 1711 802 1769 decem
826 1708 989 1791 pollicetur
1014 1711 1165 1787 daturum
1180 1710 1253 1770 Par-

18 1808 21 1813 '
81 1816 194 1875 meno:
214 1796 277 1880 iste
293 1813 367 1854 vero
384 1813 434 1851 me
453 1805 549 1875 orat,
559 1806 595 1854 ut
607 1794 671 1853 sibi
688 1794 812 1878 triginta
830 1795 925 1853 minas
943 1780 1152 1895 suppeditent,
1178 1816 1252 1857 con-

84 1900 254 1975 querens,.-
238 1898 291 1937 se
309 1900 326 1937 a
344 1877 563 1951 creditoribus,
582 1878 635 1958 qui
652 1896 758 1938 navem
777 1892 971 1959 appeterent,
990 1882 1022 1938 in
1039 1892 1173 1939 mereatu
1191 1891 1253 1940 tra
1315 1902 1319 1909 ¹

19 1960 23 1965 ’
59 2018 62 2023 .
82 1954 243 2064 drictum,
252 1974 303 2036 ut,
321 1979 409 2023 seeo
429 1963 489 2023 loci
506 1964 688 2036 redacto,
670 1985 710 2028 ne
728 1965 902 2044 pecuniam
899 1964 1033 2041 reddere
1051 1977 1176 2044 posset,
1195 1963 1254 2045 ipsi

79 2071 163 2110 nave
179 2038 357 2147 potirentur.
401 2046 447 2106 Ac
460 2047 539 2107 mihi
558 2049 692 2128 quidem
698 2070 851 2129 praesens
858 2047 987 2129 pecunia
1005 2069 1070 2108 non
1088 2061 1168 2108 erat:
1182 2048 1253 2108 sed

78 2138 155 2206 cum
172 2134 209 2194 ab
225 2127 388 2194 Heraclide
406 2132 575 2206 mensurio,
601 2152 663 2212 quo
680 2133 805 2206 utebar,
834 2133 1061 2213 impetrassem,
1080 2136 1122 2192 ut
1139 2153 1167 2191 er
1158 2132 1253 2192 hru-

77 2231 200 2294 tuaret,
217 2219 281 2301 ipse
296 2237 355 2298 pro
375 2237 412 2276 eo
430 2217 590 2298 spopondi.
625 2217 762 2300 Triginta
774 2238 873 2318 porro
891 2216 981 2277 minis
1000 2218 1058 2277 iam
1076 2217 1253 2299 numeratis,
1318 2240 1321 2244 ¹

10 2370 13 2380 y
77 2303 232 2364 alienatus
250 2314 314 2365 erat
330 2301 395 2360 ab
385 2314 445 2361 asto
465 2302 630 2365 Parmeno·
657 2305 711 2363 sed
730 2303 800 2383 quia
818 2303 913 2364 minas
933 2325 962 2364 er
953 2296 1083 2362 decern
1102 2301 1252 2402 promise
1282 2329 1285 2336 ¹

16 2460 27 2466 ἱ
76 2401 147 2463 rat,
170 2389 337 2488 harumque
355 2399 416 2457 tres
436 2375 576 2462 dederat,
595 2387 635 2448 ob
647 2368 746 2462 banc,
775 2409 864 2468 quarn
881 2388 975 2447 modo
995 2387 1075 2462 dixi,
1091 2387 1254 2475 pecuniam·
1329 2390 1334 2395 ’

10 2466 14 2485 ’
79 2473 237 2562 reliquum
256 2473 344 2533 etiam
364 2472 434 2531 dare
450 2463 634 2556 cogebatur·
631 2464 713 2532 Ac
704 2494 787 2555 rpse
786 2473 841 2533 hae
858 2474 896 2533 de
915 2490 1004 2533 causa
1019 2473 1117 2543 lacere
1131 2464 1251 2532 tabulas

77 2553 226 2620 nolebat:
235 2575 298 2632 ,me
315 2577 389 2617 vero
407 2557 449 2619 ita
468 2576 517 2617 eas
535 2558 685 2618 conficere
702 2549 843 2635 iubebat,
866 2570 903 2620 ut
920 2556 982 2618 sibi
997 2557 1112 2656 optime
1130 2576 1252 2617 cavere-

77 2656 166 2704 ιιι.-
185 2644 268 2726 Eg'o‚
294 2642 437 2723 acceptis
448 2656 567 2724 septem
589 2665 605 2703 a
623 2643 824 2704 Parmenone
830 2642 943 2717 minis,
963 2653 995 2702 et
1017 2641 1076 2704 isto
1094 2655 1157 2702 tres
1162 2627 1252 2719 illas,
1277 2697 1287 2713 ,Ν

81 2748 176 2808 quas
175 2727 215 2789 ab
233 2727 286 2787 illo
304 2738 460 2812 acceperat
477 2741 582 2801 antea,
600 2742 701 2788 eoram
720 2728 882 2802 confesso,
896 2742 964 2788 emo
982 2746 1090 2787 navem
1108 2726 1144 2788 a'b
1164 2740 1202 2787 eo
1221 2737 1253 2786 et
1283 2748 1290 2765 ‘
1339 2780 1342 2785 .

81 2813 250 2894 mancipia,
269 2808 367 2871 donec
384 2807 489 2872 decem
507 2813 603 2873 minas
620 2813 781 2889 redderet,
789 2836 872 2914 ‘quas
891 2834 946 2894 per
963 2832 1011 2872 me
1028 2820 1203 2893 acceperat,
1222 2821 1254 2870 et
1287 2806 1289 2810 ’

10 2915 16 2920 ·
78 2898 226 2980 triginta,
253 2902 380 2979 quarum
402 2919 452 2956 me
470 2917 649 2979 sponsorem
667 2898 819 2959 mensario
837 2899 1044 2963 constituerat
1086 2897 1133 2958 Ac
1150 2908 1195 2979 ut
1202 2915 1253 2955 me
1278 2891 1352 2959 55

10 2988 17 2994 ’
79 3003 156 3044 vera
173 2983 274 3050 dicere
292 2994 431 3056 constet,
448 2984 550 3044 audite
568 2983 787 3063 testimoniam
1071 3008 1074 3014 ¹

488 3109 885 3197 assertionis·

167 3237 219 3298 nd
244 3239 326 3300 hirnc
350 3240 475 3301 modum
500 3239 819 3299 creditores-absolvit
841 3226 1016 3321 Apaturius:
1058 3240 1130 3300 Non
1153 3237 1252 3309 multo

69 3336 167 3404 post,
192 3345 298 3385 mensa
323 3343 426 3386 eversa
438 3338 480 3386 et
497 3325 691 3389 Heraclide’
681 3324 769 3384 mitio
787 3324 977 3399 latitante,‘'
968 3339 1025 3385 rste
1045 3344 1120 3427 puer
1118 3323 1251 3384 insidias
1331 3347 1336 3371 r

79 3408 215 3471 Athenis
234 3410 373 3493 ablegare
390 3410 538 3491 mancipia
564 3422 598 3470 et
611 3423 703 3511 portu
729 3429 836 3488 navem
855 3406 1011 3470 educere’
1002 3407 1151 3470 instituit:
1157 3409 1252 3477 unde

51 3491 180 3574 'prima
207 3516 276 3556 cum
300 3517 338 3556 eo
365 3497 440 3555 mibi
466 3496 689 3567 controversia
707 3495 828 3577 exstitit.
869 3493 1093 3554 Animadversa
1111 3492 1210 3554 enim
1217 3496 1252 3553 r'e

30 3571 36 3585 ’
79 3578 240 3641 Parmeno
254 3593 285 3641 et
301 3581 466 3661 mancipia,
494 3601 570 3659 quae
587 3580 832 3652 abducebantur,
859 3580 981 3659 arripit,
1009 3593 1039 3640 et
1056 3586 1163 3639 navem
1182 3584 1252 3637 etim
1290 3612 1293 3657 3

80 3663 277 3726 commovere
295 3679 387 3747 portu
404 3664 564 3746 prohibet,
584 3666 707 3733 etmihi
724 3665 868 3725 arcessito
885 3685 949 3724 rem
969 3677 1079 3724 narrat.
1106 3652 1176 3737 Qua
1188 3681 1251 3744 ego

82 3749 185 3810 audita
220 3764 251 3809 et
274 3751 383 3823 istum,
411 3751 463 3830 qui
486 3750 556 3810 talia
579 3751 757 3822 moliretur,
782 3750 938 3830 hominem
964 3770 1080 3826 summe
1104 3747 1252 3807 nefarium
1277 3781 1300 3807 ,·

82 3838 151 3894 esse
169 3834 258 3909 duxi,
285 3836 409 3895 etiiam
435 3834 586 3933 quaesivi,
613 3844 671 3915 qna
691 3848 722 3894 et
740 3855 823 3916 ego
825 3834 973 3894 mensaria
992 3833 1158 3919 sponsione
1156 3830 1253 3891 libe·
1309 3879 1316 3888 .

80 3929 167 3979 ra'rer
185 3931 217 3980 et
225 3919 346 4001 hospes
365 3940 409 3995 ea,
428 3925 504 4000 quae
521 3934 577 4000 per
591 3934 641 3979 rn'e
660 3921 710 3980 isti
728 3932 890 3993 mutuarat,
905 3936 971 3980 ιιοιι
989 3920 1148 3980 amitteret
1169 3914 1252 3976 Con:

46 4002 48 4009 ’
82 4005 203 4066 stitutis
206 4021 295 4106 ’ergo
312 4004 395 4065 navis
414 4004 607 4077 custodibus,
624 4024 746 4069 mensae
765 4005 964 4085 sponsoribus
982 4004 1141 4087 negotium
1160 4018 1253 4084 expo
1281 4056 1297 4083 Ι.

83 4084 151 4162 sui,
184 4090 358 4172 pignusque
375 4090 502 4165 tra‘didi,
538 4112 571 4150 ac
590 4088 694 4151 decem
712 4091 808 4151 minas
823 4090 985 4170 hospitem
997 4086 1136 4162 habere*
1127 4104 1159 4148 ιιι
1177 4090 1253 4163 nave
1276 4110 1294 4129 ¹1

85 4174 166 4236 dixi.
187 4176 258 4235 His
265 4175 369 4250 factis,
387 4174 534 4254 mancipia
552 4176 717 4257 sponsione
714 4174 901 4250 obstrinni',¹
918 4180 970 4248 ιιι,
989 4168 1255 4261 ἰἰἰιιι1ι1ι1ιιιιιόῒ,Ι
1283 4244 1294 4255 η
1314 4246 1317 4251 ¹

83 4276 138 4342 per
151 4272 188 4321 ea
200 4261 429 4355 comperiretur.
447 4263 491 4320 lta
503 4276 572 4344 ego,
590 4261 786 4362 deprehensis
802 4259 891 4333 istius
908 4260 1047 4355 iniuriis,
1055 4253 1135 4319 mibi¹
1149 4270 1191 4320 et
1196 4240 1254 4318 lib-

85 4347 155 4428 spiti
170 4347 363 4477 consului.-
359 4346 411 4408 At
422 4347 502 4421 lste,
529 4346 658 4428 perinde
674 4346 753 4407 acsi
769 4346 934 4426 acciperet,
961 4340 1024 4405 ιιοιι
1042 4345 1156 4405 laceret
1164 4328 1254 4405 inlu
