2722 4754
264 214 273 221 -
356 174 1078 291 aununsnsssnacanrarnn
1152 198 1270 277 «sot

103 351 159 413 seli
176 349 325 425 filiorum:
350 364 382 414 et
398 351 514 433 posteri
532 350 730 411 Stratiisunt·
743 350 791 425 hi,
811 349 887 431 quos
907 350 1079 417 audivistis:
1103 376 1204 437 neque
1222 357 1269 420 his

101 436 346 516 ullumusquam
364 430 484 497 nomen
495 449 541 497 est
558 457 681 510 eorum,
701 436 844 516 quisunt
862 459 897 500 ex
914 439 1071 525 Hagniana
1087 441 1216 517 familia,
1234 461 1273 502 ac'
1327 473 1331 484 =

99 538 141 582 ue
160 521 317 583 consimile
336 521 486 602 quidem„
511 522 627 581 Rursus
646 521 741 604 igitur
755 521 896 582 sciscitor
913 538 1041 604 puerum
1059 527 1157 605 hunc,
1184 527 1268 608 quis·
1327 581 1329 585 ,

102 630 169 667 nam
188 607 253 687 ipse
270 607 327 682 sit,
347 607 399 687 qui
418 627 484 666 cum
504 607 667 666 Macartato
686 607 723 684 de
741 605 877 687 Hagniae
896 607 1064 672 hereditate
1083 613 1267 674 contendat?
1301 610 1304 617 ’

101 692 185 751 Nihil
210 713 334 772 prorsus
360 691 441 751 alind
462 691 650 772 ,respondere
669 703 761 769 queat
777 712 869 771 puer,
896 691 984 771 quani
1003 717 1037 756 se
1055 718 1120 756 esse
1138 696 1271 759 Eubuli..

60 790 61 793 ’
101 779 177 838 dem.
213 778 285 851 Quo
302 783 387 858 patre
406 778 514 836 uatus?
532 775 709 848 (Eubulide,
736 775 873 859 Hagniae
890 768 1027 858 patrueli.
1063 783 1267 856 Quamatrei'

72 906 81 915 .
99 861 310 936 Philomacha,
340 881 380 943 en⁴
394 861 530 942 Hagniae
547 859 680 941 patrueli
696 861 789 920 fratre
807 875 883 932 nata.
918 860 1084 924 Eubulides
1104 867 1189 926 cuins
1206 865 1267 929 snit

100 947 213 1029 patris?
230 946 373 1028 Philagri,
389 946 489 1026 patrui
505 946 649 1028 Hagniae.
667 941 761 1004 Cuius
777 946 901 1007 matris?
917 947 1140 1024 Philomachae,
1156 953 1265 1012 amitae
1317 1022 1320 1027 .

100 1032 244 1114 Hagniae.
261 1032 393 1114 Hagnias
410 1051 503 1111 porro
520 1031 605 1090 cuius
620 1030 797 1092 fuiefitius?
813 1033 997 1094 Polemonis.
1014 1033 1142 1108 Polemo
1157 1016 1266 1095 cuius?
1320 1028 1324 1033 ⁸

100 1117 245 1199 Hagniae.
280 1116 411 1200 Hagnias
431 1115 538 1175 cuius?
563 1115 675 1174 Buseli.
710 1116 793 1175 Haec
813 1116 907 1177 altera
926 1131 972 1177 est
989 1119 1099 1187 familia
1117 1119 1269 1202 Ilagniac,

98 1204 188 1264 nnius
206 1202 340 1262 filiorum
357 1200 477 1261 Buseli:
505 1213 535 1259 et
547 1200 602 1260 hie
620 1192 809 1280 nequaqnam
828 1201 909 1262 inest
925 1202 1006 1261 idem
1024 1225 1153 1278 nomen,
1167 1205 1262 1284 ¹quod

59 1356 61 1361 ¹
100 1303 144 1348 cst
161 1288 194 1346 in
211 1287 322 1346 familia
340 1298 534 1366 posterorum
552 1285 673 1357 Str-atii,
692 1307 725 1344 ac
743 1304 783 1343 ne
801 1287 959 1346 consimile
979 1289 1115 1367 quidem:
1133 1289 1263 1368 sed'ipsi

97 1395 152 1458 per-
170 1392 201 1432 se
219 1373 251 1431 in
270 1372 406 1454 Hagniae
424 1370 535 1430 familia
552 1369 805 1450 progrediuntur,
835 1371 960 1430 nomina
979 1393 994 1430 a
1013 1395 1046 1432 se
1064 1373 1194 1433 invicem
1214 1393 1263 1432 ac·-

97 1458 252 1538 cipientes.
286 1454 451 1515 Undelibet
468 1452 562 1536 igitur
580 1467 611 1513 et
628 1454 727 1514 modis
747 1453 1030 1538 omnihus-alterius
1049 1478 1114 1517 esse
1132 1457 1262 1516 familiae

96 1544 320 1604 convincuntur
342 1560 515 1623 genereque
540 1539 738 1613 remotiores,
764 1552 865 1619 neque
891 1541 1053 1620 quicquam
1078 1543 1120 1603 eis
1146 1564 1182 1603 ex
1200 1544 1262 1601 Ha-

96 1629 183 1710 gniae
202 1627 369 1686 hereditate
387 1623 500 1684 deberi.
522 1625 641 1698 Quibus
661 1625 742 1683 enim
759 1624 916 1707 legislator
932 1626 1192 1708 propinquitatem
1211 1628 1263 1689 det
1315 1662 1320 1672 r

97 1727 128 1773 et
145 1709 433 1785 hereditatem,-hae
451 1709 538 1796 vohis
557 1710 640 1792 leges
657 1708 873 1791 recitabuntur.
897 1747 900 1750 ·
943 1750 952 1792 ι,
1262 1739 1265 1743 ·

592 1862 808 1929 nunus,
1013 1862 1104 1909 ’.·
1252 1840 1333 1921 ,ld

182 1964 330 2047 Quisquis
347 1964 506 2026 intestatus
524 1964 662 2037 moritur,
680 1965 707 2025 si
725 1963 848 2044 quidem
866 1958 979 2028 liberos
997 1968 1153 2030 muliebris
1172 1989 1260 2029 sexus

93 2051 272 2130 reliquerit,
288 2049 343 2109 filii
361 2071 429 2109 cum
447 2048 546 2109 hisce:
571 2049 597 2109 si
615 2050 730 2124 minus,
749 2049 783 2107 hi
800 2049 880 2110 hona
896 2052 1084 2131 possidento,
1127 2053 1182 2111 Sin
1199 2050 1262 2113 f'rass

93 2149 155 2195 tres
174 2135 288 2195 fuerint
305 2133 455 2218 germani,
474 2129 504 2192 tt
521 2135 547 2193 si
563 2134 654 2193 liberi
672 2155 688 2194 e
706 2133 848 2208 fratribus
866 2134 1008 2217 legitimi:
1027 2137 1125 2216 patris
1142 2148 1259 2217 partem

92 2220 270 2280 sortiuntur.
288 2220 341 2277 Sin
359 2217 465 2276 fratres
484 2238 547 2277 non
565 2218 689 2291 fuerint,
704 2230 758 2277 aut
772 2216 898 2277 fratrum
914 2219 1004 2279 liberi
1021 2241 1057 2280 ex
1073 2221 1130 2280 eis:
1152 2221 1265 2301 eadem

49 2312 52 2318 '
91 2305 211 2365 ratione
237 2304 415 2363 sortiuntur.
458 2302 674 2362 Praeleruntor
696 2315 797 2362 autem
821 2325 920 2364 mares
952 2317 983 2367 et
1000 2296 1167 2371 amoribus
1185 2326 1259 2386 pros

65 2461 71 2467 ‚
92 2390 210 2470 pagati,
226 2389 253 2448 si
271 2409 306 2448 ex
324 2387 430 2446 iisdem
448 2384 578 2459 suerint,
598 2387 671 2446 etsi
688 2408 801 2469 genere
818 2389 1006 2449 remotiores.
1049 2389 1083 2449 Si
1101 2410 1174 2451 vero
1193 2411 1258 2449 non
1329 2437 1331 2449 r

93 2475 207 2533 suerint
224 2485 239 2533 a
257 2485 341 2554 patre
359 2492 457 2550 usque
476 2473 513 2531 ad
531 2472 726 2531 sobrinorum
744 2473 874 2548 liberos,
901 2466 941 2548 ii,
967 2473 1110 2555 quisunt
1126 2496 1144 2535 a
1160 2487 1257 2534 matre
1317 2500 1320 2505 ·

92 2560 158 2633 viri,
175 2560 240 2640 pari
257 2558 375 2617 ratione
393 2568 574 2637 potestatem
592 2556 733 2618 habentos
750 2558 805 2619 Sin
823 2579 859 2617 ex
875 2563 984 2619 neutra
1000 2568 1085 2641 parte
1102 2560 1181 2619 intra
1199 2559 1257 2619 hos
1274 2558 1278 2564 ’

91 2644 219 2705 fuerint:
249 2664 264 2703 a
282 2655 366 2723 patre
383 2642 538 2722 proximus
557 2641 703 2703 obtineto.
745 2642 858 2723 Spurio
882 2656 983 2704 autem
1000 2657 1053 2704 ant
1070 2643 1189 2725 spuriae
1207 2642 1255 2703 ius

92 2751 131 2790 ne
148 2743 214 2790 esto
233 2727 479 2809 propinquitatis,
499 2727 690 2806 neque-item
708 2749 873 2801 sacrorum,
889 2742 990 2809 neque
1007 2729 1199 2810 publicorum
1217 2727 1255 2805 ab

92 2815 218 2875 Euclide
235 2826 384 2893 praetore.
555 2820 561 2828 '
675 2832 682 2838 ·
751 2859 756 2866 .
824 2833 828 2837 ’
858 2862 861 2869 ,

96 2922 101 2934 ⁴
145 2954 148 2960 .
175 2899 291 2980 Aperte
310 2897 384 2957 dicit
401 2897 462 2971 lex,
485 2896 619 2970 Iudices,
645 2896 755 2976 quihus
773 2897 910 2958 adeunda
928 2898 969 2957 sit
984 2897 1151 2958 hereditas:
1180 2917 1255 2972 non,

74 2985 130 3061 ita
153 3005 203 3044 me
221 2986 304 3043 Deus
329 2994 423 3056 amet,
445 2983 664 3061 Theopompo,
689 2995 742 3042 aut
758 2982 939 3056 Macartato,
962 2983 1156 3064 Theopompi
1177 2981 1259 3055 filio,
1292 2999 1297 3012 ‘

86 3070 143 3150 qui
166 3090 291 3151 prorsus
314 3066 346 3126 in
365 3067 501 3149 Hagniae
524 3066 636 3127 familia
652 3087 723 3137 ¹non
745 3080 824 3127 sunt
860 3067 920 3127 Sed
939 3067 1008 3129 cni?
1034 3069 1170 3129 Posteris
1190 3067 1253 3127 Ha·
1304 3131 1306 3135 ,

91 3155 194 3237 guiae,
221 3154 274 3232 qni
291 3166 364 3213 sunt
381 3153 413 3211 in
431 3151 697 3234 samilia‘llagniae
714 3151 805 3212 illius.
847 3153 931 3213 llaec
954 3165 984 3211 et
1001 3153 1050 3235 lex
1066 3153 1205 3232 loquitur
1221 3165 1254 3212 et

90 3241 138 3299 ius
160 3241 206 3298 ita
225 3238 323 3297 hahet
357 3237 465 3316 Neque
481 3257 571 3310 vero,
599 3237 735 3308 ludices,
763 3257 832 3296 cum
850 3236 924 3298 haec
941 3237 1098 3320 legislator
1115 3237 1253 3320 cognatis

89 3324 224 3398 dederit,
242 3324 298 3382 alia
315 3323 409 3383 multa
426 3322 631 3382 omninonon
645 3321 813 3395 inundavit,
831 3342 907 3401 quae
926 3324 1062 3404 cognatis
1080 3321 1252 3413 nepessariq
1286 3338 1289 3343 ·
1321 3317 1323 3321 ¹

88 3409 224 3469 facienda
247 3419 333 3468 sunt:
369 3408 422 3467 sed
439 3407 568 3486 plurima
585 3420 674 3480 sunt,
710 3428 785 3486 quae
810 3406 858 3466 lex
874 3407 973 3467 facere
991 3406 1078 3467 iubet
1094 3419 1254 3488 cognatos,
1301 3441 1303 3445 ν

89 3507 189 3576 noque
212 3494 310 3552 ullum
335 3492 482 3575 effugium
505 3491 667 3572 relinquit,
691 3513 754 3572 quo
777 3490 876 3552 minus
895 3513 930 3553 ea
946 3492 1045 3553 faeere
1063 3491 1103 3552 sit
1120 3510 1253 3552 necesse.

89 3581 173 3672 Quin
191 3579 285 3661 ipsam
302 3578 402 3660 legem
419 3577 551 3659 primum
567 3577 667 3638 recita.
749 3571 752 3581 '

572 3730 785 3784 unx.¹

171 3833 357 3914 Pupillarum
381 3832 529 3912 aliquam,
557 3854 634 3914 quae
659 3833 692 3892 in
718 3822 954 3913 proletariorum'
976 3833 1083 3892 ordine
1109 3841 1197 3901 sunt,
1225 3827 1251 3886 si
1297 3901 1300 3907 .

86 3917 198 3979 hahere
214 3917 349 3979 noluerit
362 3935 474 4002 genere
489 3920 654 4000 proximus,
672 3919 744 3978 dote
760 3918 828 3978 data
844 3918 977 3978 elocuto:
1002 3915 1145 3998 patricius
1161 3913 1250 3993 quin-

86 4005 185 4086 gentis
205 4004 368 4079 drachmis,
396 4018 488 4084 eques
504 4003 667 4078 trecentis,
692 4003 862 4082 semieques
881 4015 1003 4063 centum
1022 3999 1253 4081 quinquaginta,
1296 4003 1310 4019 '

85 4103 208 4169 praeter
226 4109 373 4169 ea,*quae
391 4089 570 4170 ipsaaehahet
584 4089 631 4147 ·Si
648 4109 721 4148 rem)
738 4088 842 4168 plures
859 4087 977 4148 luerint
990 4087 1022 4146 in
1041 4087 1147 4145 eadem
1163 4083 1249 4143 lami·
1297 4124 1299 4128 ι

86 4174 135 4247 lia,
154 4196 209 4253 pro
228 4176 371 4256 portione
390 4175 519 4254 quisque
536 4174 668 4256 pupillae
681 4173 832 4232 conferat.
850 4173 970 4248 Quodsi
987 4171 1129 4232 mulieres
1147 4171 1250 4251 plures

85 4259 215 4319 fuerint:
234 4282 273 4319 ne
292 4280 416 4322 necesse
434 4260 473 4319 sit
491 4272 621 4343 cognato
640 4258 708 4339 plus
726 4281 786 4317 una
804 4258 938 4331 elocare,
956 4258 1010 4317 sed
1028 4256 1182 4339 proximus
1200 4268 1253 4314 aut

59 4347 61 4350 ’
88 4345 221 4420 elocato,
244 4358 297 4408 aut
314 4347 378 4426 ipse
397 4345 509 4406 ducito.
544 4345 639 4422 Quod
656 4343 716 4404 nisi
734 4364 845 4426 genere
864 4343 1018 4425 proximus
1036 4364 1103 4404 eam
1120 4336 1252 4403 vel‘elo,
