2722 4754
429 31 449 64 Ι.

329 166 616 262 ΙΙιιιιιιιιέιιε
658 180 1038 273 suoru-ronam·
1100 221 1134 251 ‹.
1201 166 1297 251 4³1²
1347 222 1353 236 .

62 341 171 403 teris
187 340 334 422 redditis,
353 364 427 424 quas
445 344 483 403 ad
500 363 554 404 eos
570 343 740 416 dedimus,
746 323 856 423 quibus
875 343 1098 419 continebatur,
1114 354 1176 417 ut,
1173 344 1281 424 quic—⁴
1326 410 1329 415 ,

54 426 203 508 ‘qnid
188 446 304 510 ageres,
323 427 539 488 observarent?
557 429 641 504 Quid
654 441 770 502 autem,
787 429 1001 505 Athenienses,
1019 449 1083 495 nou
1101 428 1236 501 faceret
1226 452 1263 503 rs,
1296 478 1300 484 .

86 512 149 595 qni
166 525 304 592 acceptas
330 503 433 574 literis
450 532 533 586 uon,
551 513 593 574 ita
618 526 652 574 ut
669 526 785 574 rectum
807 527 837 574 et
861 535 991 594 aequum
1018 526 1082 601 est,
1109 515 1286 577 reddiditi*

65 626 70 631 ·
91 597 244 698 Quietus
261 597 407 659 malitiam
426 619 462 657 ex
478 598 544 658 istis
562 599 646 660 lactis
664 620 727 659 non
746 620 954 686 cognoscere
949 622 1012 660 non
1018 596 1177 681 potestis?
1204 599 1262 663 At
1265 600 1272 619 ⁸
1331 634 1337 641 ·

90 684 166 765 qui,
192 682 274 743 odii
291 683 493 757 immortales,
520 684 645 744 decebat
669 684 783 784 ntique.
801 696 919 744 tantum
944 678 1010 744 auri
1034 687 1213 746 reddentem
1231 700 1263 749 et
1345 678 1357 693 ⁸

80 768 173 851 plus,
190 788 282 848 qnam
301 769 450 829 creditum
468 769 577 842 suerat,
595 768 714 829 celebre
728 769 783 829 id·
774 792 806 831 m
818 781 952 829 mercatu
970 770 1097 830 reddere
1111 783 1152 831 et
1156 766 1261 845 omnes

89 854 233 915 homines
245 854 439 927 advocare:
430 854 566 934 inprimis
584 867 685 914 autem
703 876 832 935 puerum
845 854 935 914 huius
953 854 1122 920 etsocium.
1146 841 1260 923 Omnes
1292 898 1294 907 ·
1347 910 1354 935 ,

91 939 184 1001 enim
192 930 331 1020 prolecto
350 940 463 1013 nostis,
481 941 612 999 mutuari
629 939 757 1000 solere
748 954 823 1000 astos
841 961 941 1000 coram
959 939 1078 1020 paneis:
1105 961 1173 999 cum
1190 943 1261 1002 red-

71 1022 187 1099 dunt,
196 1026 312 1103 multos
330 1023 474 1083 adhibere
491 1032 596 1098 testes,
614 1038 649 1086 ut
658 1025 787 1086 boni
759 1026 899 1099 vis-nesse
912 1025 944 1085 in
959 1024 1149 1105 praestandis
1164 1024 1263 1116 pactis

90 1119 133 1170 et
142 1109 300 1170 conventis
319 1109 486 1169 videantur.
510 1110 614 1169 Tibi
598 1132 682 1185 vero,
700 1111 752 1190 qui
772 1124 803 1171 et
820 1123 957 1171 mutuum
978 1124 1009 1170 et
1026 1122 1169 1189 utrasque
1187 1133 1260 1170 nsu-

89 1217 138 1255 ras
157 1195 316 1266 redderes,
343 1208 469 1276 argento
495 1195 577 1253 ultro
602 1204 718 1281 tantum
738 1217 830 1267 usus,
857 1209 887 1254 et
904 1196 975 1255 alias
999 1194 1146 1259 tredecim
1164 1195 1260 1255 minas

23 1318 26 1322 -
88 1280 249 1352 adiiceres,
267 1300 330 1342 non
349 1278 436 1338 multi
454 1280 539 1338 luere
558 1292 650 1340 testes
669 1239 852 1341 adhibendi?
877 1281 949 1354 Quo
967 1281 1047 1339 sacto
1066 1300 1156 1341 nemo
1175 1280 1260 1341 navi·
1346 1303 1354 1318 ι

88 1365 229 1448 gentium
247 1365 361 1445 maiore
380 1364 411 1422 in
430 1364 628 1424 admiratione
652 1365 766 1424 fuisset.
810 1366 856 1424 Tu
882 1375 982 1450 autem
1007 1366 1120 1424 nedum
1147 1365 1259 1439 multos

88 1449 192 1510 fecisti
210 1462 317 1509 testes:
336 1444 408 1509 sed
408 1462 549 1529 tanquam
568 1449 709 1509 iniuriam
726 1449 896 1522 faceres,
871 1472 914 1509 s1c
933 1470 1039 1509 omnes
1058 1431 1196 1509 homines
1216 1451 1261 1511 lal-

86 1548 157 1595 tere
175 1534 350 1596 studuisti.
356 1534 476 1609 Quodsi
494 1533 579 1607 mihi,
596 1535 675 1619 qui
668 1548 775 1596 mutuo
795 1534 946 1608 dederam,
962 1535 1170 1626 reddidisses,
1183 1535 1260 1595 nihil

88 1640 170 1701 opus
196 1603 304 1680 suisset
321 1606 467 1689 testibus:
494 1619 610 1680 sublata
638 1620 718 1682 enim
743 1619 913 1721 syngrapha
942 1632 976 1679 te
992 1621 1077 1679 omni
1101 1602 1260 1681 con‘tractu
1353 1671 1359 1685 .

84 1705 274 1767 liberassem.
290 1703 380 1763 Nunc
398 1704 479 1763 hand
497 1704 581 1777 mihi,
599 1706 653 1765 sed
671 1705 757 1766 alteri
775 1727 831 1787 pro
846 1726 893 1765 me
907 1706 1076 1781 reddidisti,
1094 1727 1151 1766 nec
1161 1706 1259 1767 Athe

87 1790 160 1864 nis,
182 1790 231 1851 sed
250 1789 395 1889 Bospori.
422 1810 489 1847 cum
510 1802 540 1848 et
558 1791 728 1873 syngrapha
746 1791 821 1851 mihi
846 1791 942 1851 abste
969 1791 1036 1851 data
1053 1789 1183 1851 Athenis
1202 1791 1261 1853 sita

39 1894 45 1915 ⁴
90 1888 192 1951 esset,
203 1888 232 1935 ct
248 1873 284 1948 is,
303 1873 352 1933 cui
370 1896 476 1932 aurum
494 1875 653 1949 reddebas,
672 1889 702 1935 et
719 1876 854 1935 mortalis
874 1888 904 1937 et
921 1889 1039 1935 tantum
1056 1871 1182 1958 pelagus
1199 1890 1261 1937 tra-

86 1960 224 2060 iectnrqs
240 1964 336 2019 esset.
353 1971 463 2019 testem
478 1959 645 2041 adhibuisti
657 1961 810 2020 neminem
822 1958 869 2027 vel
884 1976 1003 2020 servum
1018 1961 1133 2020 vet·‹›
1081 1983 1133 2042 mg
1135 1963 1259 2036 cunum,
1286 1973 1326 2026 70

84 2044 133 2104 At
151 2044 231 2104 enim
249 2043 461 2127 syngrapha,
446 2044 569 2123 inquit,
587 2066 636 2104 me
654 2045 838 2105 naviculario
856 2043 981 2104 iubebat
998 2064 1105 2106 aurum
1122 2046 1259 2111 reddere.

85 2129 153 2191 Sed
171 2068 277 2190 eadeni
292 2141 323 2189 te
341 2150 405 2189 nec
416 2141 509 2189 testes
533 2131 696 2204 advocare,
721 2151 778 2209 nqc
796 2130 896 2189 literas
914 2130 1042 2188 reddere
1059 2129 1259 2209 prohibebat:

84 2237 158 2275 eum
171 2214 204 2274 hi
218 2216 292 2275 duas
306 2214 492 2298 syngraphas
506 2218 607 2275 tecum
619 2213 749 2275 iecerint
767 2213 817 2274 de
814 2224 990 2286 contractu,
1008 2220 1044 2273 ut
1056 2236 1111 2294 qur
1101 2213 1179 2273 tibi
1195 2236 1259 2277 ma..
1315 2219 1335 2257 ’-

79 2290 169 2360 xime
186 2299 376 2372 diffiderent,
402 2311 435 2357 tu
454 2298 537 2358 solus
562 2300 669 2359 solite
693 2299 877 2359 naviculario
903 2320 1010 2357 aurum
1034 2299 1154 2359 dedisse
1172 2290 1259 2376 dicis,

27 2387 33 2393 ’
72 2384 226 2467 ,quamvis
235 2383 339 2456 scires,
352 2381 508 2455 Athenis
497 2397 601 2443 contra
611 2396 642 2444 te
655 2384 834 2475 repositam
829 2404 895 2443 esse
905 2383 1106 2482 syngrapham
1118 2405 1186 2444 cum
1191 2384 1258 2445 hoc
1274 2436 1290 2453 ,.
1349 2405 1355 2416 ’

18 2530 24 2539 ,
80 2469 202 2531 factam.
220 2469 312 2541 Dicit,
322 2469 530 2552 syngrapham
548 2468 665 2569 iubere,
682 2491 758 2528 nave
777 2458 920 2548 perducta
938 2467 1084 2528 incolumi
1096 2487 1128 2528 se
1144 2469 1256 2529 debere

81 2554 275 2656 pecuniam..
288 2553 415 2613 Etiam
405 2576 438 2612 m
454 2576 562 2614 navem
580 2553 738 2634 imponere
756 2567 790 2614 te
804 2570 921 2614 merces
937 2552 1039 2613 iubet:
1058 2544 1142 2633 qnod
1159 2576 1193 2612 nr
1184 2553 1256 2615 fe-

83 2641 174 2713 ceris,
185 2638 356 2719 quinquies
375 2637 460 2698 mille
478 2639 633 2699 drachmas
652 2638 777 2700 solvere
807 2639 855 2698 Tu
874 2659 946 2699 vero
965 2635 1047 2697 illam
1065 2638 1321 2738 syngraphae

83 2737 203 2808 partem
220 2732 285 2784 no'u
311 2723 516 2804 amplecteris:
542 2722 641 2785 sed
615 2746 649 2791 aa
673 2724 775 2784 statim
798 2723 923 2797 violata,
951 2735 982 2782 et
998 2721 1090 2782 rebus
1108 2723 1174 2784 ab
1164 2722 1254 2783 mitio

84 2820 152 2871 non
165 2809 329 2890 impositis,
346 2830 447 2870 unum
459 2809 648 2894 syngraphae
667 2809 793 2869 verbum
811 2807 968 2881 cavillaris,
986 2806 1080 2887 idque
1099 2829 1168 2868 cnm
1188 2810 1287 2868 eam

83 2897 151 2976 ipse
167 2895 334 2956 sustuleris
378 2895 441 2970 Qui
459 2917 527 2955 cum
545 2894 675 2974 Bospori
692 2907 723 2955 te
750 2913 813 2953 non
839 2914 953 2954 merces
972 2890 1171 2992 imposuisse,
1199 2892 1254 2955 sed

36 3006 39 3011 ·
82 2997 191 3040 aurum
207 2979 394 3042 naviculario
414 2980 533 3040 dedisse
553 2980 651 3039 dicas:
643 2979 742 3060 quid
760 3000 853 3058 porro
873 2979 910 3038 de
928 3000 997 3036 navt
988 2976 1173 3058 disputas?
1190 2978 1254 3038 Ne-

25 3090 28 3095 ·
83 3087 144 3146 que
163 3064 349 3127 enimfuisti
366 3065 493 3145 periculi
511 3064 678 3145 particeps,
704 3087 772 3124 cum
791 3063 902 3123 nihil
894 3063 1083 3162 imposueris.
1126 3063 1184 3123 Ac
1190 3062 1253 3144 pri·

10 3189 13 3192 -
66 3173 185 3225 mum,
208 3150 430 3223 Athenienses,
451 3149 669 3213 causamhanc
687 3148 830 3228 arripuit,
857 3171 944 3227 quast
961 3170 1077 3209 merces
1096 3149 1252 3210 innurem
1351 3165 1353 3169 ·

83 3232 288 3317 imposuisset
331 3235 411 3309 Quia
429 3255 501 3295 vcro
520 3235 552 3293 id
578 3233 769 3294 mendacium
795 3230 986 3297 multifariam
1013 3254 1103 3314 posse
1129 3230 1256 3316 coargui

25 3392 29 3399 ι
63 3321 296 3402 praevidebat,
320 3332 384 3380 tum
403 3320 602 3400 inscriptione
617 3320 803 3400 portitorum
821 3319 969 3398 Bospori,
988 3331 1053 3378 tum
1071 3318 1148 3381 ab'’
1126 3341 1181 3393 us,
1200 3317 1253 3398 qui
1328 3392 1331 3396 ἱ

17 3400 37 3421 ’“
85 3407 351 3504 codemtempore
371 3405 402 3464 in
420 3417 553 3465 mercatu
571 3405 705 3465 fuerant:
724 3416 838 3483 mutata
855 3403 1006 3477 sententia
1024 3426 1092 3463 cum
1107 3402 1252 3483 Lampide

19 3531 24 3537 =
84 3491 250 3571 conspirat,
269 3490 358 3568 eique
377 3512 409 3549 se
427 3512 533 3549 aurum
551 3489 720 3550 reddidisse
739 3489 828 3560 dicit,
847 3509 885 3549 eo
904 3488 999 3562 veluti
1017 3487 1132 3548 viatico
1146 3487 1254 3561 fretus,
1298 3537 1304 3545 .

46 3632 54 3641 .
84 3577 196 3658 quod
187 3588 230 3635 rta
248 3575 314 3634 lieri
332 3575 502 3658 syngrapha
521 3574 657 3635 iuberet:
679 3565 867 3635 soreautem
882 3578 945 3633 non
963 3587 1088 3674 putans,
1113 3586 1148 3634 ut
1166 3571 1253 3637 vobis
1316 3607 1321 3612 ·

83 3674 263 3745 argumenta
281 3673 478 3741 suppeterent
495 3662 532 3721 ad
551 3680 594 3733 ea,
613 3682 690 3741 quae
708 3657 793 3720 soli'
784 3659 848 3740 rpsi
856 3660 938 3719 inter
953 3680 987 3735 se
1000 3659 1150 3741 egissent,
1168 3670 1253 3719 coar-

84 3748 214 3830 guenda.
257 3742 304 3804 Ac
319 3746 449 3826 Lampis,
468 3767 544 3825 quae
563 3746 653 3818 dixit,
670 3745 845 3826 priusquam
862 3744 927 3805 ab'
918 3758 978 3805 usto
998 3748 1253 3842 corrumperetur,
1296 3775 1298 3779 .

83 3832 214 3893 alienata
233 3844 336 3891 mente
354 3853 393 3891 se
405 3830 531 3904 dixisse,
557 3844 716 3911 postquam
741 3843 848 3893 autem
867 3853 968 3891 meum
993 3852 1099 3893 aurum
1104 3828 1252 3910 partitus
1347 3875 1350 3879 .

85 3931 142 3991 est,
161 3909 226 3978 tum
246 3917 326 3997 apud
344 3939 376 3977 se
394 3916 499 3976 luisse
488 3917 564 3988 ait,
584 3928 614 3975 et
631 3916 702 3976 satis
721 3915 894 3977 meminisse
914 3916 1023 3976 omnia.
1067 3914 1186 3990 Quodsi
1204 3930 1252 3973 nte

82 4024 192 4085 unum,
211 4003 346 4075 ludices,
363 4000 481 4100 Lampia
501 4001 722 4076 contemsisset
739 4023 803 4061 non
820 4002 961 4062 mirarer·
979 4022 1061 4061 nunc
1079 4001 1137 4060 hoc
1156 3998 1253 4075 multo

81 4089 237 4148 atrociora
255 4086 449 4170 designavit
441 4109 472 4145 ιιι
490 4108 605 4146 omnes.
623 4086 715 4147 Facto
735 4087 815 4147 enim
815 4086 1003 4146 aParisade
1018 4084 1148 4166 Bospori
1166 4105 1252 4165 prae-

15 4226 18 4231 ,
83 4174 188 4246 conio,
210 4171 322 4272 siquis
340 4173 432 4232 vellet
439 4171 611 4233 Athenas
602 4194 634 4232 ιιι
652 4170 788 4232 Atticum
806 4186 971 4232 mercatum
988 4171 1099 4231 vehere
1118 4171 1254 4235 frumen-

82 4273 161 4334 tum,
178 4264 215 4318 u't
234 4257 375 4318 immunis
393 4258 579 4318 frumentum
591 4257 770 4319 inveheret:
787 4257 907 4337 Lampis
925 4268 991 4316 tum
1001 4255 1133 4339 Bospori
1151 4277 1254 4338 agens,

74 4342 300 4426 exportatione
317 4342 462 4406 frumenti
480 4355 512 4404 et
525 4342 717 4428 immunitate
741 4343 824 4405 urbis
841 4341 966 4417 nomine
983 4354 1122 4424 accepta,
1146 4360 1253 4402 navem
1319 4397 1321 4401 .

737 4478 758 4506 ἱ
