2722 4754
257 264 260 281 ι
355 206 368 219 ,
425 160 911 283 ιιιιιιιιοιιιιιιι
923 138 1299 283 ·-ιιι’-”

55 358 102 429 ,ιιι
119 342 258 420 ferrum,
272 347 356 408 unde
373 301 574 421 fabricabant,
601 359 631 408 et
648 303 778 431 ligneam
797 347 951 411 materiam
969 348 1006 415 ed
1024 347 1135 422 lectos,
1153 342 1257 428 pretii

71 431 197 492 circiter
224 433 396 518 octoginta
406 431 570 491 minarum:
605 433 712 514 gallam
739 414 895 513 ιιιιιιιιιι
923 446 954 494 et
983 454 1032 492 aes
1051 430 1261 515 septuaginta

70 517 163 577 minis
184 530 279 578 emta:
299 529 464 597 praetcrea
482 518 606 576 domum
624 519 716 580 trium
733 518 871 576 millium
890 518 1123 578 drachmarum:
1139 517 1245 598 supel-
1294 540 1299 550 ·

70 602 187 663 lectilia
204 623 309 683 porro,
328 602 444 675 calices,
464 622 552 661 aurea
569 623 657 675 vasa,
673 614 789 674 vestes,
807 604 955 662 mundum
973 603 1088 676 matris,
1106 596 1255 711 uni'tersa'

72 688 178 770 pretii
190 688 291 748 decies
317 687 399 746 mille
424 687 646 746 drachmarum:
682 686 800 770 argenti
825 687 908 746 domi
931 689 1057 766 repositi
1089 682 1256 770 o'cto'gintu¹
1324 727 1334 739 ι

52 768 181 833 minas.
207 773 249 831 Et
266 771 340 833 haec
358 771 450 831 domi
446 772 584 851 reliquit
602 771 709 832 omnia
737 775 797 830 lam
816 771 923 830 Xutho
941 773 1131 854 septuaginta
1150 773 1246 832 urinas

39 881 41 885 ⁴
76 857 225 941 pecuniae
243 856 355 916 navalis
381 857 528 916 elocarat:
552 852 786 939 quadringentas
811 868 842 915 et
866 838 911 916 bis
935 855 1017 914 mille
1037 857 1191 917 drachmas
1210 857 1248 917 ad
1279 926 1283 931 ¹

77 942 230 1044 Ppsioni's,
248 943 295 1000 ad
302 941 348 1027 Ρι
348 940 433 1001 ledae
451 961 586 1000 mensam
604 955 759 1002 sexcentas
780 942 914 1015 dederat,
931 940 1114 1019 Delltomeli,
1132 937 1248 1001 Demo

78 1028 123 1088 uis
140 1028 225 1100 filio,
235 1024 325 1086 mille
343 1038 513 1086 sexcentas:
519 1026 667 1095 ducenae
685 1046 778 1108 porro
798 1038 829 1085 et
845 1038 986 1087 trecenae
1005 1012 1164 1084 drachmae
1182 1025 1248 1084 aliis
1268 1090 1269 1093 ι

77 1112 162 1172 datae
189 1123 297 1171 mutuo
323 1110 416 1175 simul
436 1080 583 1170 talentum
608 1111 672 1172 lere
697 1109 869 1172 conficiunt
912 1111 978 1170 Hae
1003 1109 1162 1209 pecuniae·
1178 1120 1269 1170 octo'

79 1198 227 1258 talentum
247 1209 283 1268 ‚et
306 1195 430 1277 triginta
462 1196 612 1256 minarum
644 1214 790 1258 summam
813 1197 980 1273 ¹encedunt.
1017 1196 1077 1254 Sed
1099 1195 1249 1254 ‘universa

79 1275 151 1342 haec
169 1281 208 1340 ad
219 1280 456 1378 quatuordecim
473 1281 571 1340 facere
589 1281 718 1362 talenta,
741 1281 859 1341 ratione
877 1279 951 1340 inita
962 1279 1135 1360 reperietis.
1154 1281 1251 1338 ΙΤιιι-

83 1379 152 1426 tum
164 1364 262 1447 igitur
278 1363 353 1424 mihi
369 1365 584 1444 patrimonium
602 1364 742 1425 relictum
753 1355 828 1437 fuit,
845 1366 985 1425 ludices.
979 1362 1160 1438 Quantum
1176 1376 1250 1423 vero

83 1451 158 1511 lueto
177 1451 218 1510 sit
237 1449 308 1508 inde
333 1448 501 1522 sublatum,
537 1463 567 1510 et
592 1463 754 1530 quantum
758 1449 807 1510 vel
824 1440 952 1510 seorsim
969 1449 1081 1531 singuli
1105 1448 1252 1530 ceperint,
1271 1490 1293 1502 ,ι

82 1535 123 1596 uel
136 1534 344 1599 communiter
357 1555 462 1594 omnes
476 1533 689 1609 descenderint,
709 1535 770 1596 dati
781 1535 870 1594 nohis
883 1537 930 1596 ad
935 1535 1012 1596 hanc
1026 1546 1143 1594 causam
1157 1546 1251 1639 agen-

23 1688 30 1695 ,
82 1620 145 1681 dam
163 1619 313 1700 temporis
332 1619 478 1702 angustiis
497 1616 658 1694 excludor,
678 1641 740 1701 quo
757 1622 858 1681 minus
877 1642 959 1682 nunc
979 1640 1169 1681 enumerem:
1198 1619 1252 1678 s'ed

78 1724 205 1766 necesse
225 1718 287 1778 est,
313 1717 348 1763 ut
365 1704 484 1786 singula
508 1704 666 1785 separatim
693 1707 899 1767 distribuatu-
896 1705 1065 1779 Proinde,
1084 1725 1171 1785 ·quae
1186 1712 1252 1763 mea

32 1789 265 1872 Demophon
284 1802 314 1848 et
326 1789 540 1869 Therippides-
545 1790 684 1864 habeant,
701 1800 775 1852 tunc
793 1791 914 1851 dicendi
932 1792 1018 1874 locus
1036 1790 1166 1864 dabitur,
1185 1796 1258 1848 tum

75 1876 188 1934 cosin
211 1874 356 1934 iudicium
382 1876 581 1934 adducemus.
607 1896 683 1955 quae
709 1896 781 1936 vero
800 1877 891 1935 istum
918 1877 963 1935 illi
987 1862 1099 1934 hahere
1125 1886 1254 1935 conten·
1327 1896 1331 1903 ·

69 1961 174 2021 dunt
187 1971 218 2019 et
243 1980 300 2043 ego
326 1958 477 2038 accepisse·
501 1960 582 2039 scio,
617 1962 653 2018 de
681 1961 764 2020 his
754 1982 813 2019 ram
839 1962 935 2042 apud
945 1975 1000 2020 vos
1024 1960 1116 2020 'verba
1139 1950 1255 2019 faciam.

57 2043 124 2102 Ac
142 2044 297 2125 primum
296 2046 469 2116 ostendam,
489 2064 557 2102 eum
576 2044 695 2117 dotem,
715 2042 871 2126 octoginta
889 2044 996 2118 minas,
1015 2044 1145 2117 haltere,
1161 2057 1195 2104 et
1212 2043 1255 2117 sic

58 2128 226 2210 deinceps
244 2116 359 2208 reliqua
378 2128 524 2208 probabo,
542 2150 631 2207 quam
650 2129 827 2189 brevissime
843 2143 959 2210 potero.
988 2131 1049 2188 Iste
1067 2129 1180 2188 statim
1186 2136 1258 2208 post

57 2213 214 2297 patris
203 2212 320 2273 obitum
345 2235 382 2272 ex
407 2226 588 2285 testamento
615 2213 688 2272 eius
698 2216 736 2273 in
761 2213 886 2273 aedibus
912 2212 1046 2273 habitare
1072 2213 1190 2294 coepit,
1216 2224 1257 2284 et,
1344 2270 1347 2274 .

56 2297 211 2396 quod·
185 2299 254 2357 auri
271 2311 367 2357 mater
383 2297 530 2370 habebat,
554 2312 585 2359 et
601 2299 705 2358 relicti
731 2299 843 2398 pocula
865 2298 981 2397 accepit
998 2298 1105 2380 (quae
1102 2301 1147 2356 ad
1167 2297 1257 2377 qnin'·

24 2382 229 2464 quaginta
247 2382 341 2442 minas
360 2380 548 2465 valuerunt):
567 2383 676 2442 deinde
693 2382 825 2464 pretium
843 2382 1075 2462 mancipiorum,
1094 2403 1258 2461 quaeven-
1287 2386 1305 2440 5

33 2468 37 2473 ’
60 2467 247 2568 debentur,
266 2480 296 2526 et
314 2490 330 2527 a
348 2467 532 2547 Therippide
551 2480 582 2526 et
599 2469 816 2548 Demophonte
834 2467 973 2547 accepit,
971 2467 1078 2527 donec
1097 2467 1152 2525 dos
1171 2478 1257 2526 octo-

61 2553 169 2643 ginta
186 2553 337 2610 minarum
356 2553 572 2650 compleretuu
610 2553 696 2626 Quae
715 2574 782 2612 cum
801 2551 936 2624 haberet,
954 2546 1130 2634 Corcyram
1136 2550 1268 2646 navigata

63 2635 192 2709 turus,
217 2637 333 2696 triremi
351 2637 572 2717 praefectus',
563 2658 594 2694 ιιι
613 2636 738 2696 tabulas
755 2637 860 2696 retulit
877 2635 1081 2715 Therippidae
1101 2637 1200 2709 datas,
1223 2656 1257 2695 ea

80 2741 120 2783 se
137 2720 265 2793 habere,
290 2743 323 2779 ac
350 2722 452 2780 dotem
476 2721 611 2801 exegisse
638 2723 794 2781 confessus
814 2733 866 2779 est.
902 2720 1017 2779 Harum
1040 2730 1142 2794 rerum
1165 2714 1257 2779 testes
1303 2790 1305 2794 Ι

89 2802 174 2866 suut
185 2806 314 2885 primum
339 2804 521 2885 Demophon
550 2818 580 2865 et
597 2804 813 2886 Therippides,
839 2816 1015 2864 contutores
1042 2805 1122 2864 eius:
1147 2802 1285 2863 ἆιίιιᾶι’

90 2891 188 2989 ipsum
206 2910 273 2975 esse
292 2891 474 2962 confessum,
493 2911 526 2949 ea
545 2911 577 2948 se
595 2890 717 2963 habere,
737 2904 801 2949 tuuc
820 2885 1025 2949 Demochares
1043 2869 1260 2960 Leuconcnsist
1282 2958 1285 2970 ι

90 2974 197 3034 amitae
215 2970 298 3043 meac
318 2974 456 3045 maritus,
475 2987 539 3055 tum
558 2975 609 3033 alii
628 2976 797 3055 complures
815 2973 975 3034 testificati
987 2987 1064 3034 sunt.
1097 2974 1172 3034 Nam
1192 2982 1260 3033 enm

90 3059 139 3119 hic
157 3060 299 3119 alimenta
318 3059 405 3118 matri
429 3080 491 3117 non
509 3059 686 3138 praeberet,
711 3059 847 3139 quamvis
873 3061 976 3119 dotem
995 3058 1135 3132 haberet,
1157 3060 1266 3138 neque·

94 3145 216 3204 domum
235 3145 321 3203 loris
327 3138 425 3204 locare
443 3143 544 3215 vellet,
563 3145 626 3218 scd,
644 3157 680 3204 ut
697 3167 754 3204 suo
770 3159 800 3204 et
819 3157 1007 3218 caeterorum
1026 3156 1162 3204 tutorum
1181 3143 1260 3204 arbi
1288 3193 1294 3216 ,ι

93 3228 150 3288 trio
169 3229 408 3312 permitteretur,
426 3229 608 3308 postularet:
626 3228 709 3301 hisce
728 3230 873 3289 derebus
892 3228 983 3289 verba
1001 3228 1074 3289 lecit
1090 3228 1261 3289 Democha-

94 3333 146 3373 res,
190 3314 339 3389 Quibus
330 3335 395 3393 1pse
414 3312 523 3372 auditis
542 3334 642 3413 neque
661 3335 694 3373 se
712 3314 823 3373 habere
841 3312 952 3373 infitias
971 3314 1048 3387 ibat,
1075 3304 1279 3395 neque=gra-,¹
1336 3334 1339 3339 ·

96 3399 169 3459 viter
186 3398 314 3479 ferebat,
333 3398 428 3477 quasi
436 3419 499 3457 non
517 3399 695 3498 accepisset:
713 3401 765 3458 sed
786 3398 1012 3496 confitebatur,
1015 3419 1048 3457 ac
1066 3399 1170 3459 nescio
1190 3397 1264 3476 quid

98 3503 125 3543 se
149 3506 219 3543 cnm
238 3496 333 3542 matre
360 3483 475 3541 habere
495 3484 727 3544 controversiae
745 3487 781 3544 dc
801 3483 916 3571 aureis
925 3483 1111 3542 ornamentis
1130 3482 1264 3557 dicebat:
1336 3522 1339 3528 »

98 3589 151 3648 qna
169 3568 320 3649 expedita,
338 3569 421 3627 sede
437 3568 587 3628 alimentis
608 3581 638 3627 et
656 3570 779 3629 caeteris
795 3570 831 3628 de
850 3540 940 3628 rebus
959 3589 1024 3628 eam
1039 3569 1192 3628 rationem
1206 3565 1266 3637 in'if
1315 3638 1321 3645 ι

97 3665 195 3737 turum
214 3653 430 3734 pollicebatur,
458 3666 494 3713 ut
511 3653 586 3712 mihi
604 3654 754 3714 cumulate
776 3653 941 3713 satisfieret
976 3651 1116 3734 Atqui
1092 3676 1117 3713 ει
1136 3665 1264 3726 constat,

32 3783 51 3791 -
99 3757 162 3798 enm
181 3739 263 3819 apud
282 3736 507 3798 Democharem
519 3738 592 3797 haec
611 3759 676 3797 esse
702 3740 875 3798 confessum
894 3752 924 3798 et
941 3740 1021 3821 apud
1039 3738 1192 3819 reliquos,
1212 3737 1264 3838 qui

97 3833 158 3882 tum
183 3824 325 3894 aderaut,
359 3818 389 3880 et
414 3844 429 3880 a
453 3823 684 3902 Demophonte
701 3836 790 3904 atque
815 3822 1000 3905 Therippide
1030 3824 1126 3906 pretia
1151 3822 1265 3893 manci·
1290 3874 1292 3879 .

97 3909 233 4006 piorum,
261 3927 348 3967 causa
367 3907 562 3987 complendae
582 3908 679 3981 dotis,
698 3908 864 3990 accepisse,
883 3921 914 3970 et
932 3909 1035 3972 dotem
1054 3930 1086 3968 se
1104 3908 1216 3968 habc're
1235 3918 1266 3968 et

97 3991 126 4053 in
145 3994 332 4075 collegarum
357 3991 473 4052 tabulas
499 3993 658 4069 retulisse,
684 4006 730 4068 et,
756 4016 824 4055 cum
849 3993 979 4073 primum
1003 3996 1103 4074 pater
1111 3990 1243 4066 obiit,
1233 4012 1269 4051 ιιι.

96 4079 220 4138 aedibus
247 4077 419 4137 habitasse:
446 4092 548 4138 nonne
565 4079 602 4138 ab
628 4079 714 4141 omui
733 4091 818 4159 parte
841 4079 942 4138 resin
969 4079 1107 4141 confesso
1128 4090 1187 4152 ιιι,
1212 4096 1269 4163 ιιι

95 4161 216 4261 lamque
235 4161 493 4260 deprehenditur,
514 4172 582 4223 euln
601 4165 703 4223 dotem
712 4163 896 4246 ,octoginta
912 4160 1023 4237 minas
1017 4152 1210 4246 ffeccepisse,
1235 4172 1266 4221 et

95 4245 127 4308 id
144 4270 230 4308 nunc
256 4240 367 4319 lactum
392 4246 482 4307 nimis
500 4248 693 4349 impudenter
716 4249 903 4332 pernegare?
938 4249 980 4313 Ut
996 4205 1105 4310 ιιιιιιιι
1130 4252 1179 4309 rh'e
1196 4266 1267 4311 vera

97 4333 198 4405 dicere
217 4346 377 4451 appareat,
389 4340 468 4414 ca'pe
485 4334 669 4402 testimonia·
677 4346 709 4393 et
725 4335 858 4419 lege.
1084 4358 1086 4363 ·
1181 4362 1184 4366 *

1013 4424 1126 4515 ιι
1212 4485 1247 4533 ,Γ
1293 4402 1307 4520 j
