2722 4754
72 184 200 250 atro
323 217 326 225 s
419 143 783 252 ranosindum
820 187 1011 258 onemo

1197 312 1201 337 l

74 409 78 415 ,
133 344 219 406 ‘solus
237 345 296 405 soli
313 341 512 402 reddidisset:
524 360 599 414 eos,
619 343 672 422 qni
687 343 781 424 pactis
799 357 831 404 et
848 343 1005 403 conventis
1024 342 1238 416 interfuerant,
1256 355 1313 401 te-.

36 429 51 449 “
136 443 197 491 stes
216 442 319 489 eontra
339 448 377 486 se
388 424 531 505 tanquam
550 426 719 487 debitorem
735 427 916 508 reliquisset
941 428 1056 488 Nunc'
1047 429 1142 511 rgitur
1160 447 1304 489 necessa·

134 515 189 576 riis
207 514 284 586 suis,
303 511 384 585 viris,
403 533 492 590 quam
510 512 577 592 ipsi
585 515 671 586 sunt,
684 513 877 586 melioribus,
902 514 1085 594 persuadere
1104 517 1170 574 non
1188 524 1304 593 potue-

93 616 96 622 ·
134 612 216 676 runt,
233 611 269 658 ut
287 597 404 656 dotem
402 617 473 657 esse
491 597 638 657 redditam
656 619 712 678 pro
729 599 906 658 testimonio
925 591 1067 659 dicerent
1084 599 1139 658 Sin
1158 597 1249 657 alios
1257 609 1303 656 te
1351 635 1355 643 ι

134 697 196 744 stes
220 679 405 743 adducerent
429 703 541 763 genere
569 703 631 741 non
660 682 855 743 coniunctos·
888 703 942 743 vos
968 684 1011 743 eis
1035 704 1101 744 esse
1120 683 1304 744 credituros

35 769 38 774 ’
69 788 72 791 ·
133 789 197 828 ιιοιι
215 766 368 854 putabant.
408 766 462 826 Sin
480 766 650 826 universam
674 767 763 826 simul
787 768 889 827 dotem
907 788 940 826 se
959 768 1132 834 reddidisse
1151 768 1304 838 dicerent,
1354 782 1356 787 ’

113 853 160 913 ‘si
173 873 288 926 servos,
306 874 358 931 qur
350 851 608 930 pertulissent,
598 873 630 910 ιιι
629 852 852 952 ¹‘quaestionem
867 852 1066 954 postulatqs,
1062 853 1223 914 solutione
1237 872 1303 911 non
1344 898 1346 902 .

131 939 219 1012 sacta,
238 939 349 998 dedere
367 936 499 996 nollent:
517 935 613 1016 palam
629 928 725 996 'fore
716 950 919 1018 imposturam.
933 938 1018 997 Sin
1009 938 1068 1018 ipsi
1085 959 1117 997 se
1135 938 1224 998 solos
1242 935 1303 997 soli
1337 1008 1340 1013 ¹

75 1081 80 1089 s
130 1023 178 1094 illi
196 1023 314 1083 dedisse
334 1021 485 1081 dicerent.
510 1020 612 1080 fucum
641 1022 704 1103 tegi
720 1043 810 1102 posse
828 1022 994 1102 sperabant.
1037 1023 1140 1098 Quare
1159 1023 1198 1082 ad
1217 1022 1301 1092 bunc

126 1109 256 1169 mentiri
273 1107 398 1166 modum
416 1105 586 1165 necessario
605 1106 776 1167 voluerunt
793 1107 917 1167 Talibus
935 1107 1054 1167 technis
1073 1121 1104 1167 et
1122 1105 1301 1168 calliditati-

132 1193 224 1253 bus
208 1215 240 1253 se
258 1190 396 1251 homines
420 1190 570 1271 simplices
596 1184 749 1270 perhiberi
774 1193 945 1273 postulant,
962 1196 1065 1293 eique
1080 1192 1239 1293 'opinione
1254 1190 1300 1250 sa·
1334 1255 1337 1260 ,

132 1277 189 1337 cile
208 1299 263 1338 vos
282 1300 297 1336 a
316 1297 347 1335 se
359 1266 455 1356 posse
481 1274 580 1355 decipi
597 1289 733 1364 sperant:
760 1297 828 1336 cum
846 1298 903 1336 nec
929 1278 1060 1336 minimis
1079 1278 1109 1336 in
1130 1275 1298 1336 contracti-

93 1375 104 1397 ‘
129 1362 188 1421 ltus
207 1383 271 1422 esse
290 1360 490 1442 negligentes,
507 1361 572 1432 sed,
591 1373 700 1443 quanta
719 1361 843 1421 maxima
860 1361 926 1421 fieri
943 1374 1055 1447 pptest,
1071 1363 1117 1421 uti
1137 1360 1300 1443 diligentia

97 1519 101 1524 ι
132 1446 256 1507 soleant
292 1443 372 1525 Cape
390 1445 573 1519 testimonia,
591 1466 691 1505 coram
710 1444 832 1524 quibus
836 1423 1061 1565 responderint,
1079 1459 1110 1505 et
1126 1446 1224 1506 recita
1244 1443 1298 1504 his

477 1575 894 1641 ἰιιιιιιιοιιιι
969 1642 972 1646 ,

125 1696 131 1716 ‘
192 1693 317 1781 Agite
325 1719 413 1771 vero,
432 1699 568 1771 ludices,
586 1699 744 1758 mulierem
761 1699 848 1759 uobis
868 1701 956 1759 etiam
976 1669 1132 1768 ostendam
1152 1656 1297 1759 simulare

74 1781 77 1791 '
130 1770 304 1856 divortium,
323 1806 391 1842 cum
405 1804 509 1843 revera
525 1784 565 1842 sit
576 1782 700 1864 Aphohi
716 1784 944 1845 materfamilias
961 1785 1107 1845 Existimo
1127 1783 1223 1855 enim,
1241 1781 1297 1841 ubi

39 1922 43 1924 ,
129 1865 188 1927 boc
207 1879 290 1944 certo
310 1868 539 1968 cognoveritis,
546 1889 600 1926 vos
618 1868 683 1928 istis
703 1882 733 1928 et
751 1869 782 1928 in
802 1866 931 1949 caeteris
945 1869 1043 1928 minus
1062 1870 1247 1939 credituros,
1265 1879 1299 1925 et

27 2016 31 2022 ⁴
127 1952 203 2021 mibi
219 1936 357 2012 affecto
347 1953 457 2012 rniuria
476 1953 539 2011 ad
530 1974 576 2011 ms
595 1974 695 2036 meum
722 1953 919 2013 obtinendum
938 1954 1004 2012 sore
1022 1954 1185 2013 adiutores.
1221 1950 1297 2010 Par-

104 2038 183 2099 ,ιίιιι
201 2051 301 2097 autem
318 2049 411 2099 testes
436 2034 597 2108 adducam,
624 2037 731 2116 partim
750 2059 856 2119 magna
873 2038 958 2119 signa
978 2051 1008 2097 et
1025 2052 1200 2137 argumenta
1218 2036 1296 2096 satis
1325 2113 1331 2119 ι

22 2123 30 2127 ’
127 2122 212 2180 firma
231 2123 395 2186 ostendam.
412 2123 489 2203 Ego,
507 2121 634 2194 ludices,
651 2135 809 2201 postquam
829 2122 860 2181 in
879 2122 979 2182 album
997 2123 1145 2210 praetoris
1160 2121 1294 2182 relatum

16 2241 22 2257 ι
69 2214 108 2271 39
126 2205 234 2279 fuerat,
250 2206 409 2268 mulierem
427 2206 535 2266 fecisse
552 2206 727 2289 divortium,
745 2219 774 2266 et
787 2206 907 2266 Onetor
918 2205 1042 2280 dixerat,
1060 2208 1118 2268 sibi
1133 2205 1296 2288 praedium

86 2292 202 2375 „illud
221 2291 261 2350 ob
280 2292 383 2353 dotem
409 2292 479 2372 oppi
503 2305 639 2351 neratum
659 2312 742 2363 esse,
769 2314 837 2351 cum
856 2293 989 2352 viderem
1007 2292 1173 2372 Aphobum
1192 2289 1296 2349 nihilo

59 2391 62 2394 ’
126 2376 225 2438 miuus
253 2390 358 2437 tenere
386 2388 417 2436 et
441 2313 540 2436 coiere
559 2397 680 2459 argum,
707 2388 738 2435 et
755 2377 1007 2437 consuetudinem
1033 2374 1220 2437 matrimonii
1240 2374 1296 2434 ba-

48 2514 56 2525 ,,
125 2461 198 2527 bere
217 2483 285 2527 cum
303 2461 444 2530 muliere:
463 2461 533 2520 satis
551 2461 692 2533 sciebam,
708 2460 799 2521 verba
819 2482 883 2521 esse
902 2461 952 2521 illa
971 2464 1007 2523 ad
1025 2481 1089 2521 rem
1107 2461 1295 2521 eludendam

126 2547 300 2628 excogitata.
318 2547 405 2621 Quae
422 2559 458 2605 ut
474 2545 560 2606 vobis
574 2546 720 2606 omnibus
738 2546 895 2605 evidenter
913 2549 1115 2623 ostenderem,
1132 2546 1295 2627 professus

125 2653 202 2705 sum,
220 2651 268 2690 me
287 2631 496 2700 convicturum
516 2652 580 2691 esse
600 2653 669 2690 eum
688 2652 788 2690 coram
805 2632 952 2703 testibus,
970 2632 1008 2691 si
1014 2652 1048 2691 ea
1067 2631 1107 2690 ita
1125 2652 1157 2691 se
1177 2625 1306 2690 babere

124 2729 259 2798 negaret,
278 2728 308 2775 et
326 2737 444 2776 servum
463 2716 500 2775 ad
517 2716 711 2795 quaestiones
730 2714 842 2788 obtuli,
862 2737 915 2795 qur
906 2716 1019 2800 plane
1037 2700 1152 2776 sciebat
1171 2715 1294 2781 omnia.

15 2816 22 2825 “
124 2821 232 2881 quern,
260 2780 343 2880 quod
361 2801 488 2881 pecunia
506 2802 543 2859 ad
570 2798 648 2861 dieto
674 2797 772 2860 soluta
791 2822 853 2859 non
873 2814 952 2872 erat,
981 2823 1016 2860 ex
1034 2800 1158 2880 Aphobi
1176 2797 1293 2860 familia
1325 2804 1328 2808 ’

24 2905 35 2920 ·
124 2906 270 2966 ceperam.
313 2886 399 2960 Quae
419 2907 488 2944 cum
506 2907 563 2967 ego
589 2885 803 2965 postulassem:
827 2886 886 2945 iste
904 2885 1096 2965 quaestiones
1117 2887 1154 2945 de
1174 2883 1290 2947 sororis

123 2993 192 3031 cum
210 2969 344 3050 Aphobo
366 2971 590 3058 consuetudine
616 2970 816 3042 detrectabat,
842 2969 928 3029 illum
953 2990 1026 3030 vero
1052 2969 1153 3031 colere
1173 2990 1289 3052 agnam,

123 3055 194 3136 quia
212 3055 435 3115 manifestares
454 3068 533 3128 erat,
537 3075 662 3154 ‘negare
681 3076 743 3114 non
761 3067 895 3135 poterat,
914 3056 968 3114 sed
985 3052 1143 3115 fatebatur.
1171 3053 1287 3154 Neque

122 3160 194 3200 vcro
210 3161 252 3198 ex
269 3139 315 3198 his
333 3139 432 3200 solum
455 3139 580 3222 cognitu
603 3139 778 3199 facillimum
797 3151 876 3212 erat,
904 3161 973 3199 eum
993 3153 1023 3198 et
1040 3140 1073 3197 in
1091 3137 1288 3215 matrimonio

87 3298 90 3305 Δ
122 3224 235 3286 habere
253 3224 410 3284 mulierem
424 3236 455 3283 et
467 3225 621 3304 praedium
636 3224 806 3305 possedisse
820 3223 927 3297 adhuc,
945 3224 1121 3305 priusquam
1138 3208 1288 3282 iudieium

29 3310 37 3374 ζ
117 3309 231 3370 'sactum
251 3322 345 3368 esset:
372 3310 426 3369 sed
445 3330 480 3368 ex
497 3309 533 3368 iis
552 3309 658 3381 etiam,
687 3330 763 3388 quae
781 3309 915 3368 iudicum
941 3309 1101 3368 sententiis
1128 3309 1285 3378 damnatus

119 3391 200 3454 feeit.
218 3396 373 3475 Tanquam
393 3393 471 3453 enim
490 3413 553 3452 non
572 3392 611 3453 ob
630 3394 732 3454 dotem
748 3393 996 3475 oppignerasset,
1014 3395 1068 3453 sed
1085 3407 1262 3472 tanquam
1248 3411 1289 3452 ex

74 3532 79 3541 ,
102 3479 254 3554 *iudicato
273 3499 339 3539 mea
353 3479 454 3538 sutura
469 3492 579 3551 essent,
589 3477 644 3550 iis,
663 3477 764 3537 ellerri
782 3498 860 3577 quae
872 3491 1023 3556 poterant,
1039 3478 1183 3557 abreptis,
1200 3463 1288 3548 abiit,
1350 3541 1359 3550 ,

120 3564 329 3656 utsrugibus,
347 3575 383 3623 ut
399 3564 603 3627 instrumento
623 3563 706 3622 omni
723 3562 854 3662 rustico,
873 3563 1004 3643 exceptis
1024 3563 1154 3623 doliolis
1190 3560 1287 3636 Quod

11 3678 16 3687 ’
118 3668 192 3708 vero
211 3635 329 3707 auferri
341 3669 404 3707 non
420 3649 532 3727 potuit,
549 3661 670 3720 terram,
688 3648 858 3708 necessario
875 3647 1009 3733 reliquit,
1026 3660 1062 3706 ut
1075 3647 1126 3707 isti
1144 3668 1229 3706 nuuc
1248 3646 1287 3704 de

15 3745 17 3750 '
118 3733 185 3814 ipso
203 3729 299 3792 fundo
318 3732 553 3792 controversiam
571 3732 669 3804 facere
687 3732 782 3792 liceat.
815 3731 858 3817 At
876 3726 931 3810 qui
948 3732 1105 3834 cqnveuit,
1125 3732 1219 3791 istum
1239 3730 1285 3789 di-

119 3837 203 3903 cere,
222 3816 378 3898 praedium
396 3817 453 3876 sibi
472 3817 722 3899 oppigneratum,
739 3837 807 3876 cum
827 3810 913 3890 eum,
932 3816 985 3895 qui
1002 3817 1219 3904 oppignerasse
1237 3813 1286 3881 di·
1355 3862 1359 3874 ,

79 3948 99 3957 .,
118 3899 219 3975 oitnr,
214 3903 305 3962 idem
320 3900 420 3961 colere
432 3903 586 3962 videamus
600 3916 690 3982 atque
703 3921 846 3973 asserere,
865 3901 1027 3961 divortium
1042 3921 1181 3963 sororem
1192 3899 1285 3960 secis-

80 4064 85 4074 .
118 4007 161 4059 se,
179 4009 248 4047 cum
267 4007 301 4047 ea
319 3987 383 4066 ipsa
401 3988 438 4046 de
456 4009 489 4046 re
516 3987 708 4066 quaestiones
725 3986 820 4067 palam
839 3986 994 4068 fugitarit?
1007 3998 1104 4065 atque
1123 4007 1210 4058 eum,
1231 3982 1284 4064 qni

118 4082 253 4146 uxorem,
270 4085 306 4133 ut
323 4072 380 4130 iste
398 4064 514 4144 asserit,
532 4072 654 4144 dimisit,
676 4085 707 4132 et
723 4072 825 4152 fruges
845 4083 875 4129 et
892 4071 1037 4130 rusticum
1057 4091 1149 4130 omne
1167 4071 1283 4132 instru-

27 4164 30 4168 '
57 4160 77 4212 '.
119 4168 254 4217 mentum
273 4156 432 4230 extulisse,
450 4179 518 4217 eum
537 4157 611 4229 iste,
630 4158 712 4231 eius,
730 4174 807 4234 quae
825 4176 841 4213 a
860 4156 967 4215 marito
985 4155 1177 4226 discessisse,
1195 4153 1282 4214 cuius

11 4270 15 4279 ·
57 4244 60 4249 ’
80 4272 85 4285 =
117 4240 241 4302 nomine
258 4225 415 4322 praedium
433 4242 668 4340 oppigneratam
682 4261 747 4301 esse
766 4239 909 4311 dicitur,
905 4252 1059 4321 patronus
1080 4253 1112 4300 et
1128 4235 1284 4307 defensor,

11 4326 13 4331 ’
119 4325 195 4396 nibil
213 4325 322 4387 borum
341 4327 475 4388 omnium
494 4327 601 4406 iniquo
619 4325 720 4387 animo
738 4324 853 4397 tulerit,
875 4327 927 4386 sed
944 4324 1152 4407 acquieverit?
1169 4325 1318 4383 Nonne
