<?xml version="1.0" encoding="UTF-8"?>
<!DOCTYPE html PUBLIC "-//W3C//DTD XHTML 1.0 Transitional//EN"
    "http://www.w3.org/TR/xhtml1/DTD/xhtml1-transitional.dtd">
<html xmlns="http://www.w3.org/1999/xhtml" xml:lang="en" lang="en">
 <head>
  <title>
</title>
<meta http-equiv="Content-Type" content="text/html;charset=utf-8" />
  <meta name='ocr-system' content='tesseract 3.04.00' />
  <meta name='ocr-capabilities' content='ocr_page ocr_carea ocr_par ocr_line ocrx_word'/>
</head>
<body>
  <div class='ocr_page' id='page_1' title='image "./demosthenisquae04schgoog_0428.png"; bbox 0 0 2722 4754; ppageno 0'>
   <div class='ocr_carea' id='block_1_1' title="bbox 307 169 1340 284">
    <p class='ocr_par' dir='ltr' id='par_1_1' title="bbox 172 169 1340 284">
     <span class='ocr_line' id='line_1_1' title="bbox 307 169 1340 284; baseline 0.011 -18.497"><span class='ocrx_word' id='word_1_1' title='bbox 307 178 586 271; x_wconf 67' lang='lat' dir='ltr'><strong>aurursus</strong></span> <span class='ocrx_word' id='word_1_2' title='bbox 599 191 1046 284; x_wconf 71' lang='lat' dir='ltr'><strong>zNNor&#39;N‘NNtoNN</strong></span> <span class='ocrx_word' id='word_1_3' title='bbox 1118 195 1250 274; x_wconf 78' lang='grc' dir='ltr'><strong>ἰιι</strong></span> <span class='ocrx_word' id='word_1_4' title='bbox 1328 169 1340 182; x_wconf 67' lang='grc'><em>’</em></span> 
     </span>
    </p>
   </div>
   <div class='ocr_carea' id='block_1_2' title="bbox 10 333 1354 3933">
    <p class='ocr_par' dir='ltr' id='par_1_2' title="bbox 10 333 1354 3926">
     <span class='ocr_line' id='line_1_2' title="bbox 75 333 1354 444; baseline 0.002 -21"><span class='ocrx_word' id='word_1_5' title='bbox 75 376 187 444; x_wconf 78' lang='lat' dir='ltr'><strong>retur,</strong></span> <span class='ocrx_word' id='word_1_6' title='bbox 216 333 312 423; x_wconf 80' lang='lat' dir='ltr'><strong>laxata</strong></span> <span class='ocrx_word' id='word_1_7' title='bbox 331 367 450 423; x_wconf 83' lang='lat' dir='ltr'><strong>anriona</strong></span> <span class='ocrx_word' id='word_1_8' title='bbox 468 373 529 434; x_wconf 79' lang='lat' dir='ltr'><strong>est:</strong></span> <span class='ocrx_word' id='word_1_9' title='bbox 564 361 664 432; x_wconf 83' lang='lat' dir='ltr'><strong>statim</strong></span> <span class='ocrx_word' id='word_1_10' title='bbox 690 363 818 438; x_wconf 69' lang='lat' dir='ltr'><strong>mutarit</strong></span> <span class='ocrx_word' id='word_1_11' title='bbox 835 364 1005 426; x_wconf 81' lang='lat' dir='ltr'><strong>consilinm:</strong></span> <span class='ocrx_word' id='word_1_12' title='bbox 1037 360 1141 444; x_wconf 79' lang='lat' dir='ltr'><strong>Atque</strong></span> <span class='ocrx_word' id='word_1_13' title='bbox 1161 365 1250 426; x_wconf 85' lang='lat' dir='ltr'><strong>etiam</strong></span> <span class='ocrx_word' id='word_1_14' title='bbox 1352 437 1354 439; x_wconf 66' lang='lat'>‚</span> 
     </span>
     <span class='ocr_line' id='line_1_3' title="bbox 71 432 1313 550; baseline 0.002 -42"><span class='ocrx_word' id='word_1_15' title='bbox 71 447 225 530; x_wconf 83' lang='lat' dir='ltr'><strong>(dicetur</strong></span> <span class='ocrx_word' id='word_1_16' title='bbox 257 448 339 508; x_wconf 91' lang='lat' dir='ltr'><strong>enim</strong></span> <span class='ocrx_word' id='word_1_17' title='bbox 374 447 451 528; x_wconf 89' lang='lat' dir='ltr'><strong>apud</strong></span> <span class='ocrx_word' id='word_1_18' title='bbox 475 467 547 521; x_wconf 85' lang='lat' dir='ltr'><strong>vos,</strong></span> <span class='ocrx_word' id='word_1_19' title='bbox 579 432 803 547; x_wconf 76' lang='lat' dir='ltr'><strong>Athenienses,</strong></span> <span class='ocrx_word' id='word_1_20' title='bbox 823 447 968 550; x_wconf 84' lang='lat' dir='ltr'><strong>veritas)</strong></span> <span class='ocrx_word' id='word_1_21' title='bbox 993 471 1050 511; x_wconf 91' lang='lat' dir='ltr'><strong>Nos</strong></span> <span class='ocrx_word' id='word_1_22' title='bbox 1071 451 1250 511; x_wconf 78' lang='lat' dir='ltr'><strong>creditores</strong></span> <span class='ocrx_word' id='word_1_23' title='bbox 1298 452 1313 539; x_wconf 34' lang='lat'><strong>¹,</strong></span> 
     </span>
     <span class='ocr_line' id='line_1_4' title="bbox 75 530 1250 630; baseline 0.004 -38"><span class='ocrx_word' id='word_1_24' title='bbox 75 553 152 593; x_wconf 88' lang='lat' dir='ltr'><strong>eum</strong></span> <span class='ocrx_word' id='word_1_25' title='bbox 166 531 359 630; x_wconf 80' lang='lat' dir='ltr'><strong>urgebamus</strong></span> <span class='ocrx_word' id='word_1_26' title='bbox 393 530 511 591; x_wconf 80' lang='lat' dir='ltr'><strong>infestis</strong></span> <span class='ocrx_word' id='word_1_27' title='bbox 542 543 633 612; x_wconf 86' lang='lat' dir='ltr'><strong>atque</strong></span> <span class='ocrx_word' id='word_1_28' title='bbox 668 531 784 612; x_wconf 85' lang='lat' dir='ltr'><strong>iniquis</strong></span> <span class='ocrx_word' id='word_1_29' title='bbox 813 534 939 609; x_wconf 87' lang='lat' dir='ltr'><strong>animis,</strong></span> <span class='ocrx_word' id='word_1_30' title='bbox 972 536 1055 614; x_wconf 84' lang='lat' dir='ltr'><strong>quod</strong></span> <span class='ocrx_word' id='word_1_31' title='bbox 1081 549 1113 596; x_wconf 87' lang='lat' dir='ltr'><strong>et</strong></span> <span class='ocrx_word' id='word_1_32' title='bbox 1137 536 1250 597; x_wconf 81' lang='lat' dir='ltr'><strong>iactura</strong></span> 
     </span>
     <span class='ocr_line' id='line_1_5' title="bbox 33 616 1263 691; baseline 0.004 -15"><span class='ocrx_word' id='word_1_33' title='bbox 33 678 36 683; x_wconf 78' lang='grc'>,</span> <span class='ocrx_word' id='word_1_34' title='bbox 74 617 265 678; x_wconf 78' lang='lat' dir='ltr'><strong>frumenti</strong></span> <span class='ocrx_word' id='word_1_35' title='bbox 257 640 288 676; x_wconf 93' lang='lat' dir='ltr'><strong>m</strong></span> <span class='ocrx_word' id='word_1_36' title='bbox 316 637 371 675; x_wconf 93' lang='lat' dir='ltr'><strong>Nos</strong></span> <span class='ocrx_word' id='word_1_37' title='bbox 388 617 599 691; x_wconf 85' lang='lat' dir='ltr'><strong>redundaret,</strong></span> <span class='ocrx_word' id='word_1_38' title='bbox 632 628 750 676; x_wconf 89' lang='lat' dir='ltr'><strong>etcum</strong></span> <span class='ocrx_word' id='word_1_39' title='bbox 774 616 863 676; x_wconf 92' lang='lat' dir='ltr'><strong>Nobis</strong></span> <span class='ocrx_word' id='word_1_40' title='bbox 886 619 977 677; x_wconf 86' lang='lat' dir='ltr'><strong>istum</strong></span> <span class='ocrx_word' id='word_1_41' title='bbox 1004 619 1263 681; x_wconf 79' lang='lat' dir='ltr'><strong>calumniatorem.</strong></span> 
     </span>
     <span class='ocr_line' id='line_1_6' title="bbox 75 700 1306 791; baseline 0.002 -28"><span class='ocrx_word' id='word_1_42' title='bbox 75 702 232 784; x_wconf 81' lang='lat' dir='ltr'><strong>pecuniae</strong></span> <span class='ocrx_word' id='word_1_43' title='bbox 259 702 328 760; x_wconf 93' lang='lat' dir='ltr'><strong>loco</strong></span> <span class='ocrx_word' id='word_1_44' title='bbox 356 700 492 760; x_wconf 87' lang='lat' dir='ltr'><strong>attulisse</strong></span> <span class='ocrx_word' id='word_1_45' title='bbox 521 701 729 791; x_wconf 84' lang='lat' dir='ltr'><strong>querebamur.</strong></span> <span class='ocrx_word' id='word_1_46' title='bbox 771 701 826 761; x_wconf 90' lang='lat' dir='ltr'><strong>His</strong></span> <span class='ocrx_word' id='word_1_47' title='bbox 853 702 1030 776; x_wconf 80' lang='lat' dir='ltr'><strong>decausis,</strong></span> <span class='ocrx_word' id='word_1_48' title='bbox 1050 727 1132 769; x_wconf 82' lang='grc' dir='ltr'>,ιιιιιι</span> <span class='ocrx_word' id='word_1_49' title='bbox 1161 706 1271 766; x_wconf 69' lang='lat' dir='ltr'><strong>etiam·</strong></span> <span class='ocrx_word' id='word_1_50' title='bbox 1297 732 1306 743; x_wconf 90' lang='lat'><strong>·</strong></span> 
     </span>
     <span class='ocr_line' id='line_1_7' title="bbox 77 773 1249 870; baseline 0.003 -22"><span class='ocrx_word' id='word_1_51' title='bbox 77 801 188 848; x_wconf 89' lang='lat' dir='ltr'><strong>natura</strong></span> <span class='ocrx_word' id='word_1_52' title='bbox 208 786 351 846; x_wconf 88' lang='lat' dir='ltr'><strong>nimirum</strong></span> <span class='ocrx_word' id='word_1_53' title='bbox 369 773 463 844; x_wconf 88' lang='lat' dir='ltr'><strong>homo</strong></span> <span class='ocrx_word' id='word_1_54' title='bbox 483 799 564 846; x_wconf 89' lang='lat' dir='ltr'><strong>esset</strong></span> <span class='ocrx_word' id='word_1_55' title='bbox 582 807 644 845; x_wconf 90' lang='lat' dir='ltr'><strong>Non</strong></span> <span class='ocrx_word' id='word_1_56' title='bbox 664 786 781 858; x_wconf 89' lang='lat' dir='ltr'><strong>bonus,</strong></span> <span class='ocrx_word' id='word_1_57' title='bbox 799 786 862 845; x_wconf 90' lang='lat' dir='ltr'><strong>ad’</strong></span> <span class='ocrx_word' id='word_1_58' title='bbox 853 798 927 847; x_wconf 75' lang='lat' dir='ltr'><strong>istos</strong></span> <span class='ocrx_word' id='word_1_59' title='bbox 946 807 978 846; x_wconf 90' lang='lat' dir='ltr'><strong>se</strong></span> <span class='ocrx_word' id='word_1_60' title='bbox 997 789 1130 863; x_wconf 78' lang='lat' dir='ltr'><strong>confert,</strong></span> <span class='ocrx_word' id='word_1_61' title='bbox 1149 811 1249 870; x_wconf 89' lang='lat' dir='ltr'><strong>Neque</strong></span> 
     </span>
     <span class='ocr_line' id='line_1_8' title="bbox 77 870 1256 971; baseline 0.002 -37"><span class='ocrx_word' id='word_1_62' title='bbox 77 885 193 971; x_wconf 43' lang='lat' dir='ltr'><strong>sarteq·</strong></span> <span class='ocrx_word' id='word_1_63' title='bbox 196 890 259 951; x_wconf 88' lang='lat' dir='ltr'><strong>quo</strong></span> <span class='ocrx_word' id='word_1_64' title='bbox 277 870 376 929; x_wconf 91' lang='lat' dir='ltr'><strong>minus</strong></span> <span class='ocrx_word' id='word_1_65' title='bbox 396 871 518 930; x_wconf 89' lang='lat' dir='ltr'><strong>deserto</strong></span> <span class='ocrx_word' id='word_1_66' title='bbox 535 871 710 931; x_wconf 80' lang='lat' dir='ltr'><strong>vadimonio</strong></span> <span class='ocrx_word' id='word_1_67' title='bbox 730 871 959 947; x_wconf 79' lang='lat' dir='ltr'><strong>condemnetur,</strong></span> <span class='ocrx_word' id='word_1_68' title='bbox 978 885 1043 933; x_wconf 90' lang='lat' dir='ltr'><strong>tum</strong></span> <span class='ocrx_word' id='word_1_69' title='bbox 1061 873 1127 933; x_wconf 88' lang='lat' dir='ltr'><strong>ab&#39;</strong></span> <span class='ocrx_word' id='word_1_70' title='bbox 1117 887 1176 934; x_wconf 83' lang='lat' dir='ltr'><strong>rsto</strong></span> <span class='ocrx_word' id='word_1_71' title='bbox 1195 881 1250 936; x_wconf 77' lang='lat' dir='ltr'><strong>vo..</strong></span> <span class='ocrx_word' id='word_1_72' title='bbox 1252 948 1256 955; x_wconf 10' lang='lat' dir='ltr'><strong>p</strong></span> 
     </span>
     <span class='ocr_line' id='line_1_9' title="bbox 30 939 1262 1036; baseline 0.002 -17"><span class='ocrx_word' id='word_1_73' title='bbox 30 1000 36 1011; x_wconf 88' lang='lat'><strong>·</strong></span> <span class='ocrx_word' id='word_1_74' title='bbox 78 956 217 1019; x_wconf 84' lang='lat' dir='ltr'><strong>catusio</strong></span> <span class='ocrx_word' id='word_1_75' title='bbox 237 955 480 1027; x_wconf 87' lang='lat' dir='ltr'><strong>iudicium,cum</strong></span> <span class='ocrx_word' id='word_1_76' title='bbox 498 958 634 1016; x_wconf 90' lang='lat' dir='ltr'><strong>nondum</strong></span> <span class='ocrx_word' id='word_1_77' title='bbox 654 956 884 1036; x_wconf 69' lang='lat' dir='ltr'><strong>conspirassent</strong></span> <span class='ocrx_word' id='word_1_78' title='bbox 910 956 1029 1019; x_wconf 90' lang='lat' dir='ltr'><strong>Nam</strong></span> <span class='ocrx_word' id='word_1_79' title='bbox 1004 979 1029 1018; x_wconf 77' lang='grc' dir='ltr'><strong>ει</strong></span> <span class='ocrx_word' id='word_1_80' title='bbox 1048 939 1201 1018; x_wconf 84' lang='lat' dir='ltr'><strong>l’rotum</strong></span> <span class='ocrx_word' id='word_1_81' title='bbox 1191 971 1262 1021; x_wconf 74' lang='lat' dir='ltr'><strong>rste</strong></span> 
     </span>
     <span class='ocr_line' id='line_1_10' title="bbox 79 1038 1324 1115; baseline -0.001 -11"><span class='ocrx_word' id='word_1_82' title='bbox 79 1041 260 1115; x_wconf 89' lang='lat' dir='ltr'><strong>omississet,</strong></span> <span class='ocrx_word' id='word_1_83' title='bbox 279 1041 392 1100; x_wconf 87' lang='lat' dir='ltr'><strong>statim</strong></span> <span class='ocrx_word' id='word_1_84' title='bbox 395 1039 634 1102; x_wconf 86' lang='lat' dir='ltr'><strong>animadversum</strong></span> <span class='ocrx_word' id='word_1_85' title='bbox 652 1056 740 1114; x_wconf 90' lang='lat' dir='ltr'><strong>esset,</strong></span> <span class='ocrx_word' id='word_1_86' title='bbox 759 1063 827 1101; x_wconf 89' lang='lat' dir='ltr'><strong>cum</strong></span> <span class='ocrx_word' id='word_1_87' title='bbox 843 1042 932 1102; x_wconf 90' lang='lat' dir='ltr'><strong>Nobis</strong></span> <span class='ocrx_word' id='word_1_88' title='bbox 945 1042 1044 1103; x_wconf 87' lang='lat' dir='ltr'><strong>facere</strong></span> <span class='ocrx_word' id='word_1_89' title='bbox 1058 1038 1254 1115; x_wconf 74' lang='lat' dir='ltr'><strong>caluminam:</strong></span> <span class='ocrx_word' id='word_1_90' title='bbox 1320 1089 1324 1096; x_wconf 78' lang='grc'>.</span> 
     </span>
     <span class='ocr_line' id='line_1_11' title="bbox 78 1117 1349 1209; baseline -0.001 -20"><span class='ocrx_word' id='word_1_91' title='bbox 78 1127 219 1189; x_wconf 66' lang='lat' dir='ltr'><strong>damnari</strong></span> <span class='ocrx_word' id='word_1_92' title='bbox 242 1147 274 1203; x_wconf 86' lang='lat' dir='ltr'><strong>se</strong></span> <span class='ocrx_word' id='word_1_93' title='bbox 300 1137 401 1185; x_wconf 82' lang='lat' dir='ltr'><strong>autem</strong></span> <span class='ocrx_word' id='word_1_94' title='bbox 426 1147 527 1186; x_wconf 87' lang='lat' dir='ltr'><strong>coram</strong></span> <span class='ocrx_word' id='word_1_95' title='bbox 552 1127 603 1186; x_wconf 90' lang='lat' dir='ltr'><strong>ille</strong></span> <span class='ocrx_word' id='word_1_96' title='bbox 628 1145 702 1187; x_wconf 90' lang='lat' dir='ltr'><strong>non</strong></span> <span class='ocrx_word' id='word_1_97' title='bbox 714 1149 819 1208; x_wconf 88' lang='lat' dir='ltr'><strong>passus</strong></span> <span class='ocrx_word' id='word_1_98' title='bbox 843 1141 940 1202; x_wconf 87' lang='lat' dir='ltr'><strong>esset,</strong></span> <span class='ocrx_word' id='word_1_99' title='bbox 965 1141 1002 1189; x_wconf 90' lang='lat' dir='ltr'><strong>ut</strong></span> <span class='ocrx_word' id='word_1_100' title='bbox 1025 1117 1078 1189; x_wconf 80' lang='grc' dir='ltr'><strong>ιῖιι</strong></span> <span class='ocrx_word' id='word_1_101' title='bbox 1099 1129 1194 1209; x_wconf 88' lang='lat' dir='ltr'><strong>pactis</strong></span> <span class='ocrx_word' id='word_1_102' title='bbox 1220 1140 1251 1188; x_wconf 91' lang='lat' dir='ltr'><strong>et</strong></span> <span class='ocrx_word' id='word_1_103' title='bbox 1311 1160 1312 1163; x_wconf 26' lang='grc' dir='ltr'><strong>ι</strong></span> <span class='ocrx_word' id='word_1_104' title='bbox 1347 1156 1349 1160; x_wconf 96' lang='grc'><strong><em>·</em></strong></span> 
     </span>
     <span class='ocr_line' id='line_1_12' title="bbox 79 1208 1321 1284; baseline 0.002 -9"><span class='ocrx_word' id='word_1_105' title='bbox 79 1211 242 1275; x_wconf 77' lang='lat' dir='ltr'><strong>conventis</strong></span> <span class='ocrx_word' id='word_1_106' title='bbox 261 1210 306 1270; x_wconf 92' lang='lat' dir='ltr'><strong>illi</strong></span> <span class='ocrx_word' id='word_1_107' title='bbox 324 1223 452 1284; x_wconf 87' lang='lat' dir='ltr'><strong>starent,</strong></span> <span class='ocrx_word' id='word_1_108' title='bbox 478 1225 531 1271; x_wconf 89' lang='lat' dir='ltr'><strong>aut</strong></span> <span class='ocrx_word' id='word_1_109' title='bbox 549 1212 660 1279; x_wconf 82' lang='lat' dir='ltr'><strong>deserti</strong></span> <span class='ocrx_word' id='word_1_110' title='bbox 678 1211 843 1272; x_wconf 86' lang='lat' dir='ltr'><strong>vadimonn</strong></span> <span class='ocrx_word' id='word_1_111' title='bbox 861 1212 1011 1274; x_wconf 85' lang='lat' dir='ltr'><strong>actionem</strong></span> <span class='ocrx_word' id='word_1_112' title='bbox 1030 1208 1072 1273; x_wconf 91' lang='lat' dir='ltr'><strong>in</strong></span> <span class='ocrx_word' id='word_1_113' title='bbox 1081 1234 1141 1272; x_wconf 89' lang='lat' dir='ltr'><strong>eos</strong></span> <span class='ocrx_word' id='word_1_114' title='bbox 1151 1225 1250 1274; x_wconf 89' lang='lat' dir='ltr'><strong>retor-</strong></span> <span class='ocrx_word' id='word_1_115' title='bbox 1318 1269 1321 1277; x_wconf 93' lang='grc'><em>,</em></span> 
     </span>
     <span class='ocr_line' id='line_1_13' title="bbox 10 1295 1250 1379; baseline 0 -21"><span class='ocrx_word' id='word_1_116' title='bbox 10 1362 14 1373; x_wconf 61' lang='lat'>‚</span> <span class='ocrx_word' id='word_1_117' title='bbox 79 1311 198 1379; x_wconf 81' lang='lat' dir='ltr'><strong>queret</strong></span> <span class='ocrx_word' id='word_1_118' title='bbox 233 1295 295 1362; x_wconf 86' lang='lat' dir='ltr'><strong>Sed</strong></span> <span class='ocrx_word' id='word_1_119' title='bbox 315 1301 474 1376; x_wconf 86' lang='lat' dir='ltr'><strong>quorsum</strong></span> <span class='ocrx_word' id='word_1_120' title='bbox 472 1296 579 1355; x_wconf 82' lang='lat' dir='ltr'><strong>haec?</strong></span> <span class='ocrx_word' id='word_1_121' title='bbox 601 1297 676 1355; x_wconf 88' lang='lat' dir='ltr'><strong>Nam</strong></span> <span class='ocrx_word' id='word_1_122' title='bbox 696 1318 728 1356; x_wconf 89' lang='lat' dir='ltr'><strong>ea</strong></span> <span class='ocrx_word' id='word_1_123' title='bbox 748 1319 774 1355; x_wconf 78' lang='grc' dir='ltr'><strong>ιι</strong></span> <span class='ocrx_word' id='word_1_124' title='bbox 760 1297 881 1370; x_wconf 82' lang='lat' dir='ltr'><strong>fecit,</strong></span> <span class='ocrx_word' id='word_1_125' title='bbox 909 1319 985 1376; x_wconf 90' lang='lat' dir='ltr'><strong>quae</strong></span> <span class='ocrx_word' id='word_1_126' title='bbox 1003 1299 1060 1357; x_wconf 88' lang='lat' dir='ltr'><strong>iste</strong></span> <span class='ocrx_word' id='word_1_127' title='bbox 1079 1298 1111 1357; x_wconf 90' lang='lat' dir='ltr'><strong>in</strong></span> <span class='ocrx_word' id='word_1_128' title='bbox 1129 1319 1250 1361; x_wconf 83' lang='lat' dir='ltr'><strong>accusa-</strong></span> 
     </span>
     <span class='ocr_line' id='line_1_14' title="bbox 78 1374 1334 1477; baseline -0.001 -33"><span class='ocrx_word' id='word_1_129' title='bbox 78 1385 166 1459; x_wconf 81' lang='lat' dir='ltr'><strong>tione</strong></span> <span class='ocrx_word' id='word_1_130' title='bbox 185 1380 309 1453; x_wconf 85' lang='lat' dir='ltr'><strong>scribit,</strong></span> <span class='ocrx_word' id='word_1_131' title='bbox 336 1401 397 1440; x_wconf 90' lang='lat' dir='ltr'><strong>Non</strong></span> <span class='ocrx_word' id='word_1_132' title='bbox 418 1374 603 1441; x_wconf 85' lang='lat' dir='ltr'><strong>damnandus</strong></span> <span class='ocrx_word' id='word_1_133' title='bbox 621 1382 733 1455; x_wconf 81' lang='lat' dir='ltr'><strong>modo,</strong></span> <span class='ocrx_word' id='word_1_134' title='bbox 759 1382 813 1441; x_wconf 90' lang='lat' dir='ltr'><strong>sed</strong></span> <span class='ocrx_word' id='word_1_135' title='bbox 831 1381 1058 1477; x_wconf 77' lang='lat' dir='ltr'><strong>interficiendus</strong></span> <span class='ocrx_word' id='word_1_136' title='bbox 1077 1382 1171 1452; x_wconf 82' lang='lat' dir='ltr'><strong>etiam</strong></span> <span class='ocrx_word' id='word_1_137' title='bbox 1184 1383 1250 1443; x_wconf 87' lang='lat' dir='ltr'><strong>iure</strong></span> <span class='ocrx_word' id='word_1_138' title='bbox 1332 1382 1334 1387; x_wconf 70' lang='grc'>’</span> 
     </span>
     <span class='ocr_line' id='line_1_15' title="bbox 79 1464 1254 1564; baseline 0.001 -36"><span class='ocrx_word' id='word_1_139' title='bbox 79 1468 140 1530; x_wconf 85' lang='lat' dir='ltr'><strong>suit</strong></span> <span class='ocrx_word' id='word_1_140' title='bbox 157 1467 287 1537; x_wconf 85' lang='lat' dir='ltr'><strong>Protus,</strong></span> <span class='ocrx_word' id='word_1_141' title='bbox 311 1487 376 1526; x_wconf 89' lang='lat' dir='ltr'><strong>mea</strong></span> <span class='ocrx_word' id='word_1_142' title='bbox 395 1466 518 1545; x_wconf 87' lang='lat' dir='ltr'><strong>quidem</strong></span> <span class='ocrx_word' id='word_1_143' title='bbox 526 1464 690 1564; x_wconf 71' lang='lat' dir='ltr'><strong>opinione.</strong></span> <span class='ocrx_word' id='word_1_144' title='bbox 733 1467 853 1526; x_wconf 92' lang='lat' dir='ltr'><strong>Nam</strong></span> <span class='ocrx_word' id='word_1_145' title='bbox 828 1488 854 1526; x_wconf 79' lang='grc' dir='ltr'><strong>ιι</strong></span> <span class='ocrx_word' id='word_1_146' title='bbox 872 1467 903 1527; x_wconf 87' lang='lat' dir='ltr'><strong>in</strong></span> <span class='ocrx_word' id='word_1_147' title='bbox 922 1467 1006 1528; x_wconf 87' lang='lat' dir='ltr'><strong>malis</strong></span> <span class='ocrx_word' id='word_1_148' title='bbox 1026 1480 1056 1527; x_wconf 88' lang='lat' dir='ltr'><strong>et</strong></span> <span class='ocrx_word' id='word_1_149' title='bbox 1072 1479 1254 1548; x_wconf 81' lang='lat' dir='ltr'><strong>tempestate</strong></span> 
     </span>
     <span class='ocr_line' id='line_1_16' title="bbox 78 1546 1349 1642; baseline 0.001 -28"><span class='ocrx_word' id='word_1_150' title='bbox 78 1565 199 1614; x_wconf 81' lang='lat' dir='ltr'><strong>tantum</strong></span> <span class='ocrx_word' id='word_1_151' title='bbox 215 1551 279 1614; x_wconf 82' lang='lat' dir='ltr'><strong>vim</strong></span> <span class='ocrx_word' id='word_1_152' title='bbox 271 1550 454 1624; x_wconf 81' lang='lat' dir='ltr'><strong>hauserat,</strong></span> <span class='ocrx_word' id='word_1_153' title='bbox 472 1565 513 1610; x_wconf 90' lang='grc' dir='ltr'><strong>ιιι</strong></span> <span class='ocrx_word' id='word_1_154' title='bbox 525 1550 631 1610; x_wconf 89' lang='lat' dir='ltr'><strong>insano</strong></span> <span class='ocrx_word' id='word_1_155' title='bbox 650 1550 754 1611; x_wconf 91' lang='lat' dir='ltr'><strong>similis</strong></span> <span class='ocrx_word' id='word_1_156' title='bbox 774 1551 943 1612; x_wconf 87' lang='lat' dir='ltr'><strong>videretur:</strong></span> <span class='ocrx_word' id='word_1_157' title='bbox 970 1554 1053 1642; x_wconf 79' lang='lat' dir='ltr'><strong>quod</strong></span> <span class='ocrx_word' id='word_1_158' title='bbox 1069 1553 1251 1635; x_wconf 83' lang='lat' dir='ltr'><strong>supplicium</strong></span> <span class='ocrx_word' id='word_1_159' title='bbox 1338 1546 1349 1561; x_wconf 74' lang='lat'><strong><em>‘</em></strong></span> 
     </span>
     <span class='ocr_line' id='line_1_17' title="bbox 79 1633 1251 1718; baseline 0 -20"><span class='ocrx_word' id='word_1_160' title='bbox 79 1654 152 1698; x_wconf 88' lang='lat' dir='ltr'><strong>non</strong></span> <span class='ocrx_word' id='word_1_161' title='bbox 164 1635 353 1709; x_wconf 87' lang='lat' dir='ltr'><strong>merebatur,</strong></span> <span class='ocrx_word' id='word_1_162' title='bbox 377 1649 430 1695; x_wconf 88' lang='lat' dir='ltr'><strong>aut</strong></span> <span class='ocrx_word' id='word_1_163' title='bbox 446 1659 472 1695; x_wconf 89' lang='lat' dir='ltr'><strong>s1</strong></span> <span class='ocrx_word' id='word_1_164' title='bbox 464 1635 606 1695; x_wconf 88' lang='lat' dir='ltr'><strong>&#39;tabulas</strong></span> <span class='ocrx_word' id='word_1_165' title='bbox 623 1636 827 1715; x_wconf 84' lang='lat' dir='ltr'><strong>surripuerat,</strong></span> <span class='ocrx_word' id='word_1_166' title='bbox 851 1638 965 1698; x_wconf 83' lang='lat' dir='ltr'><strong>clamve</strong></span> <span class='ocrx_word' id='word_1_167' title='bbox 983 1633 1160 1718; x_wconf 80' lang='lat' dir='ltr'><strong>aperuerat?</strong></span> <span class='ocrx_word' id='word_1_168' title='bbox 1190 1638 1251 1698; x_wconf 86' lang='lat' dir='ltr'><strong>Sed</strong></span> 
     </span>
     <span class='ocr_line' id='line_1_18' title="bbox 79 1721 1251 1820; baseline -0.001 -37"><span class='ocrx_word' id='word_1_169' title='bbox 79 1744 136 1783; x_wconf 76' lang='lat' dir='ltr'><strong>Nos</strong></span> <span class='ocrx_word' id='word_1_170' title='bbox 155 1721 258 1782; x_wconf 84' lang='lat' dir='ltr'><strong>haec</strong></span> <span class='ocrx_word' id='word_1_171' title='bbox 249 1734 329 1781; x_wconf 88' lang='lat' dir='ltr'><strong>mter</strong></span> <span class='ocrx_word' id='word_1_172' title='bbox 346 1741 499 1801; x_wconf 74' lang='lat' dir='ltr'><strong>vos,quo</strong></span> <span class='ocrx_word' id='word_1_173' title='bbox 517 1734 616 1820; x_wconf 76' lang='lat' dir='ltr'><strong>pacto</strong></span> <span class='ocrx_word' id='word_1_174' title='bbox 625 1741 657 1780; x_wconf 91' lang='lat' dir='ltr'><strong>se</strong></span> <span class='ocrx_word' id='word_1_175' title='bbox 675 1721 821 1796; x_wconf 87' lang='lat' dir='ltr'><strong>habeant,</strong></span> <span class='ocrx_word' id='word_1_176' title='bbox 838 1722 1028 1804; x_wconf 80' lang='lat' dir='ltr'><strong>transigetis:</strong></span> <span class='ocrx_word' id='word_1_177' title='bbox 1046 1744 1139 1784; x_wconf 88' lang='lat' dir='ltr'><strong>meae</strong></span> <span class='ocrx_word' id='word_1_178' title='bbox 1149 1735 1251 1784; x_wconf 90' lang='lat' dir='ltr'><strong>autem</strong></span> 
     </span>
     <span class='ocr_line' id='line_1_19' title="bbox 82 1804 1300 1906; baseline -0.001 -37"><span class='ocrx_word' id='word_1_179' title='bbox 82 1828 199 1869; x_wconf 85' lang='lat' dir='ltr'><strong>causae</strong></span> <span class='ocrx_word' id='word_1_180' title='bbox 208 1804 285 1867; x_wconf 89' lang='lat' dir='ltr'><strong>Nihil</strong></span> <span class='ocrx_word' id='word_1_181' title='bbox 303 1805 374 1864; x_wconf 87' lang='lat' dir='ltr'><strong>inde</strong></span> <span class='ocrx_word' id='word_1_182' title='bbox 359 1805 542 1906; x_wconf 41' lang='lat' dir='ltr'><strong>”admissa</strong></span> <span class='ocrx_word' id='word_1_183' title='bbox 569 1805 632 1865; x_wconf 83' lang='lat' dir='ltr'><strong>sive</strong></span> <span class='ocrx_word' id='word_1_184' title='bbox 653 1819 685 1865; x_wconf 91' lang='lat' dir='ltr'><strong>te</strong></span> <span class='ocrx_word' id='word_1_185' title='bbox 703 1805 818 1879; x_wconf 82' lang='lat' dir='ltr'><strong>verbis,</strong></span> <span class='ocrx_word' id='word_1_186' title='bbox 843 1808 906 1867; x_wconf 88' lang='lat' dir='ltr'><strong>sive</strong></span> <span class='ocrx_word' id='word_1_187' title='bbox 925 1807 1010 1868; x_wconf 87' lang='lat' dir='ltr'><strong>factis</strong></span> <span class='ocrx_word' id='word_1_188' title='bbox 1028 1808 1116 1869; x_wconf 86' lang='lat' dir='ltr'><strong>laesit</strong></span> <span class='ocrx_word' id='word_1_189' title='bbox 1132 1808 1254 1869; x_wconf 82' lang='lat' dir='ltr'><strong>Protus.</strong></span> <span class='ocrx_word' id='word_1_190' title='bbox 1297 1875 1300 1895; x_wconf 29' lang='grc' dir='ltr'><strong><em>μ</em></strong></span> 
     </span>
     <span class='ocr_line' id='line_1_20' title="bbox 79 1890 1251 1971; baseline -0.001 -17"><span class='ocrx_word' id='word_1_191' title='bbox 79 1895 189 1953; x_wconf 73' lang='lat' dir='ltr'><strong>Datur</strong></span> <span class='ocrx_word' id='word_1_192' title='bbox 198 1891 253 1952; x_wconf 91' lang='lat' dir='ltr'><strong>tibi</strong></span> <span class='ocrx_word' id='word_1_193' title='bbox 272 1891 357 1951; x_wconf 87' lang='lat' dir='ltr'><strong>actio</strong></span> <span class='ocrx_word' id='word_1_194' title='bbox 370 1890 527 1951; x_wconf 89' lang='lat' dir='ltr'><strong>nimirum:</strong></span> <span class='ocrx_word' id='word_1_195' title='bbox 546 1911 638 1949; x_wconf 88' lang='lat' dir='ltr'><strong>nemo</strong></span> <span class='ocrx_word' id='word_1_196' title='bbox 654 1903 793 1950; x_wconf 85' lang='lat' dir='ltr'><strong>nostrum</strong></span> <span class='ocrx_word' id='word_1_197' title='bbox 808 1892 991 1971; x_wconf 89' lang='lat' dir='ltr'><strong>prohibuit,</strong></span> <span class='ocrx_word' id='word_1_198' title='bbox 993 1906 1045 1953; x_wconf 90' lang='lat' dir='ltr'><strong>aut</strong></span> <span class='ocrx_word' id='word_1_199' title='bbox 1062 1915 1144 1953; x_wconf 89' lang='lat' dir='ltr'><strong>nunc</strong></span> <span class='ocrx_word' id='word_1_200' title='bbox 1161 1893 1251 1961; x_wconf 74' lang='lat' dir='ltr'><strong>etiam</strong></span> 
     </span>
     <span class='ocr_line' id='line_1_21' title="bbox 79 1972 1262 2063; baseline 0 -27"><span class='ocrx_word' id='word_1_201' title='bbox 79 1988 210 2037; x_wconf 79' lang='lat' dir='ltr'><strong>recusat.</strong></span> <span class='ocrx_word' id='word_1_202' title='bbox 240 1972 363 2035; x_wconf 57' lang='grc' dir='ltr'>δίῑιιιιο</span> <span class='ocrx_word' id='word_1_203' title='bbox 383 1975 470 2040; x_wconf 89' lang='lat' dir='ltr'><strong>illum</strong></span> <span class='ocrx_word' id='word_1_204' title='bbox 488 1974 688 2035; x_wconf 89' lang='lat' dir='ltr'><strong>calumniatus</strong></span> <span class='ocrx_word' id='word_1_205' title='bbox 706 1997 752 2035; x_wconf 91' lang='lat' dir='ltr'><strong>es:</strong></span> <span class='ocrx_word' id='word_1_206' title='bbox 776 1997 883 2056; x_wconf 89' lang='lat' dir='ltr'><strong>parum</strong></span> <span class='ocrx_word' id='word_1_207' title='bbox 901 1976 932 2036; x_wconf 92' lang='lat' dir='ltr'><strong>id</strong></span> <span class='ocrx_word' id='word_1_208' title='bbox 950 1996 1100 2054; x_wconf 75' lang='lat' dir='ltr'><strong>curamus·</strong></span> <span class='ocrx_word' id='word_1_209' title='bbox 1128 1978 1185 2052; x_wconf 84' lang='lat' dir='ltr'><strong>At,</strong></span> <span class='ocrx_word' id='word_1_210' title='bbox 1203 1997 1262 2063; x_wconf 26' lang='lat' dir='ltr'><strong>me!</strong></span> 
     </span>
     <span class='ocr_line' id='line_1_22' title="bbox 77 2060 1253 2141; baseline 0.001 -20"><span class='ocrx_word' id='word_1_211' title='bbox 77 2063 150 2126; x_wconf 87' lang='lat' dir='ltr'><strong>dius</strong></span> <span class='ocrx_word' id='word_1_212' title='bbox 168 2061 283 2134; x_wconf 72' lang='lat' dir='ltr'><strong>fidius,</strong></span> <span class='ocrx_word' id='word_1_213' title='bbox 310 2082 325 2119; x_wconf 92' lang='lat' dir='ltr'><strong>e</strong></span> <span class='ocrx_word' id='word_1_214' title='bbox 341 2061 455 2130; x_wconf 78' lang='lat' dir='ltr'><strong>¹medio</strong></span> <span class='ocrx_word' id='word_1_215' title='bbox 466 2060 593 2121; x_wconf 77' lang='lat' dir='ltr'><strong>excessit</strong></span> <span class='ocrx_word' id='word_1_216' title='bbox 610 2060 725 2121; x_wconf 82' lang='lat' dir='ltr'><strong>homo?</strong></span> <span class='ocrx_word' id='word_1_217' title='bbox 756 2061 959 2141; x_wconf 64' lang='lat' dir='ltr'><strong>&#39;Proptcrvos</strong></span> <span class='ocrx_word' id='word_1_218' title='bbox 978 2062 1138 2122; x_wconf 78' lang='lat' dir='ltr'><strong>nimirums</strong></span> <span class='ocrx_word' id='word_1_219' title='bbox 1163 2075 1199 2121; x_wconf 91' lang='lat' dir='ltr'><strong>ut</strong></span> <span class='ocrx_word' id='word_1_220' title='bbox 1222 2074 1253 2122; x_wconf 92' lang='lat' dir='ltr'><strong>et</strong></span> 
     </span>
     <span class='ocr_line' id='line_1_23' title="bbox 79 2141 1252 2227; baseline -0.002 -20"><span class='ocrx_word' id='word_1_221' title='bbox 79 2146 313 2207; x_wconf 70' lang='lat' dir='ltr'><strong>testificationes</strong></span> <span class='ocrx_word' id='word_1_222' title='bbox 326 2141 445 2205; x_wconf 75' lang='lat' dir='ltr'><strong>nostras</strong></span> <span class='ocrx_word' id='word_1_223' title='bbox 465 2146 630 2217; x_wconf 87' lang='lat' dir='ltr'><strong>desereret,</strong></span> <span class='ocrx_word' id='word_1_224' title='bbox 648 2157 679 2204; x_wconf 90' lang='lat' dir='ltr'><strong>et</strong></span> <span class='ocrx_word' id='word_1_225' title='bbox 696 2167 779 2227; x_wconf 84' lang='lat' dir='ltr'><strong>nunc</strong></span> <span class='ocrx_word' id='word_1_226' title='bbox 796 2166 861 2219; x_wconf 90' lang='lat' dir='ltr'><strong>vos,</strong></span> <span class='ocrx_word' id='word_1_227' title='bbox 880 2145 1025 2225; x_wconf 88' lang='lat' dir='ltr'><strong>quicquid</strong></span> <span class='ocrx_word' id='word_1_228' title='bbox 1044 2147 1102 2207; x_wconf 90' lang='lat' dir='ltr'><strong>erit</strong></span> <span class='ocrx_word' id='word_1_229' title='bbox 1120 2145 1252 2219; x_wconf 80' lang='lat' dir='ltr'><strong>libitum,</strong></span> 
     </span>
     <span class='ocr_line' id='line_1_24' title="bbox 77 2228 1252 2310; baseline 0 -19"><span class='ocrx_word' id='word_1_230' title='bbox 77 2232 112 2291; x_wconf 91' lang='lat' dir='ltr'><strong>in</strong></span> <span class='ocrx_word' id='word_1_231' title='bbox 134 2245 203 2308; x_wconf 75' lang='lat' dir='ltr'><strong>eursu</strong></span> <span class='ocrx_word' id='word_1_232' title='bbox 221 2230 337 2291; x_wconf 85' lang='lat' dir='ltr'><strong>dicatis.</strong></span> <span class='ocrx_word' id='word_1_233' title='bbox 380 2228 447 2290; x_wconf 91' lang='lat' dir='ltr'><strong>Nisi</strong></span> <span class='ocrx_word' id='word_1_234' title='bbox 471 2231 551 2290; x_wconf 88' lang='lat' dir='ltr'><strong>enim</strong></span> <span class='ocrx_word' id='word_1_235' title='bbox 574 2242 701 2310; x_wconf 89' lang='lat' dir='ltr'><strong>propter</strong></span> <span class='ocrx_word' id='word_1_236' title='bbox 716 2251 773 2301; x_wconf 76' lang='lat' dir='ltr'><strong>Nos</strong></span> <span class='ocrx_word' id='word_1_237' title='bbox 789 2229 826 2290; x_wconf 91' lang='lat' dir='ltr'><strong>ab</strong></span> <span class='ocrx_word' id='word_1_238' title='bbox 845 2251 882 2291; x_wconf 92' lang='lat' dir='ltr'><strong>eo</strong></span> <span class='ocrx_word' id='word_1_239' title='bbox 900 2231 1053 2291; x_wconf 86' lang='lat' dir='ltr'><strong>desertum</strong></span> <span class='ocrx_word' id='word_1_240' title='bbox 1073 2243 1152 2293; x_wconf 88' lang='lat' dir='ltr'><strong>esset</strong></span> <span class='ocrx_word' id='word_1_241' title='bbox 1168 2230 1252 2291; x_wconf 83' lang='lat' dir='ltr'><strong>vadi</strong></span> 
     </span>
     <span class='ocr_line' id='line_1_25' title="bbox 79 2314 1253 2416; baseline 0 -40"><span class='ocrx_word' id='word_1_242' title='bbox 79 2316 243 2377; x_wconf 77' lang='lat' dir='ltr'><strong>monierus·</strong></span> <span class='ocrx_word' id='word_1_243' title='bbox 264 2315 354 2376; x_wconf 89' lang='lat' dir='ltr'><strong>simul</strong></span> <span class='ocrx_word' id='word_1_244' title='bbox 380 2335 450 2375; x_wconf 87' lang='lat' dir='ltr'><strong>eum</strong></span> <span class='ocrx_word' id='word_1_245' title='bbox 474 2326 506 2375; x_wconf 93' lang='lat' dir='ltr'><strong>et</strong></span> <span class='ocrx_word' id='word_1_246' title='bbox 528 2316 650 2375; x_wconf 85' lang='lat' dir='ltr'><strong>c&#39;itasses</strong></span> <span class='ocrx_word' id='word_1_247' title='bbox 676 2327 707 2374; x_wconf 91' lang='lat' dir='ltr'><strong>et</strong></span> <span class='ocrx_word' id='word_1_248' title='bbox 729 2317 809 2395; x_wconf 92' lang='lat' dir='ltr'><strong>apud</strong></span> <span class='ocrx_word' id='word_1_249' title='bbox 831 2314 1061 2381; x_wconf 85' lang='lat' dir='ltr'><strong>Polemarchum</strong></span> <span class='ocrx_word' id='word_1_250' title='bbox 1087 2315 1253 2416; x_wconf 85' lang='lat' dir='ltr'><strong>sponsione</strong></span> 
     </span>
     <span class='ocr_line' id='line_1_26' title="bbox 52 2392 1268 2495; baseline -0.001 -34"><span class='ocrx_word' id='word_1_251' title='bbox 52 2448 57 2461; x_wconf 86' lang='grc'>.</span> <span class='ocrx_word' id='word_1_252' title='bbox 80 2402 261 2495; x_wconf 65' lang='lat' dir='ltr'><strong>obligasset„</strong></span> <span class='ocrx_word' id='word_1_253' title='bbox 295 2401 416 2475; x_wconf 85' lang='lat' dir='ltr'><strong>Quodsi</strong></span> <span class='ocrx_word' id='word_1_254' title='bbox 433 2401 525 2460; x_wconf 87' lang='lat' dir='ltr'><strong>vades</strong></span> <span class='ocrx_word' id='word_1_255' title='bbox 541 2399 598 2461; x_wconf 88' lang='lat' dir='ltr'><strong>tibi</strong></span> <span class='ocrx_word' id='word_1_256' title='bbox 616 2399 766 2474; x_wconf 86' lang='lat' dir='ltr'><strong>dedisset,</strong></span> <span class='ocrx_word' id='word_1_257' title='bbox 791 2411 848 2461; x_wconf 91' lang='lat' dir='ltr'><strong>aut</strong></span> <span class='ocrx_word' id='word_1_258' title='bbox 859 2419 981 2460; x_wconf 88' lang='lat' dir='ltr'><strong>manere</strong></span> <span class='ocrx_word' id='word_1_259' title='bbox 999 2392 1178 2482; x_wconf 84' lang='lat' dir='ltr'><strong>cogeretur,</strong></span> <span class='ocrx_word' id='word_1_260' title='bbox 1201 2412 1268 2460; x_wconf 57' lang='lat' dir='ltr'><strong>aut,</strong></span> 
     </span>
     <span class='ocr_line' id='line_1_27' title="bbox 10 2482 1254 2586; baseline -0.003 -39"><span class='ocrx_word' id='word_1_261' title='bbox 10 2532 13 2537; x_wconf 86' lang='lat'>-</span> <span class='ocrx_word' id='word_1_262' title='bbox 80 2490 135 2565; x_wconf 80' lang='lat' dir='ltr'><strong>tu,</strong></span> <span class='ocrx_word' id='word_1_263' title='bbox 161 2509 178 2546; x_wconf 87' lang='lat' dir='ltr'><strong>a</strong></span> <span class='ocrx_word' id='word_1_264' title='bbox 197 2482 312 2586; x_wconf 71' lang='lat' dir='ltr'><strong>quibus</strong></span> <span class='ocrx_word' id='word_1_265' title='bbox 326 2485 384 2546; x_wconf 90' lang='lat' dir='ltr'><strong>tibi</strong></span> <span class='ocrx_word' id='word_1_266' title='bbox 399 2485 576 2559; x_wconf 83' lang='lat' dir='ltr'><strong>satisfieret,</strong></span> <span class='ocrx_word' id='word_1_267' title='bbox 601 2484 743 2544; x_wconf 88' lang='lat' dir='ltr'><strong>haberes:</strong></span> <span class='ocrx_word' id='word_1_268' title='bbox 778 2485 804 2544; x_wconf 94' lang='lat' dir='ltr'><strong>si</strong></span> <span class='ocrx_word' id='word_1_269' title='bbox 822 2506 885 2545; x_wconf 91' lang='lat' dir='ltr'><strong>non</strong></span> <span class='ocrx_word' id='word_1_270' title='bbox 903 2485 1085 2559; x_wconf 86' lang='lat' dir='ltr'><strong>dedisset,</strong></span> <span class='ocrx_word' id='word_1_271' title='bbox 1075 2507 1108 2546; x_wconf 90' lang='lat' dir='ltr'><strong>m</strong></span> <span class='ocrx_word' id='word_1_272' title='bbox 1125 2484 1254 2545; x_wconf 87' lang='lat' dir='ltr'><strong>domici-</strong></span> 
     </span>
     <span class='ocr_line' id='line_1_28' title="bbox 80 2569 1255 2653; baseline -0.002 -21"><span class='ocrx_word' id='word_1_273' title='bbox 80 2573 161 2632; x_wconf 82' lang='lat' dir='ltr'><strong>lium</strong></span> <span class='ocrx_word' id='word_1_274' title='bbox 180 2570 277 2653; x_wconf 88' lang='lat' dir='ltr'><strong>plebis</strong></span> <span class='ocrx_word' id='word_1_275' title='bbox 302 2571 367 2630; x_wconf 90' lang='lat' dir='ltr'><strong>iret.</strong></span> <span class='ocrx_word' id='word_1_276' title='bbox 403 2570 508 2643; x_wconf 90' lang='lat' dir='ltr'><strong>Nunc,</strong></span> <span class='ocrx_word' id='word_1_277' title='bbox 534 2569 756 2630; x_wconf 89' lang='lat' dir='ltr'><strong>communicato</strong></span> <span class='ocrx_word' id='word_1_278' title='bbox 780 2569 925 2652; x_wconf 84' lang='lat' dir='ltr'><strong>negotio,</strong></span> <span class='ocrx_word' id='word_1_279' title='bbox 953 2569 1083 2650; x_wconf 85' lang='lat' dir='ltr'><strong>etipse,</strong></span> <span class='ocrx_word' id='word_1_280' title='bbox 1108 2569 1255 2649; x_wconf 85' lang='lat' dir='ltr'><strong>quicquid</strong></span> 
     </span>
     <span class='ocr_line' id='line_1_29' title="bbox 64 2649 1316 2735; baseline -0.003 -17"><span class='ocrx_word' id='word_1_281' title='bbox 64 2665 125 2719; x_wconf 84' lang='lat' dir='ltr'><strong>&#39;te</strong></span> <span class='ocrx_word' id='word_1_282' title='bbox 137 2656 333 2735; x_wconf 85' lang='lat' dir='ltr'><strong>obstrepente</strong></span> <span class='ocrx_word' id='word_1_283' title='bbox 352 2655 441 2715; x_wconf 91' lang='lat' dir='ltr'><strong>nobis</strong></span> <span class='ocrx_word' id='word_1_284' title='bbox 461 2649 609 2728; x_wconf 83' lang='lat' dir='ltr'><strong>decessit,</strong></span> <span class='ocrx_word' id='word_1_285' title='bbox 626 2675 659 2714; x_wconf 90' lang='lat' dir='ltr'><strong>se</strong></span> <span class='ocrx_word' id='word_1_286' title='bbox 677 2653 866 2714; x_wconf 83' lang='lat' dir='ltr'><strong>redditurum</strong></span> <span class='ocrx_word' id='word_1_287' title='bbox 886 2675 950 2714; x_wconf 91' lang='lat' dir='ltr'><strong>esse</strong></span> <span class='ocrx_word' id='word_1_288' title='bbox 969 2654 1059 2731; x_wconf 82' lang='lat' dir='ltr'><strong>nobis</strong></span> <span class='ocrx_word' id='word_1_289' title='bbox 1076 2674 1140 2716; x_wconf 89' lang='lat' dir='ltr'><strong>non</strong></span> <span class='ocrx_word' id='word_1_290' title='bbox 1158 2665 1255 2734; x_wconf 82' lang='lat' dir='ltr'><strong>putat,</strong></span> <span class='ocrx_word' id='word_1_291' title='bbox 1281 2684 1286 2694; x_wconf 49' lang='grc' dir='ltr'><strong>ι</strong></span> <span class='ocrx_word' id='word_1_292' title='bbox 1313 2711 1316 2714; x_wconf 81' lang='grc'>.</span> 
     </span>
     <span class='ocr_line' id='line_1_30' title="bbox 12 2735 1255 2833; baseline 0.002 -36"><span class='ocrx_word' id='word_1_293' title='bbox 12 2777 27 2797; x_wconf 42' lang='lat' dir='ltr'><strong>e</strong></span> <span class='ocrx_word' id='word_1_294' title='bbox 84 2754 184 2833; x_wconf 69' lang='lat' dir='ltr'><strong>eteu.</strong></span> <span class='ocrx_word' id='word_1_295' title='bbox 183 2741 273 2801; x_wconf 90' lang='lat' dir='ltr'><strong>illum</strong></span> <span class='ocrx_word' id='word_1_296' title='bbox 291 2740 465 2821; x_wconf 70' lang='lat' dir='ltr'><strong>accusando</strong></span> <span class='ocrx_word' id='word_1_297' title='bbox 480 2740 591 2800; x_wconf 93' lang='lat' dir='ltr'><strong>nostris</strong></span> <span class='ocrx_word' id='word_1_298' title='bbox 609 2752 640 2799; x_wconf 91' lang='lat' dir='ltr'><strong>te</strong></span> <span class='ocrx_word' id='word_1_299' title='bbox 658 2738 808 2799; x_wconf 83' lang='lat' dir='ltr'><strong>mercibus</strong></span> <span class='ocrx_word' id='word_1_300' title='bbox 827 2739 1003 2818; x_wconf 87' lang='lat' dir='ltr'><strong>potiturum.</strong></span> <span class='ocrx_word' id='word_1_301' title='bbox 1032 2735 1125 2799; x_wconf 89' lang='lat' dir='ltr'><strong>Cuius</strong></span> <span class='ocrx_word' id='word_1_302' title='bbox 1143 2739 1190 2798; x_wconf 86' lang='lat' dir='ltr'><strong>rei</strong></span> <span class='ocrx_word' id='word_1_303' title='bbox 1206 2759 1255 2799; x_wconf 86' lang='lat' dir='ltr'><strong>ar·</strong></span> 
     </span>
     <span class='ocr_line' id='line_1_31' title="bbox 84 2815 1323 2923; baseline 0 -37"><span class='ocrx_word' id='word_1_304' title='bbox 84 2837 265 2923; x_wconf 81' lang='lat' dir='ltr'><strong>gumentum</strong></span> <span class='ocrx_word' id='word_1_305' title='bbox 289 2825 365 2885; x_wconf 96' lang='lat' dir='ltr'><strong>illud</strong></span> <span class='ocrx_word' id='word_1_306' title='bbox 383 2815 521 2895; x_wconf 82' lang='lat' dir='ltr'><strong>evidens</strong></span> <span class='ocrx_word' id='word_1_307' title='bbox 540 2836 597 2883; x_wconf 88' lang='lat' dir='ltr'><strong>est:</strong></span> <span class='ocrx_word' id='word_1_308' title='bbox 623 2824 691 2904; x_wconf 82' lang='lat' dir='ltr'><strong>Ego</strong></span> <span class='ocrx_word' id='word_1_309' title='bbox 716 2845 785 2883; x_wconf 90' lang='lat' dir='ltr'><strong>eum</strong></span> <span class='ocrx_word' id='word_1_310' title='bbox 810 2823 924 2906; x_wconf 89' lang='lat' dir='ltr'><strong>citabo:</strong></span> <span class='ocrx_word' id='word_1_311' title='bbox 948 2837 981 2884; x_wconf 91' lang='lat' dir='ltr'><strong>tu</strong></span> <span class='ocrx_word' id='word_1_312' title='bbox 1007 2845 1064 2885; x_wconf 90' lang='lat' dir='ltr'><strong>nec</strong></span> <span class='ocrx_word' id='word_1_313' title='bbox 1088 2824 1254 2904; x_wconf 85' lang='lat' dir='ltr'><strong>sponsione</strong></span> <span class='ocrx_word' id='word_1_314' title='bbox 1281 2833 1323 2890; x_wconf 82' lang='lat'><strong>52</strong></span> 
     </span>
     <span class='ocr_line' id='line_1_32' title="bbox 10 2908 1254 2993; baseline -0.002 -23"><span class='ocrx_word' id='word_1_315' title='bbox 10 2954 12 2961; x_wconf 74' lang='lat'><em>·</em></span> <span class='ocrx_word' id='word_1_316' title='bbox 84 2908 245 2993; x_wconf 82' lang='lat' dir='ltr'><strong>obligasti,</strong></span> <span class='ocrx_word' id='word_1_317' title='bbox 264 2930 363 2989; x_wconf 88' lang='lat' dir='ltr'><strong>neque</strong></span> <span class='ocrx_word' id='word_1_318' title='bbox 383 2930 464 2969; x_wconf 91' lang='lat' dir='ltr'><strong>Nunc</strong></span> <span class='ocrx_word' id='word_1_319' title='bbox 483 2909 596 2972; x_wconf 87' lang='lat' dir='ltr'><strong>citabis</strong></span> <span class='ocrx_word' id='word_1_320' title='bbox 629 2908 789 2968; x_wconf 85' lang='lat' dir='ltr'><strong>Praeterea</strong></span> <span class='ocrx_word' id='word_1_321' title='bbox 806 2928 874 2988; x_wconf 90' lang='lat' dir='ltr'><strong>spes</strong></span> <span class='ocrx_word' id='word_1_322' title='bbox 893 2909 981 2969; x_wconf 89' lang='lat' dir='ltr'><strong>etiam</strong></span> <span class='ocrx_word' id='word_1_323' title='bbox 995 2909 1118 2970; x_wconf 73' lang='lat' dir='ltr'><strong>abacis</strong></span> <span class='ocrx_word' id='word_1_324' title='bbox 1138 2922 1184 2969; x_wconf 87' lang='lat' dir='ltr'><strong>est</strong></span> <span class='ocrx_word' id='word_1_325' title='bbox 1200 2929 1254 2970; x_wconf 89' lang='lat' dir='ltr'><strong>vc-</strong></span> 
     </span>
     <span class='ocr_line' id='line_1_33' title="bbox 83 2989 1255 3076; baseline -0.003 -20"><span class='ocrx_word' id='word_1_326' title='bbox 83 2995 143 3056; x_wconf 89' lang='lat' dir='ltr'><strong>stri</strong></span> <span class='ocrx_word' id='word_1_327' title='bbox 163 2994 420 3054; x_wconf 82' lang='lat' dir='ltr'><strong>circumveniendi</strong></span> <span class='ocrx_word' id='word_1_328' title='bbox 439 3007 469 3053; x_wconf 89' lang='lat' dir='ltr'><strong>et</strong></span> <span class='ocrx_word' id='word_1_329' title='bbox 485 2993 617 3061; x_wconf 76' lang='lat' dir='ltr'><strong>fallendi.</strong></span> <span class='ocrx_word' id='word_1_330' title='bbox 653 2989 903 3076; x_wconf 77' lang='lat' dir='ltr'><strong>Criminahuntur</strong></span> <span class='ocrx_word' id='word_1_331' title='bbox 918 2993 1174 3067; x_wconf 83' lang='lat' dir='ltr'><strong>Demosthenem,</strong></span> <span class='ocrx_word' id='word_1_332' title='bbox 1200 3014 1255 3054; x_wconf 88' lang='lat' dir='ltr'><strong>eo-</strong></span> 
     </span>
     <span class='ocr_line' id='line_1_34' title="bbox 83 3068 1256 3161; baseline -0.001 -22"><span class='ocrx_word' id='word_1_333' title='bbox 83 3101 148 3161; x_wconf 91' lang='lat' dir='ltr'><strong>que</strong></span> <span class='ocrx_word' id='word_1_334' title='bbox 173 3098 221 3139; x_wconf 90' lang='lat' dir='ltr'><strong>me</strong></span> <span class='ocrx_word' id='word_1_335' title='bbox 246 3079 358 3157; x_wconf 84' lang='lat' dir='ltr'><strong>fretum</strong></span> <span class='ocrx_word' id='word_1_336' title='bbox 385 3068 487 3138; x_wconf 86' lang='lat' dir='ltr'><strong>dicent</strong></span> <span class='ocrx_word' id='word_1_337' title='bbox 512 3077 650 3138; x_wconf 82' lang='lat' dir='ltr'><strong>eduxisse</strong></span> <span class='ocrx_word' id='word_1_338' title='bbox 674 3077 781 3137; x_wconf 90' lang='lat' dir='ltr'><strong>istum:</strong></span> <span class='ocrx_word' id='word_1_339' title='bbox 807 3072 979 3139; x_wconf 86' lang='lat' dir='ltr'><strong>existimant</strong></span> <span class='ocrx_word' id='word_1_340' title='bbox 1004 3079 1100 3151; x_wconf 84' lang='lat' dir='ltr'><strong>enim,</strong></span> <span class='ocrx_word' id='word_1_341' title='bbox 1127 3079 1197 3158; x_wconf 90' lang='lat' dir='ltr'><strong>quia</strong></span> <span class='ocrx_word' id='word_1_342' title='bbox 1223 3091 1256 3138; x_wconf 90' lang='lat' dir='ltr'><strong>et</strong></span> 
     </span>
     <span class='ocr_line' id='line_1_35' title="bbox 83 3160 1255 3242; baseline -0.001 -18"><span class='ocrx_word' id='word_1_343' title='bbox 83 3176 191 3225; x_wconf 87' lang='lat' dir='ltr'><strong>orator</strong></span> <span class='ocrx_word' id='word_1_344' title='bbox 208 3164 260 3235; x_wconf 86' lang='lat' dir='ltr'><strong>ille</strong></span> <span class='ocrx_word' id='word_1_345' title='bbox 280 3164 320 3223; x_wconf 87' lang='lat' dir='ltr'><strong>sit</strong></span> <span class='ocrx_word' id='word_1_346' title='bbox 338 3177 368 3224; x_wconf 91' lang='lat' dir='ltr'><strong>et</strong></span> <span class='ocrx_word' id='word_1_347' title='bbox 385 3163 529 3235; x_wconf 87' lang='lat' dir='ltr'><strong>celebris,</strong></span> <span class='ocrx_word' id='word_1_348' title='bbox 559 3160 715 3242; x_wconf 88' lang='lat' dir='ltr'><strong>probabile</strong></span> <span class='ocrx_word' id='word_1_349' title='bbox 734 3182 767 3221; x_wconf 88' lang='lat' dir='ltr'><strong>se</strong></span> <span class='ocrx_word' id='word_1_350' title='bbox 785 3163 899 3224; x_wconf 89' lang='lat' dir='ltr'><strong>crimen</strong></span> <span class='ocrx_word' id='word_1_351' title='bbox 916 3164 1034 3224; x_wconf 82' lang='lat' dir='ltr'><strong>afferre.</strong></span> <span class='ocrx_word' id='word_1_352' title='bbox 1068 3163 1153 3239; x_wconf 33' lang='lat' dir='ltr'><strong>„Mihi</strong></span> <span class='ocrx_word' id='word_1_353' title='bbox 1170 3183 1255 3237; x_wconf 89' lang='lat' dir='ltr'><strong>vero,</strong></span> 
     </span>
     <span class='ocr_line' id='line_1_36' title="bbox 83 3246 1255 3331; baseline -0.002 -22"><span class='ocrx_word' id='word_1_354' title='bbox 83 3246 310 3322; x_wconf 79' lang='lat' dir='ltr'><strong>Athenienses,</strong></span> <span class='ocrx_word' id='word_1_355' title='bbox 345 3261 465 3331; x_wconf 82' lang='lat' dir='ltr'><strong>genere</strong></span> <span class='ocrx_word' id='word_1_356' title='bbox 475 3269 546 3307; x_wconf 89' lang='lat' dir='ltr'><strong>sane</strong></span> <span class='ocrx_word' id='word_1_357' title='bbox 565 3247 746 3306; x_wconf 88' lang='lat' dir='ltr'><strong>coniunctus</strong></span> <span class='ocrx_word' id='word_1_358' title='bbox 766 3259 812 3306; x_wconf 89' lang='lat' dir='ltr'><strong>est</strong></span> <span class='ocrx_word' id='word_1_359' title='bbox 827 3249 1051 3320; x_wconf 88' lang='lat' dir='ltr'><strong>Demosthenes</strong></span> <span class='ocrx_word' id='word_1_360' title='bbox 1076 3247 1182 3331; x_wconf 87' lang='lat' dir='ltr'><strong>(atque</strong></span> <span class='ocrx_word' id='word_1_361' title='bbox 1198 3269 1255 3329; x_wconf 88' lang='lat' dir='ltr'><strong>per</strong></span> 
     </span>
     <span class='ocr_line' id='line_1_37' title="bbox 85 3332 1254 3415; baseline -0.002 -20"><span class='ocrx_word' id='word_1_362' title='bbox 85 3356 195 3395; x_wconf 90' lang='lat' dir='ltr'><strong>omnes</strong></span> <span class='ocrx_word' id='word_1_363' title='bbox 218 3333 307 3394; x_wconf 76' lang='lat' dir='ltr'><strong>uobis</strong></span> <span class='ocrx_word' id='word_1_364' title='bbox 330 3334 435 3394; x_wconf 88' lang='lat' dir='ltr'><strong>adiuro</strong></span> <span class='ocrx_word' id='word_1_365' title='bbox 460 3333 553 3406; x_wconf 86' lang='lat' dir='ltr'><strong>deos,</strong></span> <span class='ocrx_word' id='word_1_366' title='bbox 580 3352 628 3391; x_wconf 86' lang='lat' dir='ltr'><strong>me</strong></span> <span class='ocrx_word' id='word_1_367' title='bbox 652 3352 721 3391; x_wconf 90' lang='lat' dir='ltr'><strong>vera</strong></span> <span class='ocrx_word' id='word_1_368' title='bbox 745 3332 925 3415; x_wconf 87' lang='lat' dir='ltr'><strong>dicturum):</strong></span> <span class='ocrx_word' id='word_1_369' title='bbox 952 3334 1005 3395; x_wconf 87' lang='lat' dir='ltr'><strong>sed</strong></span> <span class='ocrx_word' id='word_1_370' title='bbox 1031 3344 1097 3393; x_wconf 84' lang='lat' dir='ltr'><strong>cum</strong></span> <span class='ocrx_word' id='word_1_371' title='bbox 1122 3334 1159 3394; x_wconf 88' lang='lat' dir='ltr'><strong>ad</strong></span> <span class='ocrx_word' id='word_1_372' title='bbox 1184 3353 1254 3393; x_wconf 89' lang='lat' dir='ltr'><strong>eum</strong></span> 
     </span>
     <span class='ocr_line' id='line_1_38' title="bbox 73 3417 1255 3504; baseline -0.002 -24"><span class='ocrx_word' id='word_1_373' title='bbox 73 3421 299 3504; x_wconf 59' lang='lat' dir='ltr'><strong>&#39;accessissem</strong></span> <span class='ocrx_word' id='word_1_374' title='bbox 333 3432 394 3491; x_wconf 88' lang='lat' dir='ltr'><strong>et,-·</strong></span> <span class='ocrx_word' id='word_1_375' title='bbox 412 3430 448 3478; x_wconf 90' lang='lat' dir='ltr'><strong>ut</strong></span> <span class='ocrx_word' id='word_1_376' title='bbox 465 3417 539 3476; x_wconf 82' lang='lat' dir='ltr'><strong>mrhr</strong></span> <span class='ocrx_word' id='word_1_377' title='bbox 547 3418 676 3481; x_wconf 81' lang='lat' dir='ltr'><strong>adesset</strong></span> <span class='ocrx_word' id='word_1_378' title='bbox 694 3436 845 3497; x_wconf 91' lang='lat' dir='ltr'><strong>opemque</strong></span> <span class='ocrx_word' id='word_1_379' title='bbox 862 3418 975 3492; x_wconf 83' lang='lat' dir='ltr'><strong>ferret,</strong></span> <span class='ocrx_word' id='word_1_380' title='bbox 1005 3421 1031 3476; x_wconf 93' lang='lat' dir='ltr'><strong>si</strong></span> <span class='ocrx_word' id='word_1_381' title='bbox 1049 3418 1122 3497; x_wconf 83' lang='lat' dir='ltr'><strong>qurd</strong></span> <span class='ocrx_word' id='word_1_382' title='bbox 1139 3429 1255 3499; x_wconf 79' lang='lat' dir='ltr'><strong>posset,</strong></span> 
     </span>
     <span class='ocr_line' id='line_1_39' title="bbox 84 3482 1255 3588; baseline -0.003 -23"><span class='ocrx_word' id='word_1_383' title='bbox 84 3507 291 3588; x_wconf 83' lang='lat' dir='ltr'><strong>postularem·</strong></span> <span class='ocrx_word' id='word_1_384' title='bbox 309 3497 392 3586; x_wconf 83' lang='lat' dir='ltr'><strong>Ego,</strong></span> <span class='ocrx_word' id='word_1_385' title='bbox 412 3504 546 3574; x_wconf 89' lang='lat' dir='ltr'><strong>Demon,</strong></span> <span class='ocrx_word' id='word_1_386' title='bbox 560 3482 687 3581; x_wconf 74' lang='lat' dir='ltr'><strong>inquit,</strong></span> <span class='ocrx_word' id='word_1_387' title='bbox 704 3500 821 3576; x_wconf 81' lang='lat' dir='ltr'><strong>saciant,</strong></span> <span class='ocrx_word' id='word_1_388' title='bbox 838 3515 874 3563; x_wconf 91' lang='lat' dir='ltr'><strong>ut</strong></span> <span class='ocrx_word' id='word_1_389' title='bbox 890 3515 923 3563; x_wconf 89' lang='lat' dir='ltr'><strong>tu</strong></span> <span class='ocrx_word' id='word_1_390' title='bbox 942 3503 1065 3562; x_wconf 89' lang='lat' dir='ltr'><strong>iusseris</strong></span> <span class='ocrx_word' id='word_1_391' title='bbox 1083 3498 1154 3584; x_wconf 85' lang='lat' dir='ltr'><strong>(Nec</strong></span> <span class='ocrx_word' id='word_1_392' title='bbox 1173 3502 1255 3571; x_wconf 87' lang='lat' dir='ltr'><strong>enim</strong></span> 
     </span>
     <span class='ocr_line' id='line_1_40' title="bbox 84 3582 1324 3670; baseline -0.005 -19"><span class='ocrx_word' id='word_1_393' title='bbox 84 3590 167 3651; x_wconf 84' lang='lat' dir='ltr'><strong>alind</strong></span> <span class='ocrx_word' id='word_1_394' title='bbox 185 3610 234 3650; x_wconf 90' lang='lat' dir='ltr'><strong>me</strong></span> <span class='ocrx_word' id='word_1_395' title='bbox 255 3585 421 3670; x_wconf 89' lang='lat' dir='ltr'><strong>decuerit):</strong></span> <span class='ocrx_word' id='word_1_396' title='bbox 432 3587 492 3651; x_wconf 87' lang='lat' dir='ltr'><strong>sed</strong></span> <span class='ocrx_word' id='word_1_397' title='bbox 509 3594 610 3647; x_wconf 75' lang='lat' dir='ltr'><strong>tamesi</strong></span> <span class='ocrx_word' id='word_1_398' title='bbox 630 3586 719 3646; x_wconf 83' lang='lat' dir='ltr'><strong>ettui</strong></span> <span class='ocrx_word' id='word_1_399' title='bbox 733 3600 763 3647; x_wconf 89' lang='lat' dir='ltr'><strong>et</strong></span> <span class='ocrx_word' id='word_1_400' title='bbox 778 3588 838 3647; x_wconf 89' lang='lat' dir='ltr'><strong>mei</strong></span> <span class='ocrx_word' id='word_1_401' title='bbox 857 3601 902 3648; x_wconf 89' lang='lat' dir='ltr'><strong>est</strong></span> <span class='ocrx_word' id='word_1_402' title='bbox 919 3588 1057 3648; x_wconf 85' lang='lat' dir='ltr'><strong>habenda</strong></span> <span class='ocrx_word' id='word_1_403' title='bbox 1074 3587 1160 3646; x_wconf 88' lang='lat' dir='ltr'><strong>ratio.</strong></span> <span class='ocrx_word' id='word_1_404' title='bbox 1177 3586 1255 3646; x_wconf 88' lang='lat' dir='ltr'><strong>Mihi</strong></span> <span class='ocrx_word' id='word_1_405' title='bbox 1279 3630 1284 3639; x_wconf 83' lang='lat'>.</span> <span class='ocrx_word' id='word_1_406' title='bbox 1321 3582 1324 3586; x_wconf 71' lang='grc'><strong>’</strong></span> 
     </span>
     <span class='ocr_line' id='line_1_41' title="bbox 84 3671 1254 3773; baseline -0.005 -37"><span class='ocrx_word' id='word_1_407' title='bbox 84 3698 142 3736; x_wconf 87' lang='lat' dir='ltr'><strong>usu</strong></span> <span class='ocrx_word' id='word_1_408' title='bbox 161 3676 264 3748; x_wconf 82' lang='lat' dir='ltr'><strong>venit,</strong></span> <span class='ocrx_word' id='word_1_409' title='bbox 282 3695 319 3734; x_wconf 86' lang='lat' dir='ltr'><strong>ex</strong></span> <span class='ocrx_word' id='word_1_410' title='bbox 338 3694 399 3773; x_wconf 86' lang='lat' dir='ltr'><strong>quo</strong></span> <span class='ocrx_word' id='word_1_411' title='bbox 419 3673 456 3731; x_wconf 94' lang='lat' dir='ltr'><strong>de</strong></span> <span class='ocrx_word' id='word_1_412' title='bbox 474 3671 630 3763; x_wconf 83' lang='lat' dir='ltr'><strong>republica</strong></span> <span class='ocrx_word' id='word_1_413' title='bbox 648 3671 819 3732; x_wconf 74' lang='lat' dir='ltr'><strong>conciones</strong></span> <span class='ocrx_word' id='word_1_414' title='bbox 831 3673 941 3734; x_wconf 89' lang='lat' dir='ltr'><strong>habere</strong></span> <span class='ocrx_word' id='word_1_415' title='bbox 959 3672 1060 3754; x_wconf 90' lang='lat' dir='ltr'><strong>coepi,</strong></span> <span class='ocrx_word' id='word_1_416' title='bbox 1077 3684 1113 3731; x_wconf 90' lang='grc' dir='ltr'><strong>ιιι</strong></span> <span class='ocrx_word' id='word_1_417' title='bbox 1130 3672 1166 3731; x_wconf 94' lang='lat' dir='ltr'><strong>ad</strong></span> <span class='ocrx_word' id='word_1_418' title='bbox 1185 3672 1254 3731; x_wconf 87' lang='lat' dir='ltr'><strong>nul</strong></span> 
     </span>
     <span class='ocr_line' id='line_1_42' title="bbox 79 3755 1335 3841; baseline -0.004 -20"><span class='ocrx_word' id='word_1_419' title='bbox 79 3762 142 3822; x_wconf 79' lang='lat' dir='ltr'><strong>lam</strong></span> <span class='ocrx_word' id='word_1_420' title='bbox 158 3781 298 3841; x_wconf 84' lang='lat' dir='ltr'><strong>unquam</strong></span> <span class='ocrx_word' id='word_1_421' title='bbox 317 3759 462 3840; x_wconf 76' lang='lat' dir='ltr'><strong>priuatam</strong></span> <span class='ocrx_word' id='word_1_422' title='bbox 481 3778 600 3817; x_wconf 87' lang='lat' dir='ltr'><strong>causam</strong></span> <span class='ocrx_word' id='word_1_423' title='bbox 619 3757 815 3832; x_wconf 85' lang='lat' dir='ltr'><strong>accesserim,</strong></span> <span class='ocrx_word' id='word_1_424' title='bbox 847 3759 929 3819; x_wconf 90' lang='lat' dir='ltr'><strong>sed</strong></span> <span class='ocrx_word' id='word_1_425' title='bbox 921 3782 952 3819; x_wconf 92' lang='lat' dir='ltr'><strong>m</strong></span> <span class='ocrx_word' id='word_1_426' title='bbox 970 3758 1033 3839; x_wconf 88' lang='lat' dir='ltr'><strong>ipsa</strong></span> <span class='ocrx_word' id='word_1_427' title='bbox 1052 3759 1142 3818; x_wconf 88' lang='lat' dir='ltr'><strong>etiam</strong></span> <span class='ocrx_word' id='word_1_428' title='bbox 1159 3755 1255 3816; x_wconf 88' lang='lat' dir='ltr'><strong>admi·</strong></span> <span class='ocrx_word' id='word_1_429' title='bbox 1331 3760 1335 3767; x_wconf 87' lang='lat'>&#39;</span> 
     </span>
     <span class='ocr_line' id='line_1_43' title="bbox 86 3840 761 3933; baseline -0.001 -29"><span class='ocrx_word' id='word_1_430' title='bbox 86 3845 267 3909; x_wconf 86' lang='lat' dir='ltr'><strong>nistratione</strong></span> <span class='ocrx_word' id='word_1_431' title='bbox 286 3843 472 3933; x_wconf 81' lang='lat' dir='ltr'><strong>reipublicae</strong></span> <span class='ocrx_word' id='word_1_432' title='bbox 492 3842 561 3904; x_wconf 86' lang='lat' dir='ltr'><strong>talia</strong></span> <span class='ocrx_word' id='word_1_433' title='bbox 580 3840 761 3903; x_wconf 90' lang='lat' dir='ltr'><strong>declinarim.</strong></span> 
     </span>
    </p>
   </div>
   <div class='ocr_carea' id='block_1_3' title="bbox 419 4108 930 4141">
    <p class='ocr_par' dir='ltr' id='par_1_3' title="bbox 419 4108 930 4141">
     <span class='ocr_line' id='line_1_44' title="bbox 419 4108 930 4141; baseline 0 -5"><span class='ocrx_word' id='word_1_434' title='bbox 419 4108 930 4141; x_wconf 45' lang='lat' dir='ltr'><strong>——w-—ss-W—k.</strong></span> 
     </span>
    </p>
   </div>
   <div class='ocr_carea' id='block_1_4' title="bbox 0 0 1378 4754">
    <p class='ocr_par' dir='ltr' id='par_1_4' title="bbox 0 0 1378 4754">
     <span class='ocr_line' id='line_1_45' title="bbox 0 0 1378 4754; baseline 0 0"><span class='ocrx_word' id='word_1_435' title='bbox 0 0 1378 4754; x_wconf 95' lang='lat' dir='ltr'><strong> </strong></span> 
     </span>
    </p>
   </div>
  </div>
 </body>
</html>
