2722 4754
89 223 174 282 as
379 186 1014 277 .‘‚ouuosruuu1s,·oanr10

111 344 263 448 ⁴Video,
281 366 509 443 Athenienses,
542 369 617 450 hacc
640 369 770 456 negotia.
788 372 897 432 multas
921 371 1033 449 babere
1057 370 1252 454 difficultates
1261 389 1269 406 ··
1278 380 1307 428 et

54 457 62 465 ’
134 459 255 522 turbas:
281 479 345 519 non
362 471 401 517 eo
418 468 554 530 tantum,
580 457 662 537 quod
681 457 776 517 multa
793 477 849 537 per
867 457 1018 517 'incuriam
1036 468 1108 516 sunt
1125 455 1252 539 amissa,
1273 465 1312 519 ,οἵ

135 547 215 606 bene
232 546 270 605 de
284 543 328 604 eis
347 541 477 604 dicendo
494 541 572 602 nihil
589 542 763 622 proficitur:
779 563 885 602 verum
899 543 939 601 ob
952 542 1028 603 illud
1047 541 1147 615 etiam,
1165 538 1251 621 quod
1267 539 1307 601 'de

134 629 262 710 reliquis
276 627 359 687 nulla
374 639 510 708 exparte
525 648 640 702 omnes,
656 628 728 707 quid
743 626 891 709 expediat,
907 627 1119 693 consentiunt:
1137 626 1192 686 sed
1206 623 1240 684 hi
1255 623 1306 698 sic',
1336 632 1338 636 ’

135 716 182 775 illi
201 714 288 773 aliter
306 712 476 792 opinantur.
512 711 567 773 Est
584 724 685 774 autem
704 734 773 772 eum
792 724 897 792 suapte
917 724 1022 772 natura
1048 708 1256 794 periculosum
1274 731 1305 769 ac
1330 730 1340 749 ¹·

137 799 284 871 difficile,
297 799 366 861 dare
385 798 561 858 consilium:
587 809 653 857 tum
670 817 742 870 vos,
765 797 987 871 Athenienses,
1004 797 1064 857 boc
1082 797 1180 856 multo
1199 792 1306 854 diffici-

136 885 195 951 lius
215 883 370 953 effecistis.
404 883 481 943 Nam
501 886 594 963 quu'm
613 903 719 943 omnes
737 883 790 942 alii
808 896 876 945 ante
895 903 959 942 rem
978 882 1164 942 deliberent:
1182 901 1257 954 vos,
1275 901 1306 940 re

116 970 195 1038 „iam
214 970 357 1050 perfecta,
375 968 407 1027 id
422 969 520 1027 lacere
530 967 649 1042 soletis.
684 969 728 1026 Ex
744 988 984 1053 quoperomne
1002 981 1132 1049 tempus,
1151 967 1236 1046 quod
1251 987 1312 1048 ego

137 1052 338 1127 meminerim,
356 1052 482 1126 accidit,
500 1064 536 1112 ut
554 1064 585 1112 et
603 1053 638 1126 is,
658 1052 712 1132 qui
729 1053 838 1112 delicta
856 1067 954 1113 vestra
971 1052 1225 1134 reprehenderet,
1243 1051 1308 1111 lau-

141 1141 264 1202 daretur
295 1158 427 1218 vereque
446 1138 546 1198 dicere
573 1139 746 1213 videretur,
770 1151 802 1199 et
818 1159 919 1198 rerum
938 1140 1155 1220 gerendarum,
1181 1136 1308 1218 quaein
1336 1165 1346 1173 -

81 1222 121 1281 38
141 1224 391 1286 deliberationem
405 1225 556 1296 caderent,
571 1223 746 1284 occasiones
758 1244 812 1284 vos
825 1218 1010 1284 amitteretis.
1029 1225 1115 1298 Quae
1128 1243 1309 1302 quamquam

137 1312 179 1372 ita
197 1323 285 1370 sunt:
302 1322 403 1369 tamen
422 1308 562 1382 arbitror,
581 1321 612 1369 et
627 1308 770 1389 quiahoc
788 1316 964 1390 persuasum
979 1308 1096 1382 habeo,
1107 1308 1233 1382 surrexi,
1250 1326 1310 1380 me,

122 1398 166 1466 ‚si
185 1395 302 1471 omissis
321 1393 502 1454 tumultibus
522 1406 553 1454 et
570 1394 641 1454 rixis
660 1394 765 1454 audire
783 1394 941 1456 volueritis
960 1393 1005 1477 (id
1024 1395 1106 1475 quod
1123 1394 1161 1454 de
1173 1390 1310 1475 republi,

139 1502 173 1543 ea
192 1480 346 1559 tantisque
364 1479 498 1562 negotiis
516 1476 753 1539 deliberantibus
772 1478 897 1561 omnino
916 1479 1088 1539 faciendum
1107 1476 1185 1562 est),
1211 1498 1251 1559 ea
1264 1476 1310 1537 di-

111 1616 113 1621 .
138 1578 260 1641 ctutum
270 1576 301 1624 et
309 1585 477 1637 suasurum,
492 1582 632 1645 perquae
643 1578 782 1625 etr-erum
797 1558 891 1626 status
905 1565 1092 1639 emendetur,
1108 1577 1140 1623 et
1148 1563 1312 1638 amissa'ress
1336 1610 1346 1624 ,

70 1658 77 1669 “
104 1712 108 1719 Χ
140 1662 332 1733 cuperentur.
367 1651 471 1725 Qdum
488 1656 560 1711 vero
580 1649 651 1710 satis
669 1650 774 1724 sciam,
791 1649 1012 1723 Athenienses,
1031 1668 1151 1731 semper
1169 1646 1312 1731 expedire

140 1737 305 1819 plurimum
318 1736 398 1813 apud
410 1755 465 1793 vos
483 1732 524 1816 (si
539 1734 608 1814 quis
621 1736 714 1795 modo
733 1732 866 1818 audeat),
885 1732 1019 1816 ea,'q'uae
1038 1742 1107 1795 ante
1127 1734 1245 1806 dixerit,
1261 1752 1312 1797 re·
1345 1800 1348 1805 ,

71 1880 73 1884 ,
139 1813 256 1904 petere,
267 1832 308 1879 'ae
326 1820 363 1878 de
382 1818 546 1899 semetipso
564 1820 656 1880 verba
674 1821 789 1880 facere:
808 1842 865 1905 ego
883 1814 985 1880 tamen
1002 1820 1035 1880 id
1047 1813 1130 1881 ¹a‘deo
1146 1811 1313 1879 molestum

141 1916 173 1969 ‘et
187 1905 328 1987 odiosum
347 1925 412 1964 esse
430 1917 516 1984 puto,
533 1902 1013 1985 ut,,quamquam'necessitatem
1025 1904 1084 1964 hoc
1097 1896 1252 1991 postulare
1267 1903 1312 1962 vi-

141 1994 211 2064 deo,
228 1996 330 2049 tamen
342 1986 432 2048 abeo
446 1989 632 2050 abhorream.
650 1984 797 2055 Existimo
816 2002 917 2049 tamen
934 2011 988 2073 vos
1003 1969 1117 2065 dehis,
1134 1992 1325 2083 quae'ununc‘

142 2077 248 2148 dicam,
267 2074 380 2148 rectius
399 2074 602 2149 iudicaturos,
621 2075 647 2137 si
664 2092 770 2156 pauca,
787 2076 870 2156 prius
890 2075 1053 2154 aliquando
1072 2092 1155 2135 ame
1173 2072 1263 2147 dicta,
1280 2074 1315 2132 in

90 2175 92 2178 ’
141 2159 317 2229 memoriam
330 2159 489 2219 revocetis.
506 2160 583 2242 Ego,
599 2159 814 2234 Athenienses,
832 2160 962 2241 primum
981 2181 1075 2239 quum
1091 2158 1191 2234 uobis,
1208 2147 1314 2219 turbi-

139 2260 175 2308 to
193 2244 338 2304 Euboeae
365 2256 460 2317 statu,
490 2245 611 2324 quidam
637 2241 815 2318 suaderent,
838 2257 874 2305 ut
900 2266 988 2326 opem
1006 2244 1169 2305 Plutarcho
1194 2243 1315 2304 ferretis

141 2331 318 2410 bellumque
336 2329 472 2412 ignobile
492 2343 523 2389 et
538 2343 728 2390 sumtuosum
746 2326 955 2412 susciperetis:
973 2330 1089 2411 primus
1107 2340 1139 2391 et
1155 2326 1239 2390 solus
1258 2326 1333 2412 pro.

143 2415 298 2476 concione'
312 2414 484 2475 adversatus
503 2438 585 2475 sum:
604 2416 771 2497 parumque
789 2416 900 2491 abluit,
921 2416 996 2497 qu'in
1014 2415 1075 2489 isti,
1093 2416 1147 2497 qui
1164 2415 1249 2497 parvi
1267 2414 1315 2474 lu·
1341 2407 1345 2412 ¹

143 2501 213 2581 celli
231 2518 319 2560 causa
339 2521 404 2576 ‘vos
431 2499 493 2560 suis
513 2500 647 2561 consiliis
666 2501 845 2584 in-magnas
866 2515 896 2562 ct
913 2501 1022 2561 multas
1048 2496 1147 2561 clades
1173 2501 1316 2560 coniece-

79 2615 82 2619 ·
142 2599 231 2659 runt,
249 2583 504 2649 mediluniarent
538 2587 658 2646 Deinde
677 2578 776 2668 parvo·
787 2598 926 2669 tempore
944 2587 1205 2667 praeterito,'uuos
1224 2584 1317 2653 simul

144 2685 175 2732 ct
192 2670 391 2754 ignominiam
408 2664 597 2750 rcp‘ortasiis,
617 2673 648 2731 e't
665 2671 701 2731 iis
719 2672 839 2746 iniuriis
858 2672 960 2733 affecti
980 2672 1062 2745 estis,
1079 2666 1317 2752 qualibus'riulli

111 2773 115 2779 '
142 2755 303 2815 hominum
327 2752 461 2834 unquam
489 2756 526 2816 ab
545 2757 600 2831 iis,
618 2756 731 2837 quibus
751 2750 1203 2841 opem'tulerantzveade‘mtpue
1222 2762 1327 2836 opera‘

144 2839 330 2922 cognovistis
350 2854 455 2898 omnes
472 2853 537 2900 tum
553 2840 724 2901 istiusmodi
743 2843 983 2903 consiliariorum
998 2841 1230 2923 improbitatem,
1247 2852 1316 2899 tum

76 2988 79 2993 ,
143 2946 251 2996 meam,
270 2923 323 3003 qui
336 2924 495 2985 utilissima
509 2925 697 3006 'reipublicae
712 2926 853 3001 dixeram,
871 2928 1083 3010 integritatem.
1100 2927 1174 2986 Post
1186 2923 1328 2997 iter-unu.

143 3008 364 3093 Athenienses,
380 3032 476 3088 vquum
498 3011 716 3090 perspexissem
732 3011 912 3073 histrionem
925 3005 1233 3094 Neoptolemumpfer
1248 3030 1318 3092 spe-

88 3098 90 3102 ’
145 3097 223 3156 ciem
242 3115 313 3153 suae
332 3095 403 3153 artis
423 3094 541 3174 quidvis
560 3096 684 3177 impunc
705 3109 814 3181 agere,
832 3119 865 3158 ac
884 3098 1005 3158 interim
1024 3088 1318 3178 perniciosissimum

125 3193 211 3240 'esse
229 3178 415 3259 reipublicae
434 3201 568 3261 opesque
583 3190 699 3243 'vestras
719 3190 828 3242 'omnes
849 3195 880 3243 et
896 3177 1045 3264 praesidia
1064 3180 1170 3242 solerti
1187 3179 1318 3240 admini-
1356 3192 1357 3199 ’

146 3264 294 3325 stratione
312 3258 739 3347 transserre‘ad'Philippum:
765 3266 865 3348 prodii
898 3268 1082 3349 publiceque
1101 3267 1133 3326 id
1158 3266 1245 3326 vobis
1266 3287 1317 3324 ex-

145 3350 252 3432 posui,
271 3348 362 3413 nullis
381 3350 504 3431 privatis
523 3351 571 3410 vel
590 3351 773 3425 inimicitiis,
797 3353 846 3412 vel
865 3352 1187 3413 calumnianth'studio
1206 3349 1316 3431 impul-

146 3457 196 3505 sus
206 3445 221 3492 ε’
244 3434 498 3513 quemadmodum
515 3435 602 3510 saeta,
621 3446 698 3516 q'ua'e
716 3450 918 3513 secunaum,
937 3439 1133 3498 declararunt
1163 3434 1266 3516 Atqu'e
1285 3435 1319 3494 in

132 3520 192 3578 Ibis
210 3539 274 3586 non
289 3519 348 3578 iam
362 3519 558 3599 Neoptolemi
577 3522 752 3582 destnsores
769 3515 917 3583 accusabo
936 3521 1050 3605 (neque
1070 3522 1151 3582 enim
1164 3527 1244 3580 unus
1263 3518 1319 3593 ali-

147 3604 214 3685 quis
226 3601 309 3687 suit),
327 3605 380 3664 sed
395 3624 448 3663 vos
465 3605 554 3690 ipsos.
568 3607 676 3683 namsi
690 3606 1102 3692 Bacchanalibustragoedos
1113 3592 1320 3688 spe‘etassetis,
1355 3661 1357 3663 .

147 3710 210 3762 non
226 3689 379 3748 desalute
395 3690 581 3770 reipublicae
600 3713 699 3753 sermo
719 3707 800 3753 esset
815 3694 950 3753 habitus:
977 3714 1168 3773 nequaquam
1182 3691 1319 3763 vel'eum

46 3823 52 3832 .
146 3787 207 3835 tam
225 3774 340 3853 aequis,
357 3773 406 3834 vel
424 3796 472 3834 me
489 3782 550 3835 tam
566 3777 692 3839 infensis
711 3779 817 3838 animis
836 3778 1003 3839 audissetis.
1020 3774 1194 3860 Atqniboe
1212 3776 1319 3835 saltem

100 3905 105 3916 .
146 3879 203 3944 vos
221 3859 333 3940 opinor
348 3860 432 3944 nunc
449 3860 609 3921 universos
627 3863 767 3935 sensisse,
786 3885 855 3922 eum
868 3876 939 3922 ‘tum
958 3864 994 3922 ad
1013 3863 1117 3923 hostes
1135 3856 1320 3943 profectum,

147 3956 183 4004 ut
200 3957 307 4004 coacto
326 3965 394 4004 aere
419 3945 537 4019 alieno,
556 3948 639 4028 quod
658 3947 716 4029 sibi
734 3946 795 4008 illic
815 3948 920 4009 deberi
938 3939 1073 4023 dicebat,
1090 3946 1151 4007 huc
1168 3967 1321 4021 reversus,

147 4029 269 4110 publica
286 4034 412 4089 munera
431 4029 545 4105 obiret,
572 4043 604 4093 et
620 4027 676 4115 hae
699 4032 837 4093 oratione
855 4033 1019 4115 plurimum
1044 4053 1110 4093 esse
1126 4046 1233 4092 usum:
1260 4029 1320 4091 iui-

60 4162 63 4166 .
149 4134 243 4194 quum
258 4120 334 4188 e'sse,
352 4113 536 4195 quemqnam
549 4110 620 4176 ideo
636 4117 719 4196 quod
732 4124 819 4198 opes,
838 4139 911 4198 quas
927 4116 990 4178 illic
1003 4116 1139 4191 haberet,
1157 4116 1218 4177 huc
1230 4114 1320 4178 'in've-

147 4199 250 4273 heret',
268 4199 414 4260 accusari:
432 4222 501 4260 eum
518 4200 649 4283 primum
663 4196 764 4261 antem
777 4203 854 4262 facta
871 4222 944 4282 pace
959 4202 1027 4264 tuto
1042 4203 1075 4265 id
1088 4203 1187 4263 facere
1206 4196 1319 4284 potuit,

148 4305 225 4365 quae
244 4284 324 4344 bona
341 4284 498 4345 manifesta
516 4285 567 4345 hie
584 4279 802 4366 possedit',''ea
819 4278 1206 4368 uendidissefiictamque
1224 4282 1329 4370 pecu-¹

148 4370 239 4444 niam,
257 4389 387 4450 propere
403 4372 440 4431 ad
459 4371 544 4431 illum
562 4370 749 4452 profectum,
768 4371 908 4445 evexisse.
942 4375 1014 4434 Duo
1031 4372 1116 4448 haec,
1134 4394 1212 4454 quae
1230 4392 1318 4456 prae-
