2722 4754
46 250 59 262 -
136 196 178 276 ιο
252 195 265 233 f
317 207 368 280 ,·
537 175 933 272 ιιιιιιιιιιιιιιιι

106 335 180 426 Si
197 369 236 428 de
254 385 335 428 novo
354 365 457 444 aliquo
476 362 603 445 negotio
627 365 736 426 eoncio
754 363 866 443 indicta
885 377 981 437 esset,
1003 316 1227 439 Athenienses:
1257 383 1327 428 ιι-

24 454 32 465 ’
55 496 58 500 -
123 464 321 534 pectassem,
340 451 423 510 dum
430 448 552 529 plurimi
571 470 686 522 eorum,
706 472 759 530 qus
749 444 893 549 solent,
910 449 1076 509 sententias
1094 448 1260 508 dixissent.
1275 468 1308 507 ac

80 545 120 598 27
139 560 166 598 ιι
156 536 258 636 quid
277 534 387 594 abeas
389 533 511 594 dictum·
525 533 601 593 mihi
618 535 800 621 placuisset,
817 524 1007 613 quievissem
1033 534 1081 592 sin
1098 534 1217 606 minus,
1241 545 1306 592 tum

51 657 53 661 ν
77 639 81 644 “
138 621 259 700 etipse
282 639 384 678 meum
407 618 569 679 consilium
588 619 742 699 explicare
754 617 944 679 studuissem.
979 620 1181 699 Posteaquam
1206 630 1323 684 autem,

138 707 182 768 sic
198 703 330 776 accidit,
353 715 390 762 ut
406 703 536 782 quibus
548 704 585 764 de
609 704 735 764 rebus
725 704 784 763 rsti
791 725 888 784 saepe
911 703 996 784 prius
1015 704 1172 776 dixerunt,
1200 703 1239 764 de
1255 702 1306 764 Ιιιιι
1328 727 1331 733 ’

20 803 21 807 ’
94 857 99 863 .
138 788 338 850 nuncetiam
355 789 395 848 sit
413 788 659 858 deliberandum
695 788 827 848 arbitror
850 810 917 879 me,
952 789 1090 849 tametsi
1087 789 1217 885 primus
1239 804 1306 848 sur-

133 873 287 948 rexerim,
304 859 371 932 iure
389 886 490 934 tamen
507 873 626 934 veniam
638 874 881 954 impetraturum.
915 869 1036 933 Nam
1011 896 1037 932 ss
1052 860 1217 953 superiore
1229 886 1306 933 tem-

125 979 224 1041 'pore
239 971 412 1038 opportune
435 957 501 1038 ipsi
519 958 761 1057 cpnsulnissent,
794 958 871 1017 nihil
894 978 955 1019 vos
972 981 1053 1018 nunc
1077 979 1209 1021 necesse
1228 968 1307 1019 esset

104 1075 108 1080 ’
137 1043 313 1105 deliberare.
341 1042 510 1108 ¹Primum
501 1043 611 1124 agitur,
625 1061 693 1102 »non
707 1043 933 1123 desperandum
953 1056 1013 1121 est,
1031 1042 1252 1116 Athenienses,¹
1269 1044 1306 1103 de

20 1123 23 1136 '
109 1169 113 1176 ,
138 1124 198 1188 hoc
216 1126 425 1203 statu‘rerum,
439 1127 544 1192 -etsiis
563 1128 689 1190 omnino
708 1128 803 1187 malus
822 1148 887 1186 esse
905 1129 1050 1203 videatur.
1077 1129 1154 1187 Nam
1172 1129 1258 1209 quod
1275 1128 1307 1187 iu
1332 1148 1340 1155 ·

73 1201 77 1215 ¹
109 1278 113 1282 Α
135 1234 186 1278 eo·
202 1211 412 1293 superioribus
438 1213 627 1292 temporibus
653 1214 711 1273 suit
735 1213 919 1293 pessimum:
937 1213 984 1273 'id
1000 1213 1110 1292 ¹ipsum
1123 1225 1182 1272 -est
1206 1214 1244 1272 ad
1263 1233 1307 1285 ea,
1346 1278 1349 1287 ,

45 1308 49 1318 “
80 1368 81 1376 ,
138 1319 216 1379 quae
234 1310 359 1370 restant,
377 1297 535 1378 optimum
554 1298 650 1372 Quid.
655 1297 760 1357 illud
749 1298 844 1379 igitur
862 1298 930 1365 est?
948 1299 1042 1373 Quod
1058 1311 1185 1379 propter
1200 1312 1306 1359 ¹socor
1319 1373 1321 1377 ,
1346 1349 1349 1357 .

137 1383 218 1445 ιιιιιιι
235 1395 375 1453 vestram,
393 1396 425 1442 et
437 1383 610 1465 neglectum
631 1383 735 1456 oflicii,
754 1404 802 1441 res
820 1384 961 1443 adversae
979 1395 1057 1444 sunt
1074 1384 1190 1442 Nam
1165 1405 1210 1463 sr,
1219 1383 1307 1448 vobis

137 1469 240 1553 qmnia
259 1475 335 1547 quae
354 1467 442 1527 decet
459 1467 636 1550 agentibus,
663 1489 711 1527 res
730 1467 771 1527 ita
790 1489 822 1527 se
841 1462 1006 1528 biberent:
1037 1489 1077 1528 ne
1095 1489 1164 1548 spes
1182 1456 1307 1549 quidem

137 1544 199 1613 ulla
207 1552 457 1652 relinqueretur,
476 1574 525 1613 eas
544 1553 622 1611 sore
628 1548 779 1612 meliores.
800 1553 924 1612 Deinde
942 1554 1136 1634 cogitandum
1154 1554 1204 1627 ιιι,
1223 1553 1324 1634 quod'

112 1636 247 1720 paitim
266 1658 302 1697 ex
319 1636 384 1703 aliis
403 1637 527 1710 auditis,
545 1637 663 1717 partim
681 1638 740 1717 ipsi
755 1638 876 1699 nostiss-
897 1651 988 1716 atque
1006 1639 1047 1698 in
1063 1639 1247 1705 memoriam
1257 1651 1307 1698 re'-

56 1747 67 1783 ι.
89 1732 90 1736 ’
136 1724 317 1795 vocandum,
334 1735 447 1802 quanta-
456 1723 619 1802 abquando
637 1723 773 1802 potentia
782 1723 1307 1805 Lacedaemonns=praed1trs,·rdque

47 1869 52 1881 ,
130 1818 201 1871 ,non
218 1809 264 1868 ita
278 1807 386 1882 olim,
398 1830 503 1887 quam
499 1807 662 1889 p.raeclare
675 1821 717 1868 et
722 1809 955 1868 convenienter·
960 1807 1037 1871 nihil
1055 1808 1188 1868 alienum
1207 1809 1306 1891 digui-

103 1927 105 1931 <
137 1906 202 1965 tate
216 1892 302 1955 urbis
320 1892 518 1965 admiseritis,
545 1893 598 1952 sed
616 1914 671 1972 pro
692 1893 897 1954 defensione'
888 1892 962 1952 suris
977 1893 1095 1967 bellum
1114 1894 1241 1994 illorum
1255 1916 1307 1954 su

138 1977 317 2038 stinueritis.
333 1970 429 2053 Qua
420 1979 514 2078 agitur
530 1978 623 2077 gratia
642 1977 716 2038 hae'c
735 1979 833 2038 dicoi.
848 1991 884 2038 ιιι
901 1978 1018 2053 sciatis,
1028 1977 1257 2055 Athenienses,
1276 1991 1309 2039 et

137 2063 280 2137 videatis,
303 2064 539 2153 necquicquam
553 2060 811 2145 praecaventibus
829 2063 916 2122 vobis
936 2085 1001 2123 esse
1019 2062 1226 2127 formidabile.
1252 2083 1308 2124 ne-

137 2154 215 2245 que,
240 2149 267 2208 si
291 2148 500 2231 neglexeritis,
525 2149 671 2208 exanimi
689 2148 782 2208 vestri
800 2148 949 2209 sententia
968 2143 1130 2239 quicquam
1149 2169 1308 2209 successu

137 2240 223 2293 rum:
240 2247 338 2313 utque
355 2234 509 2314 exemplis
516 2233 645 2294 utamini
662 2233 836 2332 potentiae,
852 2256 931 2314 quae
946 2233 1012 2294 ιιιιιι
1029 2235 1093 2294 luit
1105 2234 1308 2294 Lacedaemo·
1322 2304 1332 2313 ι

44 2322 46 2324 ’
126 2317 276 2392 nicrum,
283 2330 384 2402 quam
400 2318 568 2402 vigilantia
573 2332 671 2379 vestra
689 2320 876 2400 superastis.
887 2333 918 2381 et
935 2341 1017 2379 nnnc
1034 2319 1216 2388 insolentiae
1233 2319 1307 2379 Phi-

84 2454 90 2467 .
119 2401 228 2484 ¹lippi,
240 2415 366 2503 propter
384 2424 473 2483 quarn
491 2417 672 2479 aestuamus,
683 2425 727 2466 eo
747 2406 830 2485 quod
849 2405 925 2464 nihil
944 2426 1074 2478 eorum,
1080 2426 1157 2485 quae
1176 2406 1310 2465 curanda

94 2521 97 2525 ·
137 2501 233 2561 erant,
252 2487 428 2548 curavimus.
445 2488 478 2547 si
497 2490 575 2567 quis
578 2502 680 2549 autern
697 2502 841 2565 vestrum,
859 2490 1073 2565 Athenienses,
1092 2503 1123 2550 et
1135 2490 1308 2550 multitudi-

82 2598 88 2629 ι
132 2591 208 2632 uem
225 2573 397 2654 copiarum,
427 2581 500 2653 quas
518 2573 676 2673 Philippus
694 2574 802 2647 habet,
831 2575 1042 2648 considerans,
1069 2589 1106 2636 et
1120 2575 1221 2635 omnia
1239 2576 1308 2635 loca
1337 2630 1340 2635 .

137 2657 244 2727 amissa
261 2680 278 2717 ι
296 2670 399 2718 nostra
422 2658 605 2738 republica
596 2668 758 2734 rntuens,
774 2659 930 2725 difficilem
956 2673 1227 2743 oppugnaturum
1238 2681 1308 2721 esse

136 2742 299 2823 opinatur.
314 2743 339 2801 is
359 2743 415 2802 etsi
431 2755 515 2804 recte
533 2745 635 2819 sentit,
653 2744 730 2804 illud
747 2757 849 2804 tamen
865 2758 997 2826 reputet,
1015 2745 1156 2806 habuisse
1174 2767 1231 2806 nos
1250 2746 1307 2806 ali-

43 2823 45 2827 ’
96 2869 99 2874 -
137 2828 285 2908 quando,
296 2827 512 2912 Athenienses,
528 2828 682 2928 Pydnam
684 2843 715 2889 et
730 2830 916 2897 Potidaeem
925 2843 956 2890 et
966 2831 1145 2891 Methonem
1164 2844 1195 2890 et
1211 2831 1305 2891 undi-

137 2933 196 2993 que
216 2933 337 2973 omnem
355 2913 452 2973 illum
459 2915 588 2976 tractum
607 2911 815 2975 coniunctum:
854 2928 885 2976 et
902 2900 1021 2991 multas,
1040 2926 1144 3016 qu'ae
1134 2937 1215 2975 nunc
1233 2938 1305 2976 cum

88 3049 92 3055 .
137 3017 175 3057 eo
193 3011 274 3071 sunt,
292 3011 398 3081 gentes
419 3014 467 3059 sur
458 2998 606 3059 ''suisse
596 2999 670 3059 ruris
690 3012 721 3060 et
738 2999 868 3074 liberas,
891 3014 921 3061 et
938 3014 1068 3061 vestram
1086 2984 1248 3061 amicitiam
1266 3001 1305 3060 il-

126 3081 205 3159 ,lius
209 3083 420 3144 coniunctioni
438 3078 623 3164 praetulisse.
640 3084 826 3167 Philippus'
812 3086 920 3169 igitur,
939 3087 965 3147 si
982 3100 1047 3146 turn
1066 3108 1135 3147 eum
1149 3086 1307 3147 habuisset

73 3240 79 3249 Ι
135 3167 288 3242 animum,
307 3189 371 3228 esse
389 3167 514 3228 difficile
533 3168 723 3252 belligerare
730 3192 798 3230 cum
812 3166 1074 3246 Atheniensibus,
1093 3195 1146 3271 qpr
1136 3171 1238 3232 tales
1257 3195 1305 3231 ar

137 3273 186 3314 ces
204 3255 243 3314 ad
260 3211 435 3318 ditionem'
426 3253 521 3335 ipsius
540 3256 773 3338 oppugnandam
791 3256 961 3331 haberent,
976 3257 1056 3337 qui
1046 3255 1138 3318 sociis
1156 3256 1305 3333 destitue-

135 3349 238 3404 retnrr
255 3337 333 3399 nihil
351 3344 475 3412 eorum,
495 3353 571 3419 quae
590 3362 672 3407 nunc
689 3341 813 3415 fecit,e
797 3343 925 3425 egisset,
943 3363 1044 3424 neque
1062 3354 1186 3414 tautam
1192 3353 1304 3423 poten-

40 3429 43 3443 '
85 3460 90 3465 -
134 3421 209 3483 tiam
232 3435 440 3522 comparasset
470 3422 535 3506 Sed
541 3425 639 3524 illud,
656 3424 911 3505 Athenienses,
901 3449 927 3486 rs
944 3427 1107 3513 praeclare
1118 3438 1219 3507 norat,
1236 3427 1305 3487 loca

136 3507 188 3576 ille
202 3506 304 3567 omnia
322 3506 395 3567 belli
413 3528 478 3568 esse
491 3510 637 3608 praemia,
655 3511 688 3573 ιιι
704 3512 807 3587 medio
824 3510 939 3612 posita.
959 3525 999 3573 et
995 3512 1143 3574 naturam
1159 3513 1200 3572 ita
1213 3512 1306 3590 ferre,

45 3618 49 3632 =
95 3584 172 3655 ιιι
189 3584 298 3679 opibus
317 3591 488 3654 absentium
505 3591 695 3676 praesentes,
731 3609 763 3659 et
780 3619 833 3678 qur
824 3596 987 3658 laborare
1004 3578 1231 3696 periclitarique
1249 3617 1304 3663 vo·
1331 3586 1335 3599 ’

20 3652 118 3732 28
136 3675 214 3777 lupt,
232 3668 460 3762 negligentium·
471 3681 634 3761 potiantur.
658 3681 791 3759 Proinde
810 3706 878 3743 cum
895 3674 936 3742 ita
954 3681 1092 3755 sentiret,
1111 3682 1211 3753 omnia
1225 3681 1304 3755 sub-

127 3757 201 3845 ¹egit'
217 3772 250 3825 et
265 3774 363 3844 tenet:
381 3763 453 3837 alia,
470 3777 507 3838 ut
524 3765 612 3826 bello
626 3779 710 3848 capta
727 3768 826 3845 teneri
844 3769 956 3831 solent:
974 3766 1140 3851 alia,1nita
1157 3766 1305 3843 societate

136 3859 167 3907 et
179 3845 318 3929 amicitia.
323 3835 412 3932 Nam
422 3848 594 3950 adiungere
612 3872 644 3910 se
664 3863 696 3911 et
711 3835 875 3934 adhaerere
891 3853 950 3912 illis
966 3852 1075 3929 volunt
1090 3846 1207 3927 omnes,
1226 3873 1317 3953 quoq¹

116 3930 299 4016 ἰιιιιιιιιιοι
318 3924 383 3993 esse
401 3934 516 4011 vident,
535 3949 566 3996 et
582 3957 629 4011 ea,
646 3958 723 4017 quae
742 3958 824 4021 opus
836 3941 917 4038 ant,
934 3958 1040 4019 agere
1042 3939 1129 3998 velle.
1155 3935 1303 4014 Quare
1278 3960 1305 4003 ιι

27 4078 38 4092 ,
79 4016 108 4062 -’-
136 4029 168 4083 et
184 4039 257 4098 rog,
274 4014 493 4097 Athenienses,
510 4023 623 4099 eodem
636 4021 739 4099 velitis
756 4043 828 4100 esse.
837 4022 939 4082 aniano
953 4044 1070 4107 nunc,
1076 4025 1215 4104 qnandp
1208 4023 1304 4106 prius

134 4101 172 4176 id
178 4100 294 4204 factum
308 4116 443 4205 nonest,
460 4116 492 4166 et
505 4105 633 4185 quisque
649 4118 796 4186 vestrum
801 4107 842 4180 ιιι,
859 4107 943 4206 'quod
958 4119 994 4166 et
1010 4129 1096 4188 opus
1103 4109 1154 4185 sit,
1173 4121 1206 4173 et
1217 4128 1304 4211 prae

104 4186 135 4273 f
134 4184 221 4263 stare
231 4188 295 4270 ipse
313 4186 421 4270 possit,
437 4189 471 4251 in
487 4212 576 4250 usum
592 4178 805 4272 reipublicae,
812 4193 896 4252 omni
914 4192 1024 4253 omissa
1041 4194 1303 4278 tergiversatione,
1342 4264 1349 4275 .

103 4274 104 4278 ’
133 4272 231 4334 lacere
248 4274 289 4334 ιιι
299 4287 436 4355 paratus
443 4259 621 4355 locupletes
636 4274 754 4335 tributo
771 4276 996 4351 conserendo,
984 4296 1111 4339 iuvenes
1129 4280 1305 4359 militando,

133 4368 165 4420 et
181 4371 216 4420 ut
234 4358 413 4440 simpliciter
429 4359 622 4465 breviterque
640 4360 789 4434 dicam,'
765 4382 790 4422 ιι
810 4362 902 4429 vestri
920 4374 1077 4442 compotes
1093 4365 1153 4447 ipss
1144 4364 1235 4428 fieri
1249 4385 1327 4427 vo-
