2722 4754
309 146 1023 278 intonsussnntsrocnarnn'
1133 184 1151 233 x
1181 197 1255 287 ιιι,
1293 206 1301 216 ·

68 346 106 406 in
119 346 287 408 counimus
307 361 339 408 ct
361 349 525 409 declaratos
550 346 715 410 homicidas
740 347 832 409 licere
849 346 954 409 voluit
988 349 1070 431 Lege
1088 345 1131 407 eis
1149 343 1244 429 ipsam

69 431 196 517 legem,
214 451 292 513 quae
309 433 453 514 sequitur.

610 588 729 632 unx.
752 566 765 640 ’,
970 646 973 651 ¹

163 688 340 751 Homicidas
358 689 459 763 liceat,
471 690 610 750 occidere
627 691 665 749 in
679 702 785 750 nostro
811 688 966 749 territorio
991 702 1022 749 ct
1039 689 1071 749 in
1095 708 1245 750 carcerem

74 775 201 848 ducem,
219 775 298 835 utin
312 775 506 851 decemvirali
521 774 865 857 tabulatpromulgatur:
884 772 1065 847 excruciare,
1083 788 1136 835 aut
1152 788 1246 855 pecu&
1316 834 1320 841 ,

74 861 161 921 niam
187 860 224 920 ah
248 860 290 919 eis
319 866 518 940 extorquere,
544 879 608 918 non
628 860 738 921 liccat:
754 858 879 939 alioqui
904 857 1028 938 duplum
1054 860 1116 920 dati
1144 858 1247 919 damni

74 946 243 1008 luendum:
269 943 420 1004 actionem
444 965 516 1004 vero
542 958 696 1024 praetores
722 946 812 1004 danto
838 943 931 1004 cuivis
951 962 1056 1002 eorum
1076 943 1247 1018 criminum,

75 1051 210 1111 quornm
230 1029 343 1108 quique
361 1043 434 1088 sunt
450 1028 565 1089 iudices
576 1028 737 1111 :cognitio
755 1050 828 1089 vero
847 1029 887 1088 sit
904 1028 1177 1109 penesfleliaeam.

80 1118 83 1125 '
142 1115 277 1196 Legem
294 1113 459 1175 audivistis.
495 1111 768 1214 Contemplamini,
786 1133 916 1194 quaeso,
936 1120 1025 1194 quain
1036 1113 1212 1193 praeclare
1212 1132 1266 1172 ac.

74 1221 171 1281 snpra
194 1200 320 1282 modum
343 1199 486 1281 religiose
512 1199 705 1259 constituerit
729 1199 893 1281 legislator
937 1197 1111 1259 Homicidas
1136 1196 1246 1277 inquit

58 1284 225 1345 ‘Primum
239 1276 334 1366 igitur
360 1282 542 1344 homicidam
568 1304 637 1341 enm
656 1283 747 1355 dicit,
774 1284 827 1362 qui
851 1282 1000 1342 indicum
1009 1283 1161 1345 sententia
1186 1282 1248 1343 iam

18 1418 21 1425 .
75 1365 122 1431 sit
134 1371 305 1430 damnatus:
324 1388 381 1428 nec
394 1369 475 1429 enim
487 1367 543 1435 hac
556 1367 758 1447 appellatione
770 1366 930 1446 qnisquam
943 1368 1129 1468 continetur,
1147 1367 1246 1448 priusss

76 1476 172 1556 quam
188 1453 346 1514 convictus
371 1453 537 1513 damnetur.
568 1453 604 1511 ld
623 1450 677 1511 uhi
695 1451 865 1533 significat?
900 1453 1006 1511 Tum
997 1473 1029 1511 ιιι
1046 1452 1149 1533 priore
1166 1452 1246 1535 lege,
1334 1485 1337 1488 ·

73 1553 145 1600 tuna
162 1540 195 1599 in
211 1539 288 1598 hac.
310 1537 413 1597 Nam
404 1560 437 1597 ιιι
463 1537 675 1616 illascripsitz·
698 1536 818 1616 Siquis
837 1537 1245 1611 caedem>feccrrt,.senatus
1321 1554 1329 1563 ·

71 1625 212 1685 indicet:-
235 1623 267 1682 in
286 1621 361 1694 hac,
387 1621 568 1703 homicidam
592 1621 770 1695 nominans,
794 1640 870 1701 quae
893 1621 956 1701 pati
981 1634 1136 1702 oporteat,
1159 1621 1246 1682 dixit.

63 1710 154 1785 'Quo
172 1707 303 1769 enimin
320 1706 390 1767 loco
409 1707 590 1766 resvcrimen
609 1706 707 1766 adhuc
726 1718 807 1779 erat,
825 1706 972 1766 iudicium
989 1707 1172 1779 nominavit:
1190 1705 1245 1767 nbi

72 1814 156 1854 vero
172 1794 328 1854 damnatus
346 1791 418 1852 hnic
435 1790 630 1872 appellationi
644 1790 702 1850 iam
719 1790 868 1852 obnoxius
884 1804 956 1865 erat,
973 1813 1103 1872 poenam
1118 1790 1246 1873 scripsit

72 1880 130 1940 lte
148 1877 291 1939 damnatis
310 1877 404 1971 igitur
421 1876 566 1956 loquitur.
602 1876 686 1950 Quid
703 1897 776 1936 vcro
794 1876 949 1955 loquitur?
982 1878 1087 1937 Licere
1105 1876 1246 1939 occidere

74 1960 173 2044 t'rtqne
190 1963 347 2023 abducere.
357 1960 521 2041 Numquid
539 1962 576 2020 ad
594 1980 670 2033 sese,
687 1974 742 2020 aut
756 1973 792 2019 ut
808 1960 898 2020 alicui
916 1960 1036 2021 lihitum
1054 1962 1176 2023 fueriti.
1186 1960 1245 2021 Mt-

77 2049 163 2108 nitne
181 2048 212 2107 id
230 2047 362 2127 quidem.
386 2046 551 2120 Quomodo
571 2045 666 2126 e'r'go?
689 2045 763 2104 Ut
745 2065 781 2104 ιιι
799 2047 989 2106 decemvirali
1006 2047 1145 2133 tabula,
1134 2045 1246 2125 lnquit,

28 2172 34 2185 .
77 2120 304 2214 promulgatum
325 2143 377 2190 est
412 2131 490 2189 lllud
508 2150 582 2189 vero
608 2128 681 2208 quid
700 2129 766 2189 est?
799 2131 832 2188 ιιι
851 2131 934 2209 quod
950 2152 1004 2191 vos
1031 2151 1135 2190 omnes
1153 2129 1245 2190 scitis.
1314 2148 1318 2153 ’

77 2216 198 2277 serviri
215 2237 278 2290 eos,
297 2216 350 2294 qui
367 2228 492 2295 propter
508 2215 631 2274 caedem
650 2214 749 2273 solum
766 2218 932 2288 v'erternut,
950 2217 996 2274 ius
1015 2214 1130 2275 hahent
1145 2225 1245 2275 morte
1314 2256 1317 2261 -

77 2301 261 2362 mulctandi.
279 2319 421 2377 annoque
440 2300 596 2380 superiore
613 2298 731 2358 vidistis
744 2319 872 2372 omnes,
891 2321 907 2359 e
926 2296 1075 2360 concione
1090 2301 1252 2380 quendam
1334 2372 1338 2376 ⁵

76 2376 164 2447 ab
133 2406 185 2445 ear
198 2385 370 2451 abductum
394 2383 444 2443 Ad
461 2384 545 2444 hos
536 2384 630 2466 egitur
652 2383 801 2443 abducere
819 2383 912 2445 iubet.
937 2385 1006 2445 Hoc
1023 2405 1095 2444 vero
1115 2385 1188 2464 quid
1206 2384 1244 2445 ah

36 2526 39 2530 .
76 2470 135 2531 illo
152 2469 326 2541 differes
301 2491 328 2527 sr
345 2468 412 2548 quis
431 2469 468 2528 ad
493 2490 524 2528 se
544 2470 668 2527 domum
694 2468 881 2537 abducerctil
920 2469 1016 2544 Quia,
1042 2492 1094 2548 qua
1085 2468 1246 2541 'abducit
1273 2490 1277 2498 ·

14 2622 21 2631 ,
76 2554 295 2626 Athenienses,
312 2554 350 2612 ad
365 2552 522 2627 Sexviros,
533 2554 635 2636 legum
652 2554 796 2632 potestati
812 2554 1018 2614 facinorosum
1036 2553 1172 2613 subiicit:
1190 2552 1245 2634 qui

10 2648 12 2655 '
76 2639 119 2699 ad
134 2660 167 2699 se
186 2639 286 2712 ducit,
304 2659 384 2697 snae.
419 2637 475 2697 lllo
494 2640 593 2698 modo
604 2658 718 2717 poenas
736 2639 806 2697 dare
825 2638 911 2712 licet,
928 2651 964 2699 ut
981 2639 1030 2701 lex
1047 2630 1156 2701 saricit:
1169 2639 1246 2713 hoc,
1310 2690 1316 2701 .

78 2736 119 2784 ut
133 2723 194 2797 illi,
213 2723 268 2802 qni
285 2723 375 2802 cepit,
392 2721 485 2782 lubet.
529 2722 696 2782 Plurimum
714 2735 814 2782 autem
832 2724 1000 2822 profecto
990 2735 1125 2797 interest,
1142 2735 1246 2782 utrum

78 2809 261 2889 irrogandae
284 2807 441 2869 mulctae
432 2829 479 2866 rus
505 2827 597 2888 penes
616 2807 716 2888 legem
734 2806 789 2879 sit,
815 2827 852 2865 an
870 2827 943 2866 vero
962 2806 993 2865 in
1018 2818 1168 2887 potestate
1185 2806 1246 2866 int

76 2892 159 2952 miei.
193 2891 456 2964 Excarnificare,
446 2893 565 2971 inquit,
581 2912 620 2950 ne
639 2890 743 2964 liceat,
761 2910 861 2970 neque
878 2891 1038 2971 pecuniam
1056 2904 1245 2972 extorquere.
1267 2897 1330 2961 400

60 2977 151 3037 ,Νοιι
178 2976 388 3039 excarnificare
413 2977 486 3075 qnid
504 2977 560 3047 sit,
585 2974 727 3035 omnibus
751 2974 838 3035 vobis
861 2987 970 3036 notum
995 2995 1060 3036 esse
1079 2977 1157 3036 scio.
1182 2998 1256 3039 non.

75 3059 253 3143 flagellare,
276 3082 340 3120 non
357 3061 489 3132 vincire,
515 3060 605 3120 nihil
610 3061 742 3139 denique
767 3058 912 3130 lacere
885 3064 949 3121 eius
974 3061 1102 3143 generis.
1146 3061 1249 3123 Habet

78 3146 172 3205 etiam
189 3145 319 3218 alterum
336 3145 412 3227 legis
429 3145 555 3205 verbum
574 3143 651 3203 nihil
673 3144 873 3213 obscuritatis
906 3145 953 3206 Ac
970 3146 1019 3206 lex
1038 3147 1173 3226 quidem,
1189 3146 1247 3207 ιιιι-’

77 3229 190 3289 micida
209 3242 241 3289 ct
257 3229 316 3289 iam
332 3230 491 3290 damnatus
510 3221 667 3330 quomodo
684 3229 857 3314 puniendus
875 3229 930 3303 sit,
956 3243 986 3291 et
1003 3231 1073 3305 ubi,
1098 3232 1176 3291 caesi
1193 3253 1247 3313 pa-

77 3314 139 3373 tria
156 3314 321 3386 nominata,
337 3313 398 3373 hoc
415 3316 509 3374 modo
528 3314 623 3374 cavit.
642 3326 673 3373 et
683 3335 747 3373 non
765 3313 823 3372 alio
837 3315 930 3374 modo
950 3337 1039 3394 qnam
1058 3316 1127 3388 hoc,
1145 3336 1257 3396 neque¹

21 3460 25 3465 ,
79 3397 155 3475 alibi
173 3397 265 3459 licere
285 3419 374 3477 quam
392 3397 451 3471 hic,
470 3411 572 3478 aperte
592 3397 673 3458 dixit.
701 3396 744 3457 ιιι
761 3398 1017 3458 senatusconsulti
1035 3412 1150 3473 auctor,
1168 3400 1247 3461 mni·

79 3493 149 3542 tunt
161 3495 248 3542 certe
267 3481 362 3557 abest,
380 3496 416 3544 ut
434 3483 594 3563 quicquam
612 3484 743 3554 caverit,
762 3503 841 3541 cum
849 3482 949 3542 omnia
968 3483 1014 3543 his
1033 3485 1183 3545 contraria
1198 3483 1247 3545 (li-
1332 3490 1336 3497 ’

77 3566 165 3625 xerit
201 3566 331 3647 Scripsit
349 3568 445 3627 enim:
473 3568 505 3643 Si
524 3569 590 3648 quis
618 3566 765 3628 occiderit
784 3563 1015 3642 Charidemum,
1041 3569 1151 3629 abduci
1176 3589 1247 3630 eum

76 3647 174 3709 licere
190 3650 402 3731 undecunque.
439 3634 523 3728 Quid
541 3651 605 3712 ais?
639 3650 717 3713 Cum
736 3652 819 3733 leges
837 3671 893 3711 nec
917 3653 1073 3719 damnatos
1097 3653 1247 3721 abducere

76 3733 196 3808 sinant,
219 3734 280 3795 nisi
304 3736 336 3794 iu
356 3749 470 3796 nostro
496 3737 667 3796 territorio:
700 3750 734 3795 tu
758 3735 973 3810 scribis,'s1ne
998 3737 1113 3799 iudicio
1138 3736 1249 3798 abduci

76 3838 171 3901 posse
190 3819 321 3899 aliquem
341 3820 479 3880 exomni
498 3821 615 3882 ditione
633 3821 807 3883 sociorum?
826 3818 903 3880 Cum
919 3823 1025 3883 necin
1044 3837 1146 3883 nostra
1150 3824 1248 3905 leges

75 3902 193 3967 ducere
210 3903 350 3964 iubeant:
367 3918 402 3964 tu
420 3906 578 3986 permittis,
596 3905 800 4004 undecunque
819 3896 950 3967 ducere?
983 3909 1156 3980 Praeterea,
1175 3908 1248 3967 dnm

76 3986 363 4068 comprehendendi
380 4002 561 4070 potestatem
581 3992 650 4064 das,
677 3991 795 4064 omnia,
824 4013 900 4070 qnae
919 3992 967 4051 lex
985 3992 1111 4063 vetnit,
1124 3988 1248 4053 dedisti·

74 4072 225 4134 mulctare
243 4075 390 4154 pecunia,
415 4076 623 4135 excamificare
640 4075 809 4147 viventem,
834 4074 996 4158 affligere,
1002 4084 1100 4156 penes
1118 4095 1151 4134 se
1170 4076 1249 4137 deti·

73 4164 162 4257 nere,
183 4170 278 4238 atque
295 4159 496 4219 interlicere!
516 4161 556 4220 Et
574 4157 628 4260 qul
646 4156 815 4220 evidentius
834 4160 943 4220 dixisse
963 4160 1113 4221 conuaria
1124 4159 1248 4243 legibus

75 4242 250 4332 qnisquam
260 4245 478 4343 continuetur,
502 4257 554 4304 ant
578 4245 732 4326 iniquiora
750 4243 932 4325 scripsisse,
949 4266 1041 4326 quam
1058 4258 1102 4307 tn
1111 4246 1249 4306 adhunc

73 4328 225 4391 modum
243 4327 319 4409 qni,
337 4350 406 4397 cum
423 4331 499 4427 duo
496 4330 626 4391 nomina
643 4329 801 4412 proposita
819 4328 963 4406 haberes,
981 4343 1097 4393 ιοιιιιι
1102 4351 1171 4393 reos
1190 4328 1250 4391 ιιι
1313 4372 1315 4379 ·
