2722 4754
280 151 1168 273 uummrucmamoauuumfflnn
1202 128 1332 249 'ms'

1286 244 1295 273 Ι
1309 251 1311 255 .

180 384 535 483 οιιιιο
591 381 681 528 ιΝ
745 292 1206 546 ΝΝΑΝΝΝΝ
1263 336 1335 466 ιι

413 682 918 773 ascensurum.

101 822 151 912 Et
170 850 245 912 hanc
270 819 438 915 orationem
457 868 519 914 non
545 858 654 941 putarit
672 873 737 913 esse
755 853 988 929 Demosthenis,
1012 856 1096 936 quod
1115 867 1146 916 et
1159 851 1270 936 supina

89 939 142 998 sit
161 950 191 997 et
209 939 338 1010 multis'
329 962 361 998 ιιι
380 940 501 999 locis
472 963 502 1001 ιι
520 931 617 998 nostri
635 937 764 998 oratoris
777 939 908 1000 tenuior.
925 941 1149 1022 Argumentum
1167 952 1269 1000 autem

72 1075 75 1079 .
99 1024 160 1084 tale
180 1022 278 1082 habet.
311 1025 392 1107 Lege
406 1024 598 1099 iubente,
573 1047 599 1085 ιι
616 1014 681 1085 viro
700 1023 883 1085 Atheniensi
905 1024 1015 1084 mulier
1031 1024 1190 1108 peregrina
1209 1044 1267 1085 nu-

99 1108 212 1189 pserit,
229 1121 265 1167 ut
283 1129 316 1168 ea
334 1111 498 1184 tendatur,
518 1131 553 1168 ex
572 1108 629 1168 hae
643 1109 743 1191 lege
729 1108 876 1171 Neaeram
899 1109 1075 1199 aggreditur
1090 1110 1272 1179 l'h-,eomne

95 1206 184 1266 stus,
209 1214 273 1252 eam
292 1194 324 1252 in
344 1195 535 1255 matrimonio
556 1215 621 1254 esse
639 1180 787 1274 Stephani
812 1196 945 1277 dicens,
959 1217 1025 1254 cum
1051 1190 1321 1257 ancillatura·

97 1291 181 1338 retae
199 1276 292 1338 luerit
310 1293 340 1339 et
357 1294 444 1340 antea
442 1292 621 1379 quaestum
640 1299 768 1359 corpore
785 1280 906 1341 lecerit:
933 1300 1015 1339 nunc
1033 1301 1108 1338 esse
1118 1276 1266 1362 Stephani

98 1371 224 1424 matrem
243 1363 379 1438 familias,
398 1365 451 1445 qui
470 1386 551 1424 exea
546 1364 677 1423 liberos
696 1364 870 1445 susceperit
888 1363 974 1438 Quae
989 1363 1178 1444 Stephanus
1182 1363 1264 1423 baud
1287 1392 1289 1399 v

41 1466 67 1527 γ
96 1449 221 1522 fatetur,
237 1462 327 1528 atque
346 1471 411 1523 eam
428 1450 508 1529 apud
525 1471 559 1512 se
577 1447 776 1522 concubinae,
793 1470 857 1509 non
875 1447 990 1520 uxoris,
1008 1462 1074 1507 esse
1092 1449 1162 1513 loco
1181 1447 1285 1520 dicia

97 1554 198 1614 neque
218 1555 253 1592 ex
272 1554 304 1593 ea
320 1516 383 1593 sibi
394 1545 481 1593 natos
494 1554 560 1593 esse
577 1534 698 1593 liberos
717 1533 810 1606 Quod
828 1544 985 1594 accusator
1003 1552 1182 1631 oppugnans
1200 1552 1264 1592 non
1300 1537 1315 1562 ⁸

93 1619 199 1717 paucis
226 1618 429 1700 argumentis
435 1619 640 1690 demonstrat,
667 1631 736 1683 eam
749 1631 889 1677 matrem
899 1615 1024 1676 samilia's
1042 1616 1088 1677 illi
1105 1639 1190 1679 esse.-
1214 1616 1265 1678 Fit

95 1703 192 1784 igitur
209 1713 303 1762 status
329 1702 476 1762 orationis
502 1701 720 1771 coniecturalis.
755 1703 832 1762 Nam
858 1700 1116 1800 quaestioneque
1135 1697 1262 1782 ‹lepro-

95 1787 225 1867 p'rietate
244 1800 305 1859 est,
330 1808 431 1866 neque
452 1789 490 1847 de
509 1782 671 1888 qualitate,
695 1788 748 1847 sed
767 1789 863 1847 dere.
898 1784 1088 1866 Acprimam
1116 1785 1262 1847 orationis
1298 1803 1307 1825 ¹

94 1884 212 1951 partem
229 1873 453 1932 Theomnestus
471 1874 589 1933 recitat.
615 1872 725 1932 dei-nde
742 1885 904 1956 patronum
922 1869 1147 1989 Apollodorum
1164 1883 1263 1944 vocat,

94 1976 234 2066 socerum
252 1962 355 2018 suumi
373 1957 398 2018 is
417 1979 535 2019 causam
553 1969 682 2040 perorat.

60 2287 65 2294 ’
91 2259 201 2347 ΜιΙιι
219 2288 323 2361 suere,
341 2307 425 2367 quae
437 2303 485 2347 me
503 2287 715 2373 hortarentur,
739 2284 962 2386 Athenienses,
976 2289 1017 2349 ad
1035 2289 1187 2351 Neaeram
1200 2287 1262 2348 hoc

54 2383 57 2386 ’
91 2373 207 2434 iudicio
226 2373 425 2432 accusandam
443 2386 474 2432 et
490 2365 601 2432 vestris
616 2372 794 2432 sententiis
802 2370 1035 2434 subiiciendams
1061 2372 1138 2433 Nam
1156 2394 1173 2432 a
1189 2372 1259 2432 Ste

92 2458 194 2539 phan'o
217 2457 333 2539 magnis
358 2457 476 2516 iniuriis
502 2457 604 2516 affecti
629 2479 732 2518 sumus
748 2469 783 2516 et
799 2456 832 2516 in
857 2470 988 2519 extrema
1014 2456 1194 2525 discrimina
1202 2476 1278 2538 per

93 2565 170 2603 eum
180 2543 316 2621 adducti,
337 2555 378 2602 et
384 2562 473 2603 socer
488 2564 588 2615 meus,
614 2555 645 2602 et
662 2564 737 2625 ego,
760 2554 791 2601 et
808 2563 886 2601 uxor
902 2563 982 2604 mea:
1006 2563 1099 2623 quare
1117 2542 1162 2602 iu
1168 2563 1256 2602 causa
1277 2548 1335 2622 336(

92 2629 147 2688 hac
166 2648 229 2686 non
247 2646 266 2688 a
282 2649 330 2687 me
348 2627 522 2701 lacessitur,
546 2628 599 2686 sed
617 2641 743 2708 prepter
767 2626 944 2710 exigendam
966 2629 1118 2688 ultionem
1135 2647 1271 2698 accusa--

83 2725 148 2773 tur
179 2713 282 2771 Nam
274 2712 445 2772 inimicitias
464 2712 526 2772 iste
539 2713 624 2770 ultro
639 2714 809 2793 auspicatus
829 2725 890 2786 est,
908 2712 994 2773 nullo
1012 2734 1146 2794 uuquam
1165 2733 1181 2771 a
1199 2732 1257 2772 no·

90 2789 137 2872 bis
164 2798 212 2857 vel
239 2798 321 2857 dicto
345 2797 393 2856 vel
415 2798 497 2863 facto
521 2798 626 2856 laesus.
661 2797 834 2876 Antequam
860 2810 959 2859 autem
985 2798 1022 2857 ad
1039 2820 1104 2858 rem
1128 2797 1257 2874 veniam,
1317 2872 1322 2877 .

88 2868 172 2963 quid
184 2882 220 2941 ab
240 2903 276 2942 eo
294 2882 430 2981 perpessi
441 2882 556 2953 simus,
581 2895 616 2940 ut
633 2881 717 2941 mihi
725 2882 806 2962 plus
818 2883 924 2943 veniae
942 2882 1087 2942 tribuatis
1104 2880 1255 2942 ultionem

61 2983 63 2987 ’
89 2967 261 3048 expetenti,
285 2980 326 3026 et
332 2980 368 3026 ut
384 2964 417 3026 in
435 2978 565 3045 extrema
583 2967 717 3047 pericula
735 2987 791 3026 nos
805 2967 977 3028 coniecerit
992 2968 1106 3048 patriae
1125 2966 1261 3049 dignita:

49 3106 53 3122 ‚
88 3053 190 3132 tisque
209 3052 419 3125 amittendae,
423 3038 518 3112 vobis
544 3051 724 3141 explicabo.
742 3049 820 3111 Cum
836 3050 971 3134 populus
993 3053 1116 3115 decreto
1133 3050 1257 3133 fecisset

76 3133 309 3197 'Atheniensem
327 3137 504 3199 Pasionem
520 3149 554 3196 et
577 3149 717 3216 posteros
748 3137 813 3197 eius
838 3151 964 3218 propter
993 3136 1101 3198 collata
1130 3136 1196 3196 eius
1220 3134 1254 3195 in

88 3222 306 3302 rempublicam
320 3221 481 3281 beneficia.
497 3234 585 3302 pater
595 3242 719 3302 quoque
733 3242 828 3295 meus,
843 3223 950 3302 populi
965 3222 1129 3283 donatione
1141 3241 1255 3301 appro-
1296 3248 1315 3289 .·

41 3329 48 3341 *
88 3307 174 3381 bata,
199 3306 410 3388 Apollodoro,
437 3307 500 3366 eius
520 3306 599 3379 filio,
622 3318 748 3369 uxorem
775 3307 968 3368 deditfiliam
987 3329 1088 3380 suam,
1113 3325 1251 3366 sororem
1317 3367 1320 3373 ,

87 3412 196 3465 meam,
215 3413 304 3470 equa
321 3391 444 3465 liberos,
463 3412 539 3473 qups
554 3391 656 3465 habet,
672 3391 879 3475 Apollodorus
897 3392 1037 3472 suscepit
1055 3387 1133 3450 Cum
1151 3402 1252 3450 autem
1304 3439 1307 3445 ,

87 3477 297 3558 Apollodorus
310 3487 348 3535 et
363 3477 396 3535 in
422 3496 559 3536 sororem
578 3489 609 3536 et
634 3498 691 3549 nos
710 3497 815 3537 omnes
841 3477 991 3560 benignus
1009 3488 1105 3548 esset,
1131 3494 1252 3553 nosque
1321 3494 1324 3500 ·

86 3583 193 3627 revera
210 3561 395 3620 necessarios
415 3574 446 3620 et
470 3554 652 3621 domesticos
679 3562 819 3636 duceret,
843 3563 1005 3641 omniaque
1030 3561 1111 3621 inter
1127 3580 1184 3619 nos
1204 3579 1255 3618 es·
1317 3558 1320 3565 ’

86 3660 157 3710 sent
175 3645 362 3706 communia·
389 3659 420 3705 et
437 3666 508 3727 ego
518 3666 644 3706 uxorem
671 3648 742 3707 duxi
758 3647 943 3728 Apollodori
967 3642 1076 3720 filiam,
1100 3664 1253 3705 meamea

87 3753 194 3793 sorore
212 3728 342 3812 neptem.
376 3731 544 3813 Progressu
561 3733 705 3811 temporis
730 3732 911 3792 senatoriam
929 3732 1107 3819 dignitatem
1125 3729 1289 3799 sortitur'

85 3817 306 3898 Apollodorus.
322 3816 526 3897 Approbatus,
544 3816 742 3898 legitimoque
759 3817 954 3876 iureiurando
970 3814 1094 3877 dato—
1051 3837 1184 3876 —cum
1190 3814 1270 3874 tale

86 3915 207 3982 tempus
219 3914 258 3960 et
274 3901 386 3960 bellum
403 3901 589 3980 reipublicae
614 3915 735 3961 nostrae
754 3901 962 3976 incidisset,·'
953 3924 985 3961 ιιι
1004 3922 1066 3982 quo
1084 3901 1111 3961 si
1126 3900 1252 3960 vicisse-
1306 3950 1308 3953 .

86 4008 164 4060 mus,
182 3985 316 4045 maximis
335 3986 521 4045 Graecorum
540 3986 628 4045 nobis
647 4007 712 4046 esse
730 3987 861 4060 licebat,
873 3999 904 4046 et
922 3987 995 4046 citra
1013 3985 1250 4046 controversiam

63 4084 153 4132 tum
172 4084 275 4131 nostra
291 4090 487 4151 recuperare,
505 4084 570 4130 tum
588 4064 761 4152 Philippum
779 4071 946 4131 debellare:
974 4071 1022 4131 sin
1041 4090 1135 4150 opem
1147 4068 1253 4155 segni-

85 4170 135 4218 ter
150 4155 325 4216 tulissemus
344 4169 375 4215 et
392 4156 492 4216 socios
519 4156 780 4229 deseruissemus,
796 4169 923 4238 propter
944 4154 1088 4253 inopiam
1104 4154 1251 4239 pecuniae

86 4241 233 4322 dissipato
252 4241 394 4316 exercitu,
411 4241 608 4301 metuendum
628 4255 717 4315 esset,
734 4263 774 4302 ne
792 4242 849 4301 hos
867 4241 1099 4314 amitteremus,
1100 4253 1133 4306 et
1149 4262 1165 4300 a
1184 4259 1251 4299 cae

86 4326 162 4418 teris
181 4324 306 4393 Graecis
323 4326 670 4407 perfidiae-notaremur,
687 4328 775 4389 etde
792 4325 955 4408 reliquis,
944 4339 981 4387 ut
991 4327 1123 4404 Lemno,
1139 4337 1179 4398 ut
1192 4327 1253 4383 lm-
