2722 4754
19 177 198 252 ssu⁸
267 129 288 144 ⁶
411 118 1012 248 uenos'rnaursouumo

77 323 79 327 ’
126 326 289 387 reiurando
309 337 339 386 et
355 324 450 404 pactis
467 322 549 384 iuter
565 345 631 403 nos
645 325 731 385 sactis
750 325 787 384 de
810 322 929 404 aequali
945 309 1162 386 'diitrihutioue
1182 343 1291 386 eorum

100 462 103 471 .
127 411 281 484 omnium,
306 428 383 488 quae
408 404 518 468 Conon
541 409 720 490 reliquisset.
747 405 825 485 Cum
848 429 922 469 vero
946 429 1044 468 moras
1068 409 1293 490 interponetet,

47 486 81 518 ”
127 495 268 574 nihilque
283 505 467 574 praestaret:
492 484 748 578 olympiodorum
765 490 923 574 alloquor,
947 506 978 553 et
995 514 1091 553 meam
1109 493 1187 553 mihi
1204 493 1292 554 reddi
1338 556 1341 561 ,

22 598 24 601 ·
76 633 80 638 .
127 592 242 662 partem
260 578 391 659 postulo.
421 580 454 657 ,ls
478 574 578 638 autem
602 599 722 660 semper
745 591 919 660 praetexere
936 577 1051 657 aliquid
1070 592 1100 638 et
1118 601 1219 639 moras
1238 598 1293 637 ue-

43 725 45 730 ,
111 677 216 724 utere.
234 662 408 723 lnterimet
424 661 475 722 alii
494 664 617 742 quidam
632 663 664 723 in
682 660 818 722 Cononis
837 662 1035 745 hereditatem
1054 677 1158 746 agunt,
1178 676 1210 723 et
1224 659 1293 730 Cal-

30 780 32 784 >
126 748 246 829 lippus,
268 748 361 807 frater
378 768 463 808 meus
481 769 658 829 germanus,
681 740 808 830 p‘eregre
826 749 949 807 domum
967 744 1105 808 reversus
1124 746 1227 809 statim
1245 767 1295 805 se-

65 907 74 915 „
111 833 249 905 finissem
266 831 443 894 hereditatis
460 833 545 912 petit.
580 834 667 908 Quae
691 832 997 916 tum'Olympiodoro
1016 854 1104 892 causa
1121 832 1295 913 luitpec'u-

83 944 89 970 i
121 917 195 978 uiae
213 916 289 976 mihi
306 938 369 977 nou
387 918 573 977 reddendae:
593 918 677 997 quod
694 917 782 976 multi
800 929 916 989 esseut,
935 916 988 996 qui
1006 917 1093 977 nobis
1114 930 1296 977 controver-

127 1002 201 1064 siam
218 1002 360 1062 facerent.
388 1004 437 1062 Me
456 1001 549 1084 igitur
568 1014 739 1082 exspectare
758 1014 899 1081 oportere
918 1001 1047 1075 dicebat,
1063 1003 1163 1072 donee
1181 1001 1296 1075 iudicia

44 1151 52 1162 .
127 1088 204 1149 lacta
223 1100 330 1162 essent
365 1087 441 1146 Mihi
461 1107 531 1146 vero
550 1106 674 1146 necesse
693 1099 758 1146 erat
775 1107 808 1145 ea
827 1086 1008 1146 concedere:
1037 1087 1183 1147 concessi.
1219 1088 1296 1145 Post

36 1208 48 1216 ·-
127 1173 201 1233 haec
220 1171 295 1231 mihi
314 1184 344 1231 et
358 1171 581 1255 Olympiodoro
601 1170 818 1244 communiter,
835 1183 871 1230 ut
887 1171 1102 1245 innueramus,
1120 1171 1311 1232 deliberem*

26 1255 63 1269 ”“
128 1248 228 1339 tilius,
255 1278 313 1337 qua
335 1257 454 1324 ratione
478 1257 591 1338 optime
610 1256 821 1337 tutissimeque
839 1251 1013 1321 adversariis
1036 1257 1156 1316 occurri
1180 1269 1296 1337 posset,

33 1336 225 1415 ‘243'visum
252 1355 313 1416 est,
331 1341 465 1416 ludices,
492 1341 745 1426 olympiodorum
770 1352 865 1402 totam
891 1341 950 1400 sibi
974 1341 1176 1401 hereditatem
1193 1341 1295 1401 vindi-

20 1452 27 1458 ·
129 1448 208 1504 care,
226 1419 274 1486 me
291 1447 365 1487 vero
383 1426 459 1486 mihi
476 1427 630 1487 semissem
648 1439 801 1510 oportere,
819 1424 1066 1508 quandoquidem
1085 1434 1116 1485 et
1127 1423 1295 1507 Gallippm,

111 1514 222 1574 'frater
236 1514 341 1588 meus,
365 1513 521 1573 semissem
539 1513 683 1573 duntaxat
699 1511 874 1593 postularet.
916 1511 1080 1590 Postquam
1100 1509 1197 1592 igitur
1213 1511 1295 1592 apud

62 1613 65 1618 ’
127 1611 316 1690 praetorem,
346 1597 487 1657 ominibus
505 1596 718 1670 controuersiis
736 1594 929 1678 perquisitis,
947 1596 1016 1656 vium
1033 1596 1065 1654 iu
1084 1594 1293 1656 iudicio'eon-
1348 1662 1352 1669 ,

42 1696 48 1703 ’
127 1682 412 1750 tendendumxrat:
445 1704 568 1764 prorsus
586 1681 724 1764 imparati
742 1701 859 1742 eramus
876 1681 1050 1743 ad‘causam
1068 1679 1172 1751 statim
1190 1681 1292 1741 diceu-

52 1773 66 1798 ·“
129 1769 214 1842 dam,
231 1762 291 1850 ego
310 1779 341 1828 et
359 1766 609 1852 Olympiodorus‚
625 1781 785 1851 propterea
803 1768 886 1852 quod
904 1765 992 1827 multi
1009 1765 1174 1851 adeeisarii
1191 1765 1294 1836 subito

79 1853 85 1859 ”
128 1859 185 1915 dos
205 1866 424 1934 oppresserant.
460 1854 615 1928 Quantum
633 1867 733 1914 autem
750 1873 798 1914 res
816 1851 970 1927 ferebant,
995 1851 1200 1914 communiter
1217 1850 1294 1911 detis

128 1937 284 2011 heremus,
317 1938 343 1996 si
362 1959 419 2017 qua
438 1937 470 1996 in
487 1938 656 2019 praesentia
673 1959 758 1998 mora
775 1937 904 2018 produci
920 1937 1011 1998 rebus
1030 1950 1152 2019 posset,
1182 1951 1217 1998 ut
1235 1958 1292 1997 nos
1333 2003 1339 2013 Ι

18 2037 26 2059 ²
69 2077 73 2087 ,
102 2048 105 2052 ’
150 2043 183 2082 er
201 2021 297 2081 otium
315 2022 352 2081 ad
370 2021 516 2082 iudicium
533 2044 713 2105 pararemus.
744 2025 827 2084 Inter
844 2022 918 2102 haee
934 2023 1104 2096 vos‚,forte
1121 2021 1245 2096 fortuna
1263 2035 1295 2082 et

75 2125 80 2135 ⁴
128 2045 233 2180 divino
252 2106 383 2186 quodam
401 2107 482 2181 fato,
500 2107 622 2187 impulsi
639 2104 675 2167 als
695 2107 883 2180 oratoribus,
901 2104 1109 2167 decernebatis
1127 2107 1294 2172 exercitum

90 2214 92 2219 ¹
128 2191 161 2252 in
185 2191 384 2251 Acarnaniam
408 2191 606 2253 mittendum:
635 2192 797 2274 oportebat
821 2191 915 2275 igitur
938 2192 1019 2251 inter
1042 2204 1177 2252 caeteros
1202 2191 1294 2252 etiam

117 2275 385 2360 ,Olympiodorum
404 2276 540 2336 militare.
570 2275 732 2357 Obtulerat
749 2298 822 2359 ergo
840 2292 906 2337 sese
924 2276 1136 2357 pulcherrima
1152 2288 1187 2336 ut
1202 2288 1294 2357 puta-

113 2357 254 2435 ‘bamus‚
278 2360 431 2429 dilationis
451 2363 587 2436 occasio,
613 2362 734 2443 publice
752 2363 812 2422 isto
830 2361 954 2422 'absente
974 2374 1004 2422 et
1021 2361 1175 2422 militante.
1192 2418 1196 2425 ,
1212 2357 1291 2420 Cum

91 2502 97 2512 .
128 2466 202 2529 vero
220 2459 343 2527 praetor
360 2447 444 2506 iussu
461 2447 537 2528 legis
556 2467 660 2508 omnes
682 2447 867 2509 adversarios
885 2447 917 2505 in
935 2447 1036 2519 lorum
1056 2446 1175 2518 citaret:
1209 2445 1293 2505 iura-

83 2540 88 2565 ·
109 2529 226 2590 -vimus
244 2551 319 2604 nos,
338 2529 592 2615 Olympiodorum
610 2532 730 2613 publice
749 2532 853 2592 abesse
872 2531 1059 2591 militantem.
1087 2532 1159 2607 Quo
1178 2529 1295 2591 iureiu-
1314 2576 1324 2594 -.

127 2615 225 2675 raudo
243 2616 281 2674 de
298 2615 358 2675 isto
378 2617 464 2690 dato,
481 2616 612 2678 vicissim
630 2616 768 2676 iurarunt
784 2616 962 2694 aduersarii,
987 2630 1017 2678 et
1036 2615 1294 2701 Olympiodorum
1327 2621 1332 2635 “

129 2697 357 2785 ἐτιἸυωῃίεηᾶο,
381 2723 452 2772 eum
475 2714 545 2782 post
568 2723 625 2769 nos
649 2703 801 2776 dicerent,
826 2700 977 2761 iudicibus
1001 2713 1236 2783 persuaserunt,
1260 2714 1310 2760 ut„

128 2785 359 2859 decernerent‚-
371 2785 560 2848 eius-iudicii
577 2809 664 2847 causa
682 2786 786 2846 aheise
803 2786 911 2861 istum,
935 2806 999 2846 non
1015 2785 1295 2867 publiconnomine.

79 2879 83 2888 '
129 2867 224 2944 Quod
247 2891 317 2943 cum
339 2866 454 2933 iudices
481 2868 700 2943 decreuissent:
726 2883 849 2952 praetor
864 2871 1059 2954 Pythodorus
1079 2869 1311 2954 Olympiodori·

67 2965 70 2969 ’
117 2953 366 3034 ,postulationem
386 2976 422 3015 ex
439 2954 506 3037 lege
524 2956 681 3016 abolevit·
698 2955 767 3030 Qua
784 2955 914 3029 abolita,
933 2955 1007 3014 mihi
1026 2949 1150 3036 quoque
1170 2976 1293 3016 necesse
1317 2993 1320 3001 -

50 3072 53 3076 ,
128 3037 206 3111 fuit,
234 3037 379 3099 desistere
403 3038 440 3111 ab
463 3038 602 3101 instituta
626 3040 658 3099 in
683 3040 839 3100 semissem
864 3039 1041 3099 hereditatis
1066 3042 1201 3102 actione·
1239 3040 1292 3099 llis

95 3153 99 3158 ¹
117 3115 232 3196 lactis,
257 3136 381 3204 praetor
397 3124 573 3199 adversariis
591 3125 703 3186 nostris
723 3121 859 3184 Cononis
877 3124 1076 3198 hereditatem
1094 3126 1226 3187 addixit:
1252 3124 1294 3185 sic
1323 3186 1327 3193 ,

128 3206 211 3267 enim
229 3207 328 3268 facere
342 3208 460 3290 legibus
479 3208 651 3292 cogebatur.
670 3212 738 3286 Qua
751 3209 846 3287 evicta
862 3209 985 3283 iudicio,
1000 3231 1070 3272 mox
1086 3211 1119 3271 in
1134 3211 1314 3272 Piraeeum-

129 3290 251 3373 egressi
260 3307 442 3374 acceperunt
459 3295 576 3368 omnia,
607 3317 683 3375 quae
702 3307 831 3375 uterque
850 3307 987 3354 nostrum
1005 3317 1061 3375 pro
1079 3319 1133 3356 sua
1151 3295 1293 3377 portione

18 3449 20 3455 Ι
128 3375 282 3437 habuerat.
304 3378 407 3459 Atque
427 3399 494 3462 ego,
513 3371 581 3440 cuin
600 3381 683 3440 domi
701 3401 807 3451 essem,
825 3400 921 3438 meam
940 3380 1005 3460 ipse
1022 3375 1150 3440 tradidi:
1168 3392 1292 3440 necesse

21 3458 43 3479 ''
63 3500 83 3546 '.
105 3476 108 3490 ¹
128 3461 211 3538 enim
235 3474 299 3523 erat
320 3484 426 3544 parere
451 3463 577 3546 legibus.
609 3463 823 3549 Olympiodori
846 3485 919 3523 vero
944 3464 1075 3524 absentis
1100 3464 1294 3534 abstulerunt

120 3545 246 3621 omnia,
260 3560 391 3627 praeter
407 3549 565 3629 pecuniam
584 3571 600 3608 a
616 3571 704 3610 servo
724 3545 884 3609 extortam:
915 3570 1016 3628 neque
1035 3549 1116 3608 enim
1135 3550 1181 3609 illi
1200 3549 1293 3610 habe-
1326 3602 1328 3606 .

98 3629 219 3704 '‘bant‚
236 3632 318 3691 unde
335 3633 417 3692 illam
434 3632 655 3733 recuperarent.
672 3626 805 3694 Haecin
823 3633 958 3694 absentia
976 3633 1192 3717 Olympiodori
1210 3647 1294 3718 gesta

33 3767 37 3773 ,
129 3727 218 3794 sunt,
237 3728 268 3775 et
284 3716 340 3777 hos
360 3737 417 3799 ego
437 3737 473 3777 ex
491 3739 558 3777 esus
574 3718 718 3780 societate
737 3713 852 3778 fructus
871 3719 945 3799 cepi.
976 3718 1131 3779 Reversus
1146 3719 1183 3779 ab
1204 3739 1293 3800 expe-

129 3800 247 3877 ditione
271 3823 332 3862 una
357 3823 425 3872 eum
449 3803 514 3863 aliis
534 3802 795 3886 Olympiodorus„
813 3803 945 3877 ludices,
970 3804 1101 3885 graviter
1128 3817 1160 3864 et
1184 3798 1301 3884 iniquo*

128 3885 230 3945 animo
250 3905 297 3960 ea,
324 3901 503 3968 quaegesta
522 3901 620 3962 eraut,
639 3889 831 3969 patiebatur,
857 3900 887 3946 et
904 3889 1008 3968 inique
1026 3910 1130 3949 seeum
1149 3889 1199 3973 agi
1218 3911 1292 3969 que-

19 3978 31 4052 ⁸.
128 3970 259 4030 rebatur.
295 3967 372 4031 Cum
397 3984 497 4033 autem
523 3972 581 4032 iam
601 3973 748 4054 explesset
764 3985 855 4052 atque
874 3972 1032 4043 effudisset
1048 3974 1292 4056 indignatione-m
1336 4008 1353 4016 ··

127 4074 230 4113 suam:
249 4055 351 4136 denuo
370 4057 603 4136 quaerebamus,
623 4055 886 4136 communiterque
905 4054 1168 4133 deliberabamus‚'
1178 4080 1243 4142 ego
1263 4070 1293 4118 et

45 4130 386 4220 244-0lympiodorus,
415 4152 476 4221 quo
494 4154 583 4223 pacto
601 4141 708 4203 amissa
725 4157 977 4223 recuperaremus.
1011 4144 1090 4203 Tum
1108 4143 1290 4207 nohis-con-

128 4220 310 4283 sultantibus
328 4226 425 4292 visum
444 4240 506 4300 est,
524 4238 559 4285 ut
577 4247 641 4299 eos,
659 4227 712 4306 qui
729 4227 927 4288 hereditatem
946 4225 1004 4287 sibi
1021 4227 1290 4303 vindicarent‚'iu-
1350 4304 1352 4308 Ι

103 4335 109 4345 .
129 4304 446 4383 dicIoarcesse'remus
465 4311 600 4393 exlege:
629 4323 720 4392 atque
739 4331 776 4371 eo
793 4332 895 4372 rerum
913 4324 1075 4375 statu-esse
1094 4313 1289 4388 tutissimum,
