2722 4754
152 242 155 250 ·
232 185 255 281 ',
301 156 977 277 >ιιιιιιιειιι,ιιιοιιιιιιιιιι
1045 198 1048 205 ’
1132 208 1224 295 ,ιιι
1308 251 1312 263 .

59 371 184 422 matrem
208 381 282 420 vero
307 383 391 420 suam
417 360 572 422 sobrinam
596 379 662 420 esse
687 362 882 423 Polemonis.
916 384 993 444 quae
1016 355 1105 445 saepe
1130 363 1167 424 ad
1192 387 1225 425 se
1283 441 1294 446 -

59 445 185 518 dixerit,
203 446 447 519 Philomacham,
465 457 591 505 matrem
609 444 798 520 Eubulidae,
816 469 953 508 sororem
960 448 1066 517 foisse
1082 450 1224 510 Polemo-

44 531 124 604 nis,
142 531 235 611 patris
254 531 408 613 Hagniae,
425 551 599 612 germanam
619 543 649 590 et
665 531 834 605 uterinam,
860 544 960 615 neque
976 535 1073 596 ullum
1090 557 1224 618 unquam
1322 588 1324 595 ι

58 616 151 676 luisse
171 616 292 675 fratrem
311 615 486 688 Polemoni,
506 615 641 697 Hagniae
657 614 744 696 patri.

143 700 248 761 Priore
266 701 404 800 actipne,
431 700 567 774 ludices,
594 722 662 761 cum
680 700 891 761 coniurassent
908 701 959 761 isti
977 702 1058 764 inter
1075 725 1125 780 se,
1151 724 1225 764 con-

58 784 233 866 iunctisque
251 785 346 866 copiis
365 785 453 845 multi
471 808 562 845 unam
581 785 738 845 mulierem
758 794 1078 868 oppugnarentt‘nos,
1093 789 1225 863 ludices,

59 891 160 950 neque
178 870 351 931 testimonia
369 869 542 952 scripsimus
562 870 708 930 derebus
727 871 890 946 confessis,
922 880 1023 951 neque
1040 887 1133 935 testes
1151 874 1226 934 cita·
1259 871 1262 878 ’
1285 899 1288 903 ’

58 955 167 1030 vimus,
185 958 239 1016 sed
257 955 636 1038 putavimus,'haec'nobis
655 956 773 1015 intuto
792 966 858 1016 esse
878 957 1031 1018 collocata.
1053 958 1105 1017 lsti
1123 971 1225 1018 autem

60 1055 89 1100 ct
104 1041 161 1100 alia
176 1042 269 1100 multa
286 1041 480 1121 impudenter
494 1042 531 1101 ad
548 1040 693 1100 iudicium
708 1054 932 1122 compararant,
950 1063 1051 1124 neque
1063 1041 1225 1124 quicquam

58 1125 150 1199 aliud,
169 1148 206 1185 eo
226 1127 348 1206 quidem
367 1139 523 1206 tempore,
541 1126 696 1202 curabant,
714 1148 803 1207 quam
820 1139 857 1186 ut
874 1127 989 1188 iudices
1003 1127 1039 1187 'in
1056 1127 1225 1208 praesentia

57 1211 213 1284 fallerent,
239 1233 307 1272 cum
326 1212 448 1292 quidem
467 1212 525 1271 hoc
543 1211 703 1271 mendacio
720 1210 935 1287 abuterentur,
961 1212 1137 1286 Polemoni,
1163 1213 1226 1271 Ha·
1292 1264 1296 1275 .

58 1296 146 1378 gniae
165 1297 259 1378 patri,
275 1297 415 1359 'omnino
434 1297 547 1355 nullam
565 1296 659 1355 luisse
676 1316 812 1355 sororem
830 1317 1002 1378 germanam
1021 1309 1051 1356 et
1067 1296 1226 1356 uterinam.

57 1382 146 1440 Adeo
166 1394 252 1442 erant
269 1382 460 1462 impudentes
479 1381 682 1453 et‚veeordes,
699 1393 735 1440 ut
752 1385 834 1440 tanta
853 1381 885 1440 in
902 1403 935 1441 re
953 1381 1128 1462 deciperent
1145 1381 1227 1441 iudi-

58 1487 107 1525 ces
127 1466 228 1546 itaque
248 1467 421 1526 manifestes
454 1478 485 1526 et
510 1464 541 1524 in
566 1464 625 1542 hoc
649 1487 759 1548 magno
783 1465 885 1526 studio
903 1488 1080 1546 summaque
1098 1478 1226 1526 conten-

58 1551 144 1617 tione
163 1552 386 1611 incumbebant.
409 1549 474 1610 Nos
492 1562 592 1609 autem
611 1550 697 1609 vohis
716 1573 798 1610 nunc
815 1564 864 1611 tot
880 1564 973 1611 testes
990 1551 1168 1612 adduximus
1188 1551 1226 1611 de
1276 1586 1285 1593 -

59 1656 166 1695 sorore
184 1637 376 1707 Polemonis,
394 1634 529 1716 Hagniae
549 1635 645 1694 amita.
682 1635 733 1694 isti
751 1656 824 1694 vero
842 1647 974 1696 testetur
990 1636 1042 1715 qui
1059 1635 1157 1710 volet,
1175 1649 1228 1695 aut

58 1742 124 1792 non
149 1721 243 1779 fuisse
266 1722 372 1781 iratres
396 1741 556 1801 germanos
583 1732 613 1778 et
635 1719 773 1780 uterinos
797 1719 996 1779 Polemonem
1021 1733 1051 1780 et
1073 1720 1228 1780 Philoma-

61 1805 162 1865 cham:
181 1819 233 1865 aut
250 1827 314 1872 non
331 1805 424 1864 fuisse
440 1805 637 1871 Polemonem
654 1804 760 1878 lilium,
778 1804 1003 1866 Philomacham
1019 1818 1119 1865 autem
1134 1805 1227 1865 filiam

62 1889 217 1970 Hagniae,
243 1889 347 1949 Buseli
364 1889 436 1948 filii:
458 1902 521 1948 aut
537 1890 735 1949 Polemonem
754 1911 817 1948 non
831 1890 930 1949 luisse
947 1903 1063 1970 patrem
1081 1889 1229 1973 Hagniae,

62 1975 149 2034 cuius
170 1989 216 2034 est
234 1975 399 2035 hereditas:
418 1995 518 2052 neque
536 1995 672 2034 sororem
690 1965 876 2047 Polemonis,
893 1975 1175 2048 Philomacham,
1147 1995 1228 2034 erus-

62 2058 131 2117 de'm
150 2060 284 2128 amitam:
303 2057 555 2119 autEubulidem
573 2080 636 2118 non
654 2058 748 2118 luisse
763 2058 977 2119 Philomachae
995 2059 1090 2119 filium
1111 2071 1142 2118 et
1155 2058 1228 2117 Phr
1252 2068 1313 2124 169

61 2141 156 2222 lagei,
181 2143 325 2223 patruelis
344 2141 496 2224 Hagniae.
519 2156 572 2202 aut
596 2143 687 2215 illud,
709 2141 895 2213 Eubulidae,
919 2143 1064 2223 patruelis
1082 2140 1229 2240 Hagniae,

61 2227 154 2285 filiam
179 2250 242 2287 non
268 2250 348 2301 esse,
373 2248 450 2305 quae
473 2227 571 2285 adhuc
595 2240 748 2307 superstes
774 2239 834 2299 est,
860 2227 1102 2301 Philomacbam,
1126 2246 1228 2308 neque

61 2331 189 2392 puerum
209 2313 290 2371 hunc
308 2311 427 2394 legibus
446 2311 552 2370 vestris
571 2311 775 2391 adoptatum
766 2335 797 2370 ιιι
813 2311 983 2371 Fubulidae
994 2312 1160 2391 familiam:
1177 2323 1230 2372 aut

61 2395 306 2477 Theopompum,
324 2396 480 2479 Macartati
497 2409 623 2477 patrem,
634 2417 678 2459 ,ex
696 2396 808 2456 familia
825 2397 918 2456 luisse
937 2397 1081 2480 Hagniae.
1109 2380 1229 2470 Horum
1292 2437 1296 2447 -

63 2481 208 2561 quicquid
227 2481 440 2553 libitum-erit,
455 2493 587 2541 testetur
603 2481 720 2561 aliquis.
748 2481 809 2541 Sed
827 2481 898 2542 satis
917 2481 999 2555 scio,
1017 2481 1229 2546 neminem-ita

63 2568 204 2626 audacem
223 2567 359 2626 futurum
378 2579 430 2626 aut
448 2566 622 2647 deploratae
639 2568 711 2626 fidei
730 2566 892 2627 hominem.
935 2569 977 2626 Ut
990 2581 1095 2627 autem
1109 2565 1249 2648 perspi:

64 2673 153 2710 cunm
171 2652 257 2711 vohis
277 2652 326 2724 sit,
345 2652 473 2723 ludices,
492 2671 545 2710 eos
563 2651 646 2731 prius
664 2672 719 2732 per
736 2650 916 2711 calumniam
934 2651 1027 2712 luisse
1046 2651 1230 2733 superiores,

64 2757 163 2815 neque
183 2737 344 2816 quicquam
362 2756 452 2817 aequi
443 2728 624 2812 attulisse,
650 2737 717 2832 lege
736 2735 929 2827 testimonia,
946 2756 1023 2818 quae
1041 2736 1140 2799 adhuc
1157 2748 1230 2811 sunt

63 2821 212 2901 reliqua

466 2943 831 3029 resrt'monffta

147 3078 305 3149 'lestatur,
332 3097 365 3135 se
384 3087 546 3158 cognatum
565 3097 632 3138 esse
649 3070 830 3149 Polemoni,
854 3068 991 3156 Hagniae
1008 3074 1104 3156 patri,
1131 3086 1162 3134 et
1178 3094 1232 3134 au·
1320 3128 1324 3137 .

65 3162 144 3224 disse
170 3183 186 3221 e
211 3175 296 3242 patre
320 3181 394 3233 suo,
420 3161 526 3227 fratres
553 3159 647 3218 fuisse
673 3160 825 3241 patrueles
848 3158 1023 3220 Polemonis
1046 3157 1234 3242 Philagrum,

64 3246 234 3307 Eubulidae
251 3260 385 3327 patrem,
404 3260 434 3305 et
451 3245 705 3316 Phanostratam,
716 3243 820 3304 Stratii
838 3244 951 3319 liliam,
968 3257 999 3304 et
1017 3239 1233 3316 Callistratum,
1255 3248 1265 3286 ἒ

64 3345 179 3413 patrem
198 3331 301 3390 matris
319 3328 471 3411 Sosithei,
499 3344 530 3389 ct
548 3331 785 3402 Euctemonem,
811 3350 899 3402 enm,
924 3329 977 3409 qui
994 3346 1091 3410 regno
1110 3330 1232 3388 functus

66 3431 129 3490 est,
149 3430 180 3476 et
197 3413 423 3488 Charidemum,
441 3429 557 3516 patrem
576 3414 770 3494 Theopompi
787 3425 819 3473 et
836 3412 1011 3487 Stratoclis,
1030 3425 1062 3472 et
1080 3433 1146 3473 esse
1163 3432 1232 3472 cum

64 3501 154 3561 huius
172 3502 243 3561 filiis
263 3513 294 3559 et
306 3501 449 3582 Hagnia
440 3523 472 3560 m
491 3501 599 3559 eodem
617 3520 730 3583 genere
745 3497 932 3558 Eubulidem
949 3520 965 3558 a
982 3510 1067 3579 patre
1085 3519 1143 3557 sno
1158 3495 1233 3556 Phi-

62 3587 165 3669 lagro.
192 3587 239 3646 sin
258 3598 353 3644 mater
372 3585 453 3659 eius,
471 3584 683 3685 Philomacha,
707 3596 876 3664 spectatur,
894 3583 1078 3644 Eubulidem
1096 3581 1232 3687 llagniae
1300 3595 1306 3610 ‘

63 3673 232 3752 patruelem
252 3670 434 3746 existimari,
456 3669 599 3731 examita
617 3682 717 3730 ortum
736 3668 879 3751 Hagniae.

556 3821 740 3866 An.1111)

150 3928 331 3998 Testantur,
349 3946 382 3984 se
401 3936 546 4008 cognatos
565 3943 631 3983 esse
648 3922 827 3996 Polemoni,
843 3921 921 4005 patri
939 3921 1099 4024 llagniae,⁸
1112 3934 1143 3982 et
1159 3920 1234 3981 Phi

64 4010 205 4092 lagro,p
207 4010 263 4070 atri
281 4009 470 4083 Eubulidae,
496 4021 527 4068 et
544 4002 727 4068 Euctemoni
744 4029 840 4091 regno
859 4009 983 4080 functo,
1009 4021 1039 4067 et
1057 4007 1152 4083 scire,
1169 4007 1233 4066 Eu

65 4109 237 4155 clemonem
256 4097 349 4156 luisse
367 4095 490 4154 sra'trem
508 4093 659 4176 Philagri,
690 4093 782 4175 patris
801 4092 989 4164 Eubulidae,
1021 4093 1130 4152 eodem
1147 4105 1233 4172 patre

65 4193 189 4255 natum,
215 4194 263 4253 et,
282 4203 351 4239 oum
369 4178 539 4240 Eubulidae
558 4179 738 4260 disceptatio
757 4192 836 4250 esset
854 4179 902 4238 de
910 4174 1079 4243 hereditate
1096 4176 1233 4259 Hagniae

65 4264 220 4338 instituta,
232 4266 336 4325 adhue
354 4261 548 4348 superstitem
565 4263 658 4325 luisse
676 4266 907 4336 Euctemonem,
924 4263 1048 4323 fratrem
1065 4262 1234 4357 patruelem
1276 4289 1280 4297 ·

66 4349 260 4448 Polemonis,
284 4351 389 4434 patris
400 4349 552 4434 negatae:
578 4370 682 4433 neque
702 4349 897 4411 contendisse
919 4348 1141 4410 Euctemonem
1165 4348 1237 4407 cmr's
1289 4359 1293 4367 ’

893 4433 1031 4510 32*
