2722 4754
328 157 955 288 iuvunsusnnoc'nnnnu.
1101 236 1105 243 .
1166 195 1228 252 sos

26 379 32 390 ³
59 350 196 435 potiores
215 368 282 408 esse
301 369 397 408 mares
423 358 461 407 et
470 343 604 406 maribus
626 343 821 426 progenitos·
840 343 1034 426 Simpliciter
1050 343 1131 406 enim
1149 365 1166 404 a
1183 345 1229 404 ri-

58 437 109 503 rili
126 435 221 515 stirpe
244 433 406 515 proximis,
431 432 457 491 si
474 430 666 491 liberivnulli
683 443 773 503 suut,
797 431 845 492 les
870 430 1054 493 hereditates
1077 429 1231 491 restituit:

59 524 92 583 hi
110 541 182 581 vcro
203 541 259 578 nos
279 540 390 578 sumus.
408 516 481 577 Siue
499 515 603 575 liberis
623 514 703 575 enim
719 515 884 582 decessisse
897 517 1080 577 Archiadem
1094 520 1230 581 constat:
1299 552 1303 557 -

3 668 13 687 Ι
60 609 90 670 ei
108 618 210 666 autern
229 626 285 663 uos
303 625 320 663 a
337 601 428 674 virili,
446 614 537 681 atque
555 602 632 661 adeo
652 600 740 659 etiam
759 622 774 658 a
791 599 933 660 muliebri
951 603 1044 682 stirpe
1058 591 1231 663 ¹iidem-nos
1287 653 1288 657 ,

60 690 190 778 proximi
207 698 320 749 sumus.
337 680 501 768 Midyiides
520 687 601 746 enim
618 685 714 745 frater
725 682 981 750 suit'Arebiadae:
999 684 1165 770 Midylidae
1177 711 1231 748 au-

19 786 24 792 ’
61 795 123 841 tem
136 776 196 837 fitia
211 775 270 834 mei
282 773 374 855 patris
389 785 493 833 mater.
509 771 643 831 Proinde
655 770 832 845 Archiades,
850 770 935 841 cuius
949 770 1148 833 hereditatem
1164 774 1232 835 vin·
1295 803 1299 810 ·

61 866 193 926 dicamus
210 881 301 932 nune,
320 857 380 917 mei
394 859 486 938 patris
499 857 587 916 matri
605 868 730 938 patruus
748 856 816 930 suit,
833 855 934 917 aviris
950 858 1136 939 'cognatione
1155 873 1233 934 orta,

61 938 125 1010 non
144 969 178 1007 ea
197 968 213 1004 a
231 943 418 1004 mulieribus.
442 945 616 1021 Leostratus
636 938 736 1000 autem
755 941 812 1001 iste
831 955 863 1001 et
878 941 1028 1001 remotior
1045 957 1091 1002 est
1108 965 1233 1024 genere,

63 1050 94 1096 et
111 1046 132 1094 a·
145 1030 287 1091 muliebri
305 1030 416 1108 stirpe,
445 1028 574 1089 Archiae
594 1027 784 1087 coniunctus.
818 1029 971 1086 Leocratis
996 1028 1077 1088 enim
1096 1029 1160 1088 aria
1178 1053 1233 1110 pa.
1263 1068 1265 1073 ,

61 1136 147 1182 terna
165 1137 254 1178 soror
271 1115 330 1174 suit
344 1113 613 1177 Archiadaeillius
633 1111 849 1195 etMidydidae,
868 1113 1013 1193 aquibus
1033 1134 1088 1174 nos
1109 1113 1233 1174 oriundi

62 1204 261 1266 hereditatem
280 1199 475 1281 postulamus.
495 1199 631 1259 Primum
650 1197 754 1279 igitur,
772 1198 901 1271 ludices,
919 1219 1015 1280 genus
1034 1211 1171 1268 nostrum
1191 1201 1234 1260 ita

63 1314 94 1353 se
112 1290 235 1358 hahere,
252 1287 299 1345 uti
317 1285 461 1357 dicimus,
478 1297 514 1343 ut
531 1295 689 1364 appareat,
705 1282 880 1342 testimonia
897 1283 984 1344 vobis
1003 1283 1159 1365 legentur:
1178 1287 1232 1344 de-

63 1377 133 1437 inde
152 1358 206 1434 len⁸
217 1372 298 1451 ipsa,
327 1389 403 1448 quae
423 1382 453 1428 et
470 1369 590 1428 familiis
610 1379 641 1445 et
658 1388 673 1426 a
691 1365 772 1425 virili
790 1367 884 1447 stirpe
908 1368 1051 1448 proximis
1078 1364 1232 1449 heredita-

39 1475 41 1486 '
63 1475 107 1522 tes
126 1458 240 1520 tribuit
263 1452 382 1534 ¹Capita
401 1455 480 1513 enirn
499 1451 723 1513 controversiae
742 1463 773 1510 et
791 1472 842 1525 ea,
866 1453 903 1512 de
923 1451 1034 1532 quibus
1052 1454 1143 1514 iurati
1160 1454 1232 1535 pro-
1256 1452 1318 1513 184

63 1543 251 1616 nuntiabitis,
269 1541 343 1600 haec
359 1540 423 1599 sere
441 1551 520 1599 suut.
537 1536 715 1599 Vocamihi
729 1549 826 1611 ¹testes
844 1536 905 1599 hue
924 1551 954 1598 et
971 1538 1071 1622 legem
1088 1540 1189 1602 recita.
1254 1575 1266 1589 υ
1288 1583 1294 1591 -

467 1672 676 1733 resins
717 1687 826 1732 uun

151 1799 236 1872 Quae
251 1794 406 1878 ¹igiturad·
421 1813 518 1876 genus
530 1804 568 1858 et
590 1791 718 1853 istorum
738 1802 769 1852 et
787 1781 926 1855 nocuum
944 1795 1091 1891 attinept,
1116 1795 1160 1858 sic
1178 1796 1232 1859 ha·
1286 1821 1289 1831 ⁴

65 1886 156 1955 hent,
174 1882 299 1942 ludices.
334 1879 485 1952 Proinde,
512 1878 564 1959 qui
583 1879 654 1959 ipsis
673 1877 856 1938 testimoniis
877 1883 1077 1943 ostenderunt
1086 1924 1099 1963 ,Ι
1113 1905 1145 1943 se
1165 1906 1231 1944 esse

64 1988 177 2050 genere
195 1968 371 2048 propiores,
398 1965 595 2025 hereditatem
619 1963 776 2043 percipere
795 1963 925 2039 dehent,
951 1988 1052 2047 neque
1069 1969 1235 2030 contestati¹

64 2053 235 2131 desperatio
254 2051 357 2130 potior
375 2071 440 2110 esse
458 2049 607 2110 institutis
622 2049 738 2110 vestris.
759 2048 837 2111 Nam
854 2049 880 2108 si
898 2051 1063 2132 adoptione
1081 2054 1233 2128 nituntur,

65 2158 139 2210 nos,
159 2144 192 2195 e'a
211 2136 257 2215 uti
274 2136 350 2195 sucta
368 2135 424 2205 sit,
444 2136 646 2194 ostendemus.
682 2130 758 2192 Cum
777 2147 878 2193 autem
903 2135 984 2196 filius
1002 2139 1162 2218 adoptivus
1182 2156 1234 2200 or-

65 2223 121 2282 bus
139 2221 246 2299 utique
266 2219 386 2292 obierit,
405 2232 438 2280 et
453 2218 564 2278 familia
581 2217 663 2277 illius
681 2238 779 2296 usque
798 2219 836 2277 ad
853 2232 988 2280 nostram
1007 2222 1160 2284 actionem
1178 2227 1232 2285 de·
1285 2226 1288 2230 ⁴

66 2319 144 2367 serta
162 2293 271 2365 suerit:
297 2325 400 2363 annon
419 2316 449 2362 et
466 2323 579 2385 genere
597 2301 751 2383 proximos
770 2302 969 2365 hereditatem
986 2328 1183 2389 recuperare,
1202 2323 1234 2370 et

66 2413 118 2452 vos
138 2413 203 2450 non
220 2391 260 2473 ad¹
283 2389 495 2469 decipiendum
514 2389 629 2469 optime
653 2387 826 2462 instructis,
852 2391 907 2449 sed
925 2391 1041 2453 affectis
1060 2393 1171 2456 iniuria
1190 2395 1234 2455 ci-

52 2477 153 2537 xribus
172 2497 211 2555 op
279 2474 359 2533 serre
378 2495 431 2554 par
449 2473 513 2533 est?
539 2475 615 2534 Nam
632 2473 659 2533 si
676 2473 709 2532 in
727 2488 830 2534 nostra
848 2489 999 2554 potestate
1014 2492 1108 2551 esset,
1128 2495 1233 2542 osten-

66 2585 100 2622 so
119 2583 155 2642 ge
207 2580 246 2645 s,
265 2572 295 2618 et
312 2560 375 2639 ipsa
393 2559 614 2634 contestatione
633 2560 834 2634 descendere,
854 2581 1022 2643 eorumque
1039 2565 1135 2641 nihil,
1154 2587 1233 2646 quae
1260 2608 1273 2627 x

40 2701 45 2706 .
67 2647 101 2707 di
119 2647 126 2662 '
169 2687 205 2723 ¹,
223 2643 418 2725 plura-verba
436 2644 618 2724 requIreret:
638 2643 723 2704 vobis
743 2644 856 2706 diutius
876 2648 997 2709 molesti
1011 2671 1074 2709 nen
1090 2672 1234 2712 essemus.

67 2734 89 2792 P
183 2754 229 2805 am
248 2743 348 2789 autem
366 2728 417 2795 isti
434 2729 638 2811 legibusqnon-
653 2728 804 2804 nituntur,
824 2733 878 2792 sed
897 2755 945 2808 eo,
964 2736 1047 2813 quod
1065 2737 1233 2817 superiori-

68 2818 123 2889 bus
139 2815 328 2897 temporibus
346 2836 447 2874 rerum
471 2814 587 2894 aliquid
605 2826 680 2887 ante,
694 2831 882 2895 occuparunt
903 2830 938 2879 et
955 2818 1184 2901 interceperunt
1202 2833 1234 2881 et

67 2903 99 2969 in
116 2902 197 2963 bona
215 2902 406 2972 invaserunt,
430 2899 476 2959 his
501 2901 687 2981 argumentis
713 2912 834 2961 utentes
853 2922 886 2962 se
910 2902 1007 2964 adisse
1033 2905 1233 2967 hereditatem

67 2987 183 3048 dicent:
208 2985 411 3061 necessarium
428 3007 501 3044 sarie
519 2998 566 3045 est
583 2986 673 3045 etiarn
691 2986 729 3045 de
747 2985 794 3045 his
813 2986 931 3062 dicere,
957 3002 1048 3070 atque
1067 2994 1234 3052 ostenden·
1298 2980 1301 2987 ’

66 3074 157 3147 dum,
183 3075 257 3132 istos
276 3070 413 3130 omnium
437 3070 595 3131 hominum
614 3092 679 3130 esse
704 3071 949 3134 violentissimos.
983 3075 1060 3136 Nam
1078 3076 1115 3137 ab
1133 3077 1235 3151 initio,

67 3152 204 3229 ludices,
232 3157 351 3244 elocant
373 3175 511 3215 sororem
537 3177 622 3216 suam
648 3155 808 3238 Midylides
833 3171 865 3217 et
888 3159 1054 3220 Archiades
1072 3163 1233 3228 Leostrato
1313 3208 1319 3215 ,

66 3243 231 3302 Eleusinio.
248 3243 323 3300 Post
341 3262 357 3300 e
374 3240 435 3300 filia
453 3241 534 3305 illius
553 3241 701 3314 elocutae,
719 3243 832 3317 sororis
851 3243 984 3319 illorum,
1002 3246 1137 3308 nascitur
1154 3251 1234 3308 Leo-
1313 3278 1319 3283 ·

67 3341 174 3402 crates,
192 3340 276 3408 pater
289 3325 446 3386 Leostrati.
465 3323 674 3400 Considerate,
692 3339 730 3385 ut
743 3349 821 3387 uuus
842 3329 879 3388 de
898 3331 1000 3390 multis
1019 3331 1051 3391 in
1064 3333 1234 3392 Archiadae

67 3414 281 3498 cognationem
299 3412 356 3471 iste
375 3411 539 3491 pertineat,
564 3412 601 3470 de
621 3433 683 3492 quo
703 3425 888 3472 contestatus
909 3427 962 3475 est.
997 3416 1085 3490 Quae
1105 3414 1173 3477 cum
1193 3417 1250 3479 ita⁴

67 3521 99 3558 se
117 3498 278 3570 haberent,
297 3496 462 3556 Archiades
480 3496 706 3557 matrimonium
724 3518 788 3556 non
806 3486 973 3560 contmhit':
997 3500 1162 3584 Midylides
1180 3525 1235 3563 au-

67 3597 146 3655 tem,
163 3584 256 3644 frater
267 3582 354 3654 eius,
370 3598 451 3642 atreusx
463 3581 570 3655 istius,
583 3602 709 3641 uxorem
728 3582 817 3642 dicit:
845 3595 876 3643 et
893 3585 962 3664 quia
982 3588 1119 3647 nondum
1139 3589 1234 3668 patri·
1271 3594 1276 3605 ’

12 3680 18 3689 “
67 3669 204 3730 monium
228 3667 330 3750 partiti
348 3679 450 3740 erant,
476 3668 531 3727 sed
555 3679 685 3748 uterque
709 3666 857 3742 habebat,
882 3682 1028 3749 quantum
1054 3672 1253 3746 satis-esset,

66 3755 231 3838 Midylides
264 3752 295 3812 in
321 3751 398 3811 urbe
423 3765 597 3832 permanet,
629 3750 795 3812 Archiades
820 3753 970 3815 Salamine
987 3754 1117 3816 habitat.
1162 3759 1234 3819 Non

50 3839 165 3901 multu
184 3853 284 3899 antem
302 3850 389 3918 post,
414 3859 482 3897 eum
501 3837 683 3921 Midylides,
702 3859 773 3896 avus
791 3839 885 3918 patris
903 3841 1082 3912 mensura
1101 3842 1234 3903 Atticam

67 3946 193 4007 peregre
211 3927 290 3984 forte
309 3922 443 3995 abiisset,
458 3923 491 3983 in
505 3922 644 3983 morbum
662 3922 771 3982 incidit
785 3923 951 3986 Archiades
964 3940 998 3987 et
1010 3940 1140 3988 mortem
1159 3928 1237 4002 obit,

32 4060 35 4064 Α
66 4010 192 4071 absente
210 4008 368 4092 Midylide,
385 4007 479 4068 homo
497 4008 628 4069 coelebs.
646 4009 752 4083 'Quod
772 4009 836 4075 eius
856 4011 901 4070 rei
918 4011 1040 4094 signum
1059 4012 1125 4089 est?
1153 4013 1236 4075 Puer

67 4096 190 4156 situlam
208 4097 309 4156 serens
327 4106 374 4154 est
390 4092 562 4155 Archiadae.
576 4092 738 4174 sepulchro
757 4095 925 4176 impositus.
947 4097 994 4157 Eo
1012 4112 1162 4179 tempore,
1180 4121 1234 4163 eo·
1257 4103 1319 4162 185

22 4216 30 4227 ι
68 4181 219 4264 guntionis
238 4204 254 4240 a
272 4180 449 4240 mulieribus
468 4180 552 4240 ortae
569 4194 743 4261 praetextu,
768 4181 946 4257 Leocrates,
968 4180 1120 4245 Leostrati
1137 4198 1233 4266 pater,
1252 4234 1262 4242 a
1309 4244 1312 4251 .

68 4288 100 4326 se
119 4269 243 4348 adoptat
260 4267 354 4326 filiunt
373 4263 557 4337 hrehiadae‚
572 4279 607 4327 et
623 4267 667 4327 sie
685 4265 716 4326 in
736 4265 815 4326 hona
833 4267 958 4342 invadit,
975 4283 1118 4351 tanquam
1136 4271 1175 4333 ab
1193 4268 1238 4333 eo'
1277 4263 1288 4285 ⁸

68 4352 188 4414 virente
201 4351 304 4434 adhue
327 4351 510 4432 adoptatus.¹
528 4352 679 4415 Reversus
697 4351 864 4436 hlidylides
879 4367 909 4415 et
926 4355 957 4415 id
968 4355 1087 4423 ,iactum
1103 4356 1249 4441 indigne,
