2722 4754
152 220 205 246 „
286 151 987 328 ffconruunt-umorem
1068 197 1249 293 pus
1303 149 1348 164 ”

77 408 177 497 Nihil
194 431 333 515 profecto
352 432 516 494 molestius
524 445 590 508 cst,
624 432 847 508 Athenienses,
884 452 973 513 quam
990 431 1023 491 in
1041 432 1174 499 vicinum
1191 432 1249 493 im·
1300 507 1303 515 Ι

66 521 218 604 p'robum
234 532 265 578 et
283 541 403 600 avarum
420 519 569 597 incidere:
588 517 619 578 id
636 518 732 598 quod
729 518 812 577 mihi
829 539 911 577 nunc
926 540 985 578 nsu
1001 518 1092 579 venit
1104 514 1249 579 Callicles
1309 576 1316 602 :

75 608 166 668 'enim
184 605 305 686 praedia
324 625 390 664 meu
395 590 610 664 desiderans
600 615 642 663 tta
660 603 824 663 obstinate
828 625 877 664 me
895 602 1071 664 calumniari
1088 603 1198 687 pergit,
1214 616 1250 665 ut
1345 647 1351 655 ,

82 692 215 774 priinum
234 689 454 759 consobrinum
471 709 560 749 suum
578 683 766 761 subornarit,
790 688 843 767 qui
861 707 895 748 ea
913 687 972 746 sihi
988 689 1169 750 vindicaret·
1196 710 1250 772 pa·

82 779 143 838 lam
161 789 263 835 autem
282 775 455 846 convictus,
472 774 603 834 refutato
621 793 695 854 per
693 793 749 833 me
761 793 867 832 eorum
885 777 1077 847 commento,
1094 776 1211 835 rursus
1217 775 1250 834 in
1271 781 1287 803 ”

84 861 202 922 duabus
226 876 274 920 me
298 860 395 920 causis
419 859 530 920 arbitri
539 858 697 918 sententia
721 850 936 919 condemnavit
955 852 1132 940 absentem,
1157 861 1267 921 altera*
1292 850 1306 865 ⁸
1339 932 1342 940 ι

81 948 150 1031 ipse
168 945 251 1005 mille
270 945 436 1016 drachmis
443 946 548 1004 altera
564 945 657 1004 fratre
675 940 833 1003 Callicrate
851 943 991 1025 impulso
1020 945 1134 1003 Precor
1149 959 1251 1006 autem
1336 962 1341 971 ’

82 1054 139 1092 vos
158 1051 281 1104 omnes,
298 1044 334 1090 ut
350 1052 399 1089 me
418 1029 560 1119 audiatis,
579 1042 610 1091 et
628 1008 790 1110 diligenter
807 1028 999 1121 attendatis,
1002 1049 1066 1088 non
1085 1027 1195 1109 quod
1186 1048 1255 1112 ipse
1264 1051 1272 1101 j

84 1115 288 1186 dicend1,s1m
313 1100 449 1196 peritus,
469 1116 523 1174 sed
547 1127 583 1173 ut
605 1135 659 1174 vos
683 1134 719 1173 ex
742 1114 815 1194 ipsis
833 1114 924 1173 rebus
944 1097 1150 1197 cognoscatis,
1176 1113 1252 1180 mihi
1296 1112 1302 1119 ’

58 1196 210 1285 ·palam
200 1200 342 1260 iniuriam
359 1199 433 1259 fieri.
469 1202 535 1259 Una
559 1212 659 1259 autem
680 1199 755 1258 mihi
773 1211 878 1258 contra
897 1199 998 1259 omnia
1014 1199 1143 1259 istorum
1160 1201 1253 1260 verba
1323 1198 1347 1281 J

51 1328 62 1334 «-
86 1286 225 1347 defensio
243 1298 306 1360 est,
339 1262 422 1364 quod
439 1285 595 1382 praedium
614 1284 689 1343 illud
707 1282 793 1363 pater'
809 1304 912 1342 meus
906 1284 1053 1344 macerie
1050 1283 1251 1383 se'psitprius
1277 1287 1288 1302 ⁸
1341 1296 1347 1303 “

83 1372 190 1445 ferme,
208 1391 298 1470 quarn
311 1390 368 1452 ego
381 1382 470 1429 natus
486 1392 566 1441 sum,¹
569 1373 613 1428 et
623 1369 745 1430 vivente
762 1367 859 1427 adhuc
874 1364 1056 1453 Callippide,
1072 1382 1158 1448 patre
1175 1369 1252 1429 is'to-

70 1456 155 1516 'rum
177 1469 212 1522 et
234 1455 353 1526 vicino,
378 1455 431 1534 qui
453 1475 518 1513 rem
539 1453 653 1514 ‘certius
676 1465 766 1513 norat
790 1473 879 1533 quam
895 1451 969 1531 ιιιί,
997 1465 1027 1512 et
1045 1449 1201 1514 Callicle
1191 1474 1252 1512 ram
1319 1447 1320 1450 ¹

63 1542 191 1602 'adulto
217 1553 308 1639 atque
325 1538 455 1598 Athenis
479 1551 624 1598 versante
660 1536 758 1596 Annis
784 1536 974 1597 autemillis
995 1538 1155 1597 omnibus
1153 1560 1252 1599 nemo

85 1627 188 1700 venit,
215 1624 267 1705 qui
291 1625 342 1684 vel
365 1637 536 1696 accusaret,
560 1622 609 1682 vel
633 1634 814 1702 quereretur
834 1619 1031 1704 (quamquam
1054 1622 1135 1683 haud
1159 1623 1257 1693 dubie·

86 1725 154 1772 tum
174 1710 264 1769 etiam
283 1710 371 1788 saepe
398 1707 509 1768 imbres
525 1705 685 1789 fuerunt),
705 1707 751 1766 vel
768 1706 947 1787 prohiberet
965 1708 1113 1782 οιιιιιιιιο,
1118 1709 1144 1768 si
1160 1730 1255 1790 quem
1313 1724 1318 1729 '
1352 1770 1355 1774 ,

87 1809 176 1877 pater
193 1793 350 1893 sepiendo
359 1804 466 1852 nostro
484 1793 607 1874 praedio
625 1791 814 1851 laedebat:
804 1812 866 1850 rano
886 1813 942 1852 uec
960 1792 1074 1868 vetuit,
1093 1813 1149 1854 nee
1165 1797 1254 1856 testi·
1294 1802 1315 1873 J

87 1883 194 1941 ficatus
220 1891 278 1938 est
290 1878 467 1959 quisquam,
493 1899 562 1937 cum
586 1889 673 1957 pater
695 1885 781 1936 meus
807 1897 903 1936 annos
921 1878 1055 1958 amplius
1080 1870 1280 1967 quindecim
1302 1919 1310 1932 ι

41 2014 44 2023 ,
87 1965 242 2064 superstes
261 1963 362 2035 fuerit,
380 1982 480 2042 neque
498 1962 563 2022 his
557 1963 721 2042 pauciores
733 1974 839 2043 pater
843 1962 971 2035 istorum
987 1959 1178 2044 Callippides.
1196 1965 1289 2027 At-

88 2050 161 2153 qui,
181 2045 336 2121 Callicles,
353 2046 441 2106 licuit
458 2047 544 2107 vobis
563 2059 628 2146 tum
646 2046 802 2127 prolecto,
819 2068 887 2113 cum
905 2047 1016 2106 fossam
1034 2047 1164 2109 obstrui
1169 2051 1255 2112 vide·
1322 2058 1329 2063 “

48 2176 51 2181 ,
88 2134 182 2207 r'etis,
200 2133 320 2207 venire,
339 2132 501 2212 statimque
520 2114 674 2212 indignari
690 2145 720 2191 et
738 2131 838 2191 dicere
857 2133 893 2190 ad
911 2122 1043 2211 patr'em·
1060 2134 1196 2208 «Tisia,
1201 2146 1257 2195 cur
1278 2148 1339 2204 310

88 2219 173 2280 istud
197 2217 290 2278 facis?
318 2216 449 2277 obstruis
473 2216 606 2290 fossaml,
629 2218 690 2275 lam
715 2237 791 2294 aqua
815 2215 850 2273 in
870 2219 1009 2274 nostrum
1031 2219 1223 2297 praedium
1212 2242 1256 2278 rr-

39 2300 41 2306 ’
89 2307 192 2376 ruit»,
211 2315 263 2374 ιιι,
281 2302 307 2361 si
326 2302 470 2362 desistere
489 2301 654 2373 noluisset,
672 2321 705 2360 ac
720 2300 783 2360 tale
801 2299 915 2379 aliquid
933 2301 1108 2379 accidisset,
1126 2304 1255 2366 testibus

90 2391 139 2463 iis,
158 2388 210 2467 qui
228 2400 293 2446 tum
311 2387 493 2460 adfuissent,
511 2387 557 2446 uti
575 2387 719 2447 licuisset.
748 2386 814 2460 Ac,
832 2406 880 2444 me
900 2385 973 2445 dius
984 2386 1085 2471 fidius,
1102 2400 1132 2447 te
1152 2402 1256 2450 osten·
1285 2434 1304 2469 ¹.

51 2486 55 2493 '
92 2476 165 2534 dere
184 2472 321 2554 oportuit
339 2470 480 2531 omnibus
501 2471 675 2532 hominibus
695 2493 760 2539 esse
777 2470 904 2543 fossam,
938 2483 1054 2532 utnon
1071 2468 1171 2533 verbis
1189 2488 1257 2552 tan·
1261 2462 1277 2501 ⁸·
1347 2477 1351 2482 ’

91 2573 175 2631 ιιιιιι,
192 2570 228 2616 ut
244 2578 341 2631 nunc,
358 2558 412 2617 sed
430 2576 463 2615 re
480 2557 545 2636 ipsa
561 2560 677 2639 patrem
695 2556 822 2616 iniuriae
840 2555 1044 2619 convinceres
1064 2558 1185 2618 Horum
1203 2582 1257 2620 au-
1264 2630 1268 2635 ,
1320 2629 1323 2633 ,

91 2659 154 2705 tem
171 2642 248 2702 nihil
267 2642 425 2722 qnisquam
442 2654 576 2702 vestrum
592 2663 728 2721 unquam
745 2654 896 2723 praestare
914 2640 1038 2702 'volnita'
1056 2665 1164 2724 neque
1175 2645 1258 2704 en'irn

91 2730 267 2799 absentem,
284 2739 321 2786 ut
337 2740 392 2786 me
403 2748 502 2799 nunc,
521 2709 735 2800 damnassetis,
754 2736 854 2808 neque
872 2727 1029 2788 calumniis
1048 2729 1260 2810 vestrisque..
1280 2738 1286 2755 ’
1333 2728 1337 2745 ’

91 2836 183 2896 quam
206 2810 419 2893 profecissetis
455 2811 563 2870 Sed
538 2835 565 2872 sr
587 2826 653 2873 tum
675 2825 785 2873 testem
808 2811 1023 2887 adduxissetis,
1049 2833 1148 2893 eoque
1171 2835 1258 2896 prae-

91 2909 180 2962 sente
204 2895 438 2957 reclamassetis:
462 2896 529 2971 ille,
552 2909 587 2956 ut
611 2898 751 2976 quirem
775 2910 960 2978 compertam
974 2896 1123 2989 haberet,
1138 2899 1271 2959 hornin-

92 2983 239 3067 singulis,
263 2983 305 3042 ita
323 2984 369 3042 uti
386 2993 458 3040 sunt
466 2982 669 3057 ,declaratis,
692 2982 779 3042 facile
798 2981 999 3042 mercenarios
1004 2982 1112 3045 testes
1129 2985 1259 3047 refutas-

94 3082 150 3131 set.
177 3073 244 3149 Vos
261 3079 361 3127 antem
379 3088 443 3140 me,
465 3066 609 3127 nimirum
632 3067 792 3128 hominem
806 3054 862 3127 hac
881 3069 977 3145 aetate
996 3080 1027 3130 et
1043 3089 1145 3129 rerum
1163 3071 1259 3153 impe-

66 3197 69 3200 -
92 3156 207 3227 ritum,
224 3173 331 3213 omnes
349 3152 562 3218 contemsistis.
595 3155 709 3212 Verum
727 3172 791 3237 ego
803 3165 908 3212 contra
925 3153 1000 3214 istos
1020 3173 1143 3229 omnes,
1154 3155 1260 3215 Athe-

43 3253 64 3314 “,
95 3240 238 3311 nienses,
255 3238 391 3318 ipsorum
408 3238 502 3320 facta,
521 3258 598 3316 quae
615 3232 791 3309 firmissima
803 3238 977 3315 testimonia
995 3251 1083 3312 sunt,
1102 3236 1260 3327 exhibebo.
1269 3282 1272 3289 ι

95 3321 161 3388 Cur
186 3323 274 3382 enim.
290 3344 381 3383 nemo
407 3342 514 3382 eorum
536 3323 585 3381 vel
608 3322 801 3397 testificatus,
824 3323 872 3382 vel
892 3336 1076 3403 conquestus
1096 3325 1198 3384 est?
1188 3320 1261 3399 imo,
1316 3324 1320 3329 ’
1353 3390 1356 3397 ,

96 3431 152 3470 cur
168 3402 286 3472 nullum
304 3429 439 3488 unquam
445 3405 582 3467 verbum
599 3406 758 3467 fecerunt?
780 3428 835 3467 cur
849 3408 922 3468 satis
931 3406 1128 3484 habuerunt,
1144 3429 1194 3469 eas
1213 3409 1263 3469 in

95 3494 208 3566 inrias,
239 3492 350 3573 quibus
368 3493 580 3576 afficerentur,
609 3491 786 3574 negligere?
815 3490 893 3552 Ad
883 3500 1012 3557 ustorum
1030 3493 1124 3575 igitur
1141 3508 1262 3554 aecusa-

94 3580 215 3640 tionem
232 3577 427 3638 refutandam
451 3570 500 3638 vel
522 3577 597 3638 haec
619 3578 690 3638 sati's
716 3597 782 3637 esse
806 3579 916 3637 multa
920 3577 1061 3661 arbitros.
1095 3581 1142 3639 Ut
1160 3593 1262 3645 autem

97 3664 217 3738 sciatis,
243 3661 465 3737 Athenienses,
490 3663 527 3722 de
550 3662 620 3723 aliis
641 3663 747 3736 etiam,
770 3674 886 3742 patrem
911 3682 969 3723 nec
994 3663 1142 3742 sepiendo
1166 3665 1262 3725 fundo
1326 3654 1344 3717 *ss

97 3750 262 3832 quicquam
279 3769 437 3830 peccasse,
463 3758 494 3808 et
510 3749 586 3808 istos
604 3748 706 3808 omnia
723 3746 826 3807 falso
816 3769 849 3806 ιιι
867 3756 928 3811 nos'
943 3747 1069 3809 dixisse.
1101 3748 1263 3811 dilucidius‘

75 3856 152 3898 ‘vos
179 3834 309 3909 edocere
334 3833 475 3892 conabor.
509 3832 650 3893 Fundum
667 3846 806 3893 nostrum
830 3852 910 3892 esse
906 3831 1076 3913 proprium
1099 3832 1153 3895 isti
1175 3819 1265 3894 eliam

61 3927 63 3932 ’
98 3905 293 3982 confitentur
329 3919 422 4000 Quod
440 3916 508 3977 cuu‘r
524 3918 566 3977 ita
584 3917 639 3990 sit,
657 3916 906 3990 Athenienses,
896 3929 1034 3998 inspecto
1053 3919 1150 3987 fundo
1161 3908 1265 4011 potis·

98 4006 212 4067 simum
229 4003 404 4076 cerneretis,
418 4002 600 4063 'calumniam
619 3998 694 4060 mihi
710 4001 785 4062 fieri
805 4002 1013 4077 Quamobrem
1032 4003 1122 4064 etiam
1140 4025 1199 4088 ego
1217 4024 1264 4064 ar-

82 4090 189 4151 bitris
206 4089 309 4167 aequis
326 4108 403 4147 rem
409 4089 616 4168 permittere
600 4087 711 4147 volni:
710 4108 782 4147 non
800 4085 861 4186 isti,
877 4101 913 4147 ut
929 4108 1011 4147 nunc
1027 4087 1128 4149 dicere
1145 4089 1266 4150 audent.
1284 4134 1285 4139 κ

53 4174 301 4256 Perspicuum
318 4186 419 4234 autem
438 4186 469 4233 et
485 4173 545 4232 hoc
560 4172 660 4233 statim
674 4170 761 4233 vobis
777 4171 834 4232 erit
849 4171 998 4234 omnibus.
1022 4160 1182 4235 Attendite
1197 4194 1265 4234 mo-

102 4262 176 4335 (ιο,
190 4276 245 4361 per
263 4260 336 4319 deos
353 4280 406 4320 vos
427 4279 499 4333 oro,
527 4257 667 4320 animum.
710 4258 767 4317 Via
786 4257 867 4329 inter
882 4249 995 4318 me'unl
1002 4269 1034 4317 et
1049 4258 1177 4321 istorum
1177 4239 1267 4322 fun-

74 4345 204 4408 ·'dnm
194 4350 330 4408 interest
348 4341 425 4406 Cum
442 4356 543 4406 autern
561 4364 649 4405 mons
665 4342 874 4424 undequaque
887 4342 1009 4435 praedia
1027 4342 1144 4477 cingat,
1161 4346 1215 4458 lit,
1231 4339 1270 4405 u't
1355 4399 1358 4403 ,

989 4427 1070 4503 38*ι

741 4482 753 4507 Α,
817 4502 899 4538 'l'

363 4598 411 4618 ,κ’
450 4587 502 4645 Ἰ,-
