2722 4754
512 147 829 257 EarsToLAE.0
1142 164 1146 173 “
1194 159 1253 218 701

68 314 179 399 loqui,
205 334 239 374 re
264 333 328 374 non
348 311 471 394 quidem
495 330 512 370 e
535 298 733 369 familiaribus
758 305 972 388 congressibus
998 318 1172 388 comperta,
1199 309 1252 368 sed

48 402 159 485 quod
185 413 215 460 te
242 411 274 460 et
297 397 478 461 auctoritate
504 393 674 477 praeditum
702 403 733 452 et
759 391 964 451 eruditionem
990 393 1160 473 amplexum
1187 411 1252 453 esse

68 486 231 560 videbam,
257 506 322 544 eam
347 481 541 566 praesertim,
567 499 644 560 quae
669 478 701 537 in
725 475 829 561 schola
847 477 983 537 Platonis
1002 476 1153 551 traditur,¹
1175 497 1252 556 quae

71 572 201 634 omnino
226 570 263 632 ab
288 570 410 634 avaritia
429 582 460 629 et
477 565 622 628 violentia
641 562 831 641 caeterisque
850 563 964 622 callidis
985 563 1121 644 aucupiis
1139 562 1251 624 abhor-

69 672 138 733 ret,
165 657 203 717 ad
228 679 376 718 summam
400 668 500 715 autern
521 652 687 713 bonitatem
708 662 738 709 et
755 647 901 708 iustitiam
921 649 1022 708 omnia
1043 650 1145 710 refert.
1182 650 1250 724 Qua

71 743 213 806 doctrina
233 742 286 824 qni
306 741 443 811 eruditus
463 752 526 812 est,
539 737 627 811 ¹huic,
647 736 688 796 ita
706 756 755 795 rne
775 734 817 794 dii
836 747 955 807 ament,
974 755 1038 794 non
1054 735 1158 829 ¹colere
1177 735 1249 795 sim-

69 831 184 912 plicem
211 829 369 889 veritatem
402 840 432 887 et
463 826 495 886 in
528 844 634 884 onmes
665 842 731 881 esse
763 820 921 893 benefico,
954 821 1038 879 nelas
1070 842 1135 881 esse
1162 821 1249 882 duco.

72 915 158 992 Quin
178 914 253 975 illud
268 913 364 974 etiain
383 911 630 973 molestissimum
649 907 725 967 mihi
743 919 838 979 esset,
864 905 906 979 si,
931 927 1042 989 magno
1061 907 1250 968 benevolen-

73 1001 135 1061 tiae
154 1021 224 1082 erga
243 1012 273 1059 tc
292 999 378 1080 qnasi
396 999 511 1081 impetu
531 996 719 1073 concitatus,
749 1004 866 1052 mutare
884 991 1068 1069 sententiam
1087 1014 1120 1052 ac
1138 994 1200 1053 alio
1218 993 1249 1053 in

73 1099 104 1146 te
133 1105 199 1147 esse
224 1085 325 1145 animo
352 1105 486 1168 cogerer.
522 1081 643 1159 Quibus
668 1080 763 1162 igitur
788 1079 820 1137 in
844 1077 936 1137 rebus
955 1099 1004 1137 rne
1023 1078 1200 1159 despectum
1220 1091 1251 1140 et
1288 1118 1291 1124 ·

72 1171 249 1254 neglectum
269 1191 334 1230 esse
352 1184 476 1252 putem,
494 1160 552 1228 etsi
570 1189 633 1227 non
653 1164 776 1238 dinero,
796 1185 845 1224 eas
863 1177 964 1223 tamen
984 1163 1024 1224 ita
1043 1185 1075 1223 se
1094 1164 1249 1226 habituras

72 1269 190 1337 putato.
226 1256 347 1332 Quodsi
365 1278 421 1316 nos
440 1256 509 1315 ideo
529 1252 718 1324 contemnis,
754 1251 837 1330 quod
856 1251 993 1309 nondum
1021 1271 1036 1310 e
1060 1249 1249 1331 principibus

72 1363 198 1402 sumus:
217 1342 336 1424 cogita,
354 1355 384 1401 te
404 1362 526 1421 quoque
545 1339 618 1399 olirn
637 1337 861 1398 adolescentem
882 1348 912 1395 et
931 1357 979 1410 ea,
999 1359 1056 1416 qua
1076 1358 1131 1396 nos
1151 1349 1249 1399 aetate
1270 1385 1272 1388 a

72 1427 168 1487 modo
187 1449 310 1500 sumus,
344 1426 457 1500 luisse,
494 1438 524 1485 et
541 1424 676 1484 consiliis
695 1436 786 1502 atque
805 1420 976 1481 actionibus
995 1422 1055 1481 tuis
1074 1423 1111 1480 ad
1130 1434 1248 1483 tautum

72 1511 230 1594 fastigium
246 1511 450 1571 adscendisse:
470 1511 500 1569 id
519 1511 601 1588 quod
617 1507 706 1568 nobis
723 1507 813 1567 etiam
831 1506 1010 1590 contingere
1026 1507 1147 1588 poterit.
1172 1508 1248 1568 Nam
1326 1562 1329 1567 .

71 1609 156 1655 recta
174 1596 297 1674 quidem
315 1592 457 1654 voluntas
476 1596 578 1654 adest:
612 1594 661 1654 cui
687 1592 877 1676 si‘sortunae
903 1592 1074 1676 benignitas
1099 1593 1248 1678 suffrage-
1309 1650 1312 1655 .

70 1693 139 1751 tur,
163 1688 215 1736 'res
241 1677 305 1758 ipsa
332 1679 443 1739 confici
470 1693 568 1758 queat.
602 1674 686 1738 Nihil
711 1692 812 1738 autern
839 1678 948 1738 melius
976 1679 1120 1740 collocari
1145 1693 1247 1761 potest

71 1774 156 1822 recte
178 1761 295 1822 tributo
319 1764 439 1824 officio:
466 1767 548 1844 quod
568 1779 598 1825 et
612 1777 649 1835 tn
668 1763 757 1823 nobis
775 1776 928 1845 praestare
947 1766 1048 1828 debes.
1082 1766 1246 1846 Nequeab

69 1847 136 1907 ull'o
155 1849 285 1909 vecorde
303 1849 351 1909 vel
369 1848 479 1909 abduci
498 1852 529 1911 in
549 1851 700 1924 deterius,
727 1851 775 1910 vel
794 1849 875 1909 vinci
891 1851 983 1912 velis:
1018 1852 1073 1913 sed
1089 1852 1160 1923 illos
1179 1865 1245 1915 tute

70 1933 104 1992 in
123 1945 206 1993 tuam
224 1935 385 2015 perducito
403 1937 604 2009 sententiam,
636 1937 738 2016 itaque
758 1948 789 1997 te
807 1935 924 2019 genito,
953 1951 1045 1998 utne
1064 1939 1138 2018 quid
1158 1960 1173 1998 e
1193 1961 1244 2020 pa-

70 2018 127 2078 ctis
148 2032 179 2079 et
196 2021 354 2082 conventis
373 2022 485 2082 nostris
505 2023 711 2095 desideretur,
737 2035 833 2102 utque
851 2022 1002 2104 Epitimus
1021 2024 1165 2105 periculis
1185 2025 1244 2084 eri-

68 2103 171 2184 piatur
190 2117 221 2164 et
237 2105 392 2167 liberetur.
410 2107 514 2168 Adero
534 2120 634 2168 autem
654 2108 767 2191 etipse
789 2128 826 2167 eo
845 2118 993 2189 tempore,
1012 2111 1096 2190 quod
1114 2123 1148 2170 tu
1166 2112 1243 2172 temss

67 2189 221 2268 pestivum
241 2212 305 2251 esse
325 2192 442 2253 dixeris.
469 2194 501 2253 Id
521 2194 616 2277 igitur
633 2194 708 2254 mihi
726 2188 782 2276 per
799 2192 901 2254 literas
920 2194 1067 2278 significa,
1085 2197 1133 2257 vel
1153 2196 1242 2258 etiarn
1326 2267 1328 2271 ,

67 2276 125 2353 pro
145 2276 275 2337 amicitia
293 2277 414 2358 impera.
450 2279 532 2340 Vale.

628 2638 683 2697 VI.
1264 2655 1324 2712 456

224 2783 527 2832 venusinum
563 2788 737 2832 snnnrur
774 2789 1020 2846 rorunooun
1056 2795 1079 2837 s.

69 2882 227 2971 Redditae
254 2926 326 2973 sunt
351 2914 386 2974 ab
405 2914 567 2996 Antiphilu
592 2914 697 2991 literae
723 2917 1037 2993 senatui'sociorum,
1064 2921 1144 2981 bona
1171 2923 1237 3003 qui-

66 3000 136 3057 dem
161 3010 334 3078 exspectare
358 3000 531 3062 volentibus
557 3001 685 3082 scriptae
711 3006 888 3077 commode,
916 3007 968 3065 sed
981 3029 1065 3087 ¹quae
1084 3007 1238 3089 Antipatri

65 3081 211 3143 ministris
235 3083 349 3144 multos
374 3099 405 3147 et
430 3086 568 3147 difficiles
592 3107 748 3149 sermones
773 3091 985 3171 suppeditent,
1013 3092 1080 3172 qui,
1106 3090 1240 3175 acceptis

64 3168 102 3228 ab
121 3166 284 3246 Antipatro
302 3169 398 3230 literis
417 3173 453 3230 ad
471 3173 656 3233 Dinarchum
677 3170 859 3235 Corinthum
878 3177 993 3251 missis,
1020 3198 1126 3238 omnes
1145 3180 1236 3240 Pelo-

63 3252 195 3334 ponnesi
217 3253 309 3312 urbes
332 3255 369 3314 iis
394 3257 586 3318 sermonibus
604 3258 824 3340 impleverunt,
849 3284 926 3341 quos
946 3264 977 3323 in
996 3262 1120 3324 illorum
1139 3265 1234 3347 capita

64 3338 107 3397 dii
132 3350 329 3398 convertant..
354 3337 431 3401 Cum
456 3365 529 3404 vero
554 3343 613 3404 lruc
640 3347 829 3425 pervenisset
853 3347 926 3422 iste,
954 3350 1006 3430 qui
1032 3372 1114 3409 nunc
1141 3353 1236 3426 adest,

63 3443 132 3482 cum
157 3443 225 3482 meo
251 3423 409 3485 tabellario
432 3428 533 3489 literas
552 3430 669 3489 serente
688 3451 704 3489 a
722 3432 914 3494 Polemaesto
934 3436 970 3494 ad
988 3435 1151 3516 Epinicum
1174 3437 1234 3497 lra—
1304 3499 1306 3503 ,

60 3520 156 3581 trem,
192 3509 290 3567 virum
308 3512 402 3570 vestri
424 3514 594 3574 studiosum
619 3527 650 3574 et
673 3517 734 3575 mei
758 3532 924 3592 amantem,
960 3534 1051 3601 atque
1069 3521 1106 3582 ab
1126 3522 1178 3582 illo
1199 3524 1234 3584 ad

60 3613 109 3651 me
129 3595 292 3674 perductus
311 3610 407 3656 esset:
444 3598 532 3682 ego,N
548 3600 653 3659 audito
672 3603 800 3677 nuntio,
829 3626 898 3664 eum
923 3606 960 3666 ad
978 3628 1033 3666 vos
1051 3608 1233 3670 mittendum

17 3695 21 3723 -·
59 3678 184 3752 censui,
210 3691 261 3750 ut,
287 3683 446 3762 perspicue
464 3684 556 3744 rebus
576 3687 734 3761 omnibus,
761 3711 837 3768 quae
863 3691 894 3750 in
921 3692 1024 3752 castris
1048 3693 1235 3769 acciderunt,

60 3781 97 3821 ex
123 3783 180 3835 eo,
206 3763 260 3842 qui
283 3777 347 3825 tum
365 3769 479 3848 praelio
499 3770 656 3846 interluit,
682 3773 812 3849 auditis,
839 3788 869 3835 et
892 3776 924 3836 in
948 3779 1118 3858 praesentia
1144 3780 1234 3842 bonis

57 3846 167 3907 animis
183 3847 270 3921 sitis,
294 3853 476 3934 etreliqua,
496 3855 553 3916 diis
573 3855 651 3918 bene
670 3858 914 3936 lortunantibus,
942 3863 1011 3924 talia
1029 3864 1117 3937 sore,
1135 3867 1233 3945 qualia

58 3931 169 4005 vultis,
189 3937 375 4013 exspectetis.
402 3940 526 4001 ·Valete.

415 4207 874 4223 nan-*Qu
