2722 4754
363 238 406 271 κ,
437 175 501 289 ns
523 206 870 290 cnsnsousso.
1087 190 1122 300 j
1194 216 1263 291 45,

41 372 49 449 l
100 379 144 439 lum
158 385 295 452 paramus.
314 368 430 443 Quare,
446 380 482 428 ut
494 389 549 450 par
566 379 621 443 est,
638 367 681 427 ita
698 367 743 441 fit,
760 379 795 426 ut
807 367 883 449 ipse,
900 382 977 448 quae
992 368 1159 451 occupavit,
1177 367 1234 429 ima
1302 390 1317 401 ·

52 521 59 527 ,
98 457 210 546 pidieute
226 472 357 533 prorsus
376 453 496 514 nemine
520 465 638 513 teneat:
660 466 721 512 'uos
738 464 854 527 actum,
878 455 961 533 quod
979 454 1079 529 aiunt,
1102 459 1243 537 agamus,
1302 493 1306 513 0

101 543 227 609 almum
243 537 399 618 impensas
423 547 622 618 sumptusque
647 557 753 597 omnes
777 537 935 611 faciamus:
964 540 1093 598 ostensis
1111 532 1234 619 quidem'

101 622 232 691 inimicitiis
257 634 290 681 et
314 624 382 682 eius
405 621 561 683 conatibus
581 622 749 682 obsistendi
766 622 922 682 voluntate
940 625 1075 703 prodita:
1101 625 1154 684 sed
1179 630 1262 684 ue!

102 711 177 800 petis
192 706 415 787 occasionibus,
434 710 465 767 et
481 707 573 784 rebus
590 706 720 778 infectis,
739 706 869 765 dedecus
889 700 979 765 etiam
996 704 1122 788 iusuper
1136 709 1233 769 susci·
1261 709 1263 711 ’

41 862 45 875 .
106 801 193 882 pianus.
224 790 388 875 Ne'igituh
405 793 567 874 ignoretis,
584 790 805 864 Athenienses,
824 791 914 850 etiam
932 786 1013 850 nunc
1032 805 1147 853 caetera
1166 793 1233 873 qui-

41 878 44 929 ἱ
107 876 247 946 lmsmba
266 897 333 936 esse
366 889 457 956 atquc
482 888 665 936 commenta:
692 875 751 935 hoc
777 895 852 935 vcro
868 876 917 957 agi
951 888 982 934 et
1008 877 1091 935 omui
1113 879 1233 937 ratione

101 964 168 1037 ruri,
189 974 240 1035 ut,
267 962 341 1021 dum
358 980 413 1021 vos
432 961 514 1021 domi
532 961 676 1020 maneatis
702 972 733 1019 ct
756 960 857 1019 nullae
881 973 1002 1020 nostrae
1025 960 1109 1020 urbis
1128 963 1234 1041 copiae

44 1058 49 1063 '
99 1050 153 1112 luris
167 1045 238 1119 sint,
263 1065 320 1125 per
336 1067 487 1104 summum
506 1045 618 1118 otium,
645 1045 943 1124 quaecunque-vult,
961 1044 1119 1125 Philippus
1138 1047 1233 1107 confi-

98 1136 152 1197 ciat:
166 1130 262 1190 ¹uidete
273 1130 416 1209 primum,
436 1129 508 1209 quid
520 1130 552 1188 iu
563 1130 800 1209 praesentiebat
818 1129 907 1199 Nunc
918 1129 968 1188 ille
981 1151 1049 1189 cum
1060 1150 1171 1212 magno
1182 1151 1242 1190 ex-·

97 1218 173 1281 ereitu
186 1215 217 1273 iu
233 1213 361 1275 'lbracia
379 1227 515 1275 versatur
532 1226 563 1273 et
579 1214 740 1273 Thessalia.
766 1214 915 1288 Quodsi,
931 1215 1093 1294 expectatis
1111 1215 1233 1289 Etesiis,

96 1299 250 1386 Byzantium
275 1320 435 1382 aggressus
460 1298 554 1359 fuerit
579 1311 611 1358 et
628 1298 797 1371 obsederit,
821 1299 952 1378 primum
970 1320 1008 1358 an
1026 1299 1138 1379 putatis
1151 1301 1234 1375 fore,
1304 1324 1309 1329 ·

97 1382 256 1469 utbpuantii
269 1383 301 1442 in
319 1385 434 1458 eadem,
453 1406 511 1463 qua
528 1405 610 1443 nuuc
628 1396 710 1455 sunt,
727 1384 857 1442 amentia
875 1396 1029 1442 maneant:
1050 1396 1080 1444 et
1097 1404 1156 1446 vos.
1169 1404 1233 1445 uon
1272 1428 1275 1434 »
1347 1391 1349 1397 ’

96 1462 238 1541 accersant,
253 1468 549 1548 'auxiliaque'vestia
567 1489 630 1527 uon
648 1467 822 1548 postulent?
858 1468 1008 1547 Equidem
1026 1489 1090 1528 non
1109 1469 1235 1550 opinor:

95 1557 138 1617 sed
151 1554 174 1613 si
189 1551 297 1632 quibus
315 1552 523 1613 minus'ctiam
549 1553 648 1613 fidunt
665 1573 754 1632 quam
772 1551 874 1625 vobis,
901 1573 954 1612 eos
981 1574 1105 1633 quoque
1130 1554 1233 1634 potius
1260 1553 1267 1559 ’

93 1638 225 1701 inurbem
238 1636 397 1717 recipient,
415 1654 503 1716 quam
514 1637 621 1696 urbem
635 1636 680 1695 illi
696 1636 828 1699 tradant:
848 1635 907 1695 nisi
920 1637 950 1697 vi
963 1639 1045 1717 prius
1061 1658 1127 1698 eam
1141 1658 1234 1699 occu-
1277 1674 1281 1679 ·

91 1724 160 1807 parit
193 1718 268 1780 Cum
284 1741 339 1782 vos
358 1722 452 1803 igitur
467 1734 501 1781 'et
518 1722 589 1780 hinc
606 1721 746 1803 navigare
765 1742 829 1780 nou
847 1723 1003 1801 poteritis,
1023 1734 1053 1781 ct
1070 1723 1132 1783 illic
1149 1724 1234 1784 nulla

91 1807 218 1891 praesidia
234 1819 334 1886 parata
353 1819 459 1866 erunt:
477 1805 554 1865 nihil
573 1806 720 1879 obstabit,
740 1826 802 1885 quo
820 1805 928 1886 miuus,
939 1822 1060 1887 pessum
1079 1821 1156 1868 eant
1190 1808 1234 1869 At

90 1890 266 1972 intemperiae
291 1891 406 1973 agitant
428 1889 568 1950 homines
585 1889 669 1964 illos,
696 1911 753 1950 nec
771 1891 809 1949 ad
832 1890 954 1948 illorum
980 1893 1140 1951 amentiam
1163 1893 1233 1952 addi

41 2024 45 2037 .
90 1970 234 2058 quicquam
249 1977 372 2055 potest?
399 1975 549 2035 Omnino:
569 1977 621 2034 sed
640 1975 807 2033 incolumes
823 1987 927 2055 tamen
946 1992 999 2034 cos
1019 1995 1083 2036 esse
1103 1988 1232 2057 oportet

88 2063 115 2123 id
130 2061 202 2121 euim
218 2072 298 2118 este
315 2060 478 2141 republica.
496 2061 655 2119 Praeterea
679 2079 718 2118 ne
736 2058 812 2119 illud
831 2059 954 2137 quidem
973 2073 1161 2140 compertum
1179 2061 1232 2120 ha'-

89 2147 189 2217 bemus,
204 2144 281 2218 lore,
298 2157 335 2204 ut
353 2141 577 2204 Chersonesum
595 2165 659 2203 uon
676 2143 804 2203 invadat.
818 2141 891 2211 ,Sed
910 2145 935 2204 si
953 2165 991 2204 cr
1008 2145 1072 2204 eius
1092 2145 1229 2226 epistola,
1248 2150 1286 2209 61

89 2253 165 2312 quam
179 2229 215 2288 ad
231 2250 286 2290 vos
304 2229 396 2303 misit,
414 2229 608 2289 iudicandum
627 2241 689 2303 est,
706 2229 892 2287 ulturum'se
911 2229 953 2289 ait
969 2229 1080 2290 milites
1099 2227 1231 2291 Cherso-

88 2315 230 2376 uesitanos.
265 2314 405 2390 Proinde
418 2313 444 2373 si
462 2313 611 2373 exercitus
629 2313 678 2372 hic
696 2314 956 2381 iameoustitutus
981 2314 1179 2375 retinebitur:
1204 2316 1230 2377 is
1280 2320 1287 2332 ”

87 2413 116 2461 et
128 2396 303 2480 prouinciam
320 2398 401 2458 tucri
419 2410 552 2457 nostram
569 2398 693 2478 poterit,
708 2409 742 2457 et
758 2396 840 2456 illius
859 2398 1006 2457 ditionem
1024 2399 1164 2459 nonnihil
1182 2400 1230 2459 in-

50 2546 54 2551 ,
87 2485 189 2544 lestare.
210 2483 264 2542 Sin
281 2482 376 2551 semel
392 2484 538 2562 perdetur
554 2482 587 2541 ac
605 2482 769 2542 dilabetur:
789 2482 861 2560 quid
878 2504 1012 2564 agemus,
1030 2484 1055 2542 si
1072 2483 1241 2565 Philippus,

87 2565 293 2628 Chersonesum
310 2567 474 2629 invaserit?
491 2566 668 2648 Diopithem
685 2565 717 2625 in
731 2566 877 2626 iudicium
895 2568 1231 2629 adducemusscilicet?
1277 2558 1282 2569 ’

86 2653 140 2713 Sed
156 2648 224 2732 quid
241 2672 274 2711 ea
289 2672 329 2712 re.
350 2651 545 2732 prolicietur?
580 2651 623 2710 m
640 2651 698 2730 ipsi
708 2643 786 2710 ‘hinc
804 2649 911 2711 auxilia
936 2653 1119 2713 mittemus?
1141 2653 1231 2729 ,Quid

84 2741 163 2810 vero,
177 2735 202 2796 si
213 2737 295 2797 uenti
310 2754 368 2796 nos
385 2735 588 2817 impedierint,
604 2747 641 2794 ut
657 2735 796 2816 navigare
813 2737 1020 2815 nequeamus?
1037 2735 1080 2796 At
1096 2757 1160 2796 nou
1177 2757 1231 2796 ve-

86 2820 154 2895 niet,
171 2821 276 2882 credo?
291 2821 369 2896 Quis
387 2840 462 2880 vero
481 2820 572 2879 huius
589 2819 634 2878 rei
652 2839 782 2898 sponsor
800 2820 865 2878 est?
884 2819 1039 2899 Numquid
1057 2820 1180 2882 cernitis
1200 2831 1231 2880 et

85 2904 283 2979 consideratis,
300 2904 519 2978 Athenienses,
544 2904 705 2983 imminens
723 2903 794 2963 anui
810 2916 947 2984 tempus,
973 2903 1031 2964 sub
1049 2907 1133 2985 quod
1151 2924 1230 2965 non·
1313 2946 1316 2951 ·

86 2989 153 3050 nulli
166 2986 360 3064 existimant,
373 2989 618 3071 Hellespontum,
634 2989 742 3049 uestris
759 2988 915 3068 praesidiis
934 2989 1128 3063 destitutum,
1150 2989 1231 3049 tradi
1264 3021 1270 3029 ·
1333 2984 1341 2993 ’

86 3087 213 3155 oportere
224 3074 386 3157 Philippo?
404 3075 488 3148 Quid
502 3094 586 3146 vero,
599 3073 758 3151 si'l'hracia
772 3073 885 3146 relicta,
897 3093 936 3132 uc
950 3073 1073 3152 quidem
1088 3074 1124 3132 ad
1134 3070 1230 3132 Cher-

87 3178 213 3219 sonesum
236 3159 397 3220 accesserit
414 3173 466 3220 aut
478 3154 658 3242 Byzantium
676 3156 759 3239 (nam
784 3170 815 3217 et
829 3157 902 3216 haec
928 3156 1118 3217 considerare
1136 3158 1230 3218 debe-

85 3241 204 3324 tis),·scd
222 3241 398 3304 Chalcidem
416 3257 469 3304 aut
485 3245 607 3326 Megara
625 3242 784 3316 invaserit,
804 3243 1033 3315 eodemmodo,
1053 3263 1114 3322 quo
1132 3264 1231 3322 nuper

86 3325 206 3389 Qeum?
223 3330 374 3388 Utrumne
387 3328 560 3410 praestabit,
573 3328 622 3386 hic
636 3326 681 3385 illi
695 3340 852 3385 occurrere
868 3348 902 3385 ac
916 3327 1101 3407 permittere,
1119 3340 1154 3386 ut
1165 3327 1230 3387 bel·
1257 3360 1260 3365 ·

86 3411 140 3471 lum
154 3414 187 3471 ad
203 3411 324 3473 Atticae
339 3414 417 3483 ,fines
435 3414 571 3473 accedat:
590 3434 628 3471 an
645 3430 717 3471 vero
734 3410 765 3469 id
780 3410 952 3486 machinari,
969 3425 1004 3470 ut
1018 3410 1079 3471 illic
1097 3411 1161 3471 aliis
1176 3433 1230 3470 ue-

88 3496 164 3577 gotiis
179 3497 370 3558 detineatur?
404 3498 471 3580 Ego
490 3497 613 3576 quidem
631 3496 691 3555 hoc
715 3496 1082 3575 praeferendum'censeo.
1117 3495 1232 3556 Omnes

86 3578 180 3660 igtur,
194 3582 248 3641 his
267 3581 397 3665 coguitis
417 3595 447 3641 et
465 3581 680 3654 consideratis,
705 3581 887 3654 exercitum,
913 3600 1003 3660 quem
1020 3580 1181 3660 Diopithes
1199 3581 1231 3638 in

84 3663 251 3746 reipublicae
276 3662 460 3747 praesidium
474 3682 659 3746 'comparare
685 3677 828 3737 conatur,
855 3687 916 3724 uon
936 3664 1085 3725 adducere
1104 3665 1136 3724 in
1154 3664 1232 3723 invi-
1282 3662 1285 3667 ’

71 3742 152 3808 'diam
166 3768 265 3831 neque
283 3751 316 3810 id
333 3764 432 3834 agere,
448 3747 679 3830 ut'dissipetur,
698 3750 751 3809 sed
769 3750 827 3829 ipsi
845 3750 940 3809 etiam·
952 3749 1023 3809 alias
1040 3749 1168 3809 maiores
1186 3747 1231 3807 vi-

82 3846 123 3893 tes
138 3835 264 3895 adiicere
285 3835 415 3909 debent,
432 3848 498 3895 tum
516 3835 733 3915 suppeditanda
751 3834 895 3915 pecunia,
913 3847 978 3893 tum
998 3834 1122 3892 caeteris
1140 3832 1232 3892 rebus

82 3917 131 3978 rite
145 3920 323 3998 adiuvando.
341 3921 417 3980 Nam
431 3915 457 3980 si
474 3919 540 3999 quis
555 3919 727 3999 Philippum
745 3911 956 4000 percontetur:
973 3917 1040 3999 Age
1055 3918 1112 3993 dic,
1128 3929 1232 3976 utrum

81 4003 171 4066 malles
180 4005 256 4067 istos
265 4004 387 4079 milites,
397 4022 474 4085 quos
482 4025 563 4064 nunc
571 4003 732 4084 Diopithes
741 4003 840 4077 habet,
849 4003 951 4082 quales
961 4003 1063 4082 quales
1073 3998 1232 4084 sint(nibil

80 4087 151 4149 euim
166 4086 369 4172 contradico),
386 4086 502 4170 pollere
521 4101 552 4147 et
568 4088 600 4146 in
618 4087 714 4170 gloria
733 4108 798 4148 esse
816 4089 895 4168 apud
910 4086 1124 4160 Athenienses,
1142 4098 1233 4164 atquc

78 4191 173 4234 eorum
191 4194 374 4248 numerum,
391 4174 469 4234 vires
483 4176 556 4233 ¹suas
573 4172 728 4253 republica
755 4171 941 4245 conferente,
959 4170 1078 4252 augeri:
1105 4192 1142 4229 an
1159 4188 1233 4229 vero

76 4252 193 4339 propter
218 4260 412 4340 quorundam
439 4258 599 4319 calumnias
627 4269 658 4316 et
682 4257 887 4318 accusationes
906 4254 1009 4316 divelli
1033 4277 1074 4327 ac
1085 4250 1233 4314 interire?

75 4340 224 4405 Posterius
242 4343 315 4424 hoc,
333 4344 458 4425 opinor,
474 4364 507 4406 se
524 4343 602 4405 uelle
619 4338 826 4424 responderet
860 4340 947 4414 Quae
963 4341 1058 4423 igitur
1073 4338 1233 4418 Philippus
