2722 4754
152 188 267 247 πο.»
322 203 325 209 -
403 164 1022 259 snnuostunmsonttto
1092 128 1249 209 tw,

67 354 69 360 ’
152 331 279 404 dixerit,
296 343 329 393 te
347 329 469 389 Solonis
495 328 645 411 legesuel
662 329 789 412 legisse,
812 329 861 390 vel
878 328 1079 402 intellexisse,
1104 338 1174 388 cum
1193 305 1321 398 effidies,

65 453 68 459 -
141 434 190 475 ,ne
210 415 276 495 quis
294 413 410 495 populo
428 412 557 486 studeat,
575 414 647 473 dum
664 413 810 494 praedicis
826 415 1016 487 etostendis,
1034 406 1320 481 benemerentibus

152 499 265 560 nullam
285 498 412 563 omnino
430 498 607 577 sperandam
627 518 691 557 esse
708 499 1008 567 remunerationem?
1052 498 1138 572 Quin
1157 495 1208 555 illa
1229 493 1320 555 etiam

69 608 91 663 ',
151 582 276 644 Solonis
293 581 344 642 lex
360 593 408 641 est
425 601 441 640 e
459 580 645 642 laudatarum
672 589 816 642 numero:
842 583 965 642 Mortuo
983 582 1108 643 ‚nemini
1133 580 1320 661 maledictu:

151 669 241 741 dum,
260 665 378 726 etiamsi
395 665 463 745 quis
481 665 619 735 asliberis
630 665 702 737 xeius
720 667 887 735 incestatur
904 667 1077 729 maledictis.
1093 662 1236 725 Tuuero
1254 685 1320 724 non
1343 720 1348 729 ,

150 751 324 826 maledicis,
349 751 402 811 sed
421 748 572 811 malefacis
598 751 726 811 mortuis
744 751 823 811 hene
841 751 973 825 meritis,
998 752 1084 812 illum
1103 750 1207 811 nescio
1228 766 1320 830 quem

45 834 49 847 ’
121 836 397 918 rreprehendens,
424 847 456 895 et
473 835 559 895 illum
577 835 737 920 indignum
766 857 831 896 esse
857 836 1012 897 dictitans:
1040 836 1072 896 id
1091 836 1175 914 quod
1192 835 1231 896 ad
1250 833 1320 895 illos

150 923 239 1005 plane
258 920 334 982 nibil
353 920 469 982 attinet
492 919 608 992 Annon
625 921 752 1003 igitura
771 916 873 982 mente
891 921 1014 981 Solonis
1033 920 1235 989 etsententia
1251 919 1323 987 lun,

149 1007 274 1091 pissime
292 1001 438 1067 recedis?
450 1004 581 1080 Quidam
599 1019 700 1066 autem
718 1006 798 1079 serio
816 1006 892 1067 mihi
909 1006 1070 1078 nuntiavit,
1087 1026 1144 1086 pro
1163 1004 1320 1077 defensio,

151 1113 190 1153 ne
210 1091 287 1165 eius,
304 1091 344 1163 ne
363 1088 525 1170 quicquam
543 1090 684 1170 cuiquam
703 1091 801 1164 detur,
820 1092 965 1172 quicquid
983 1091 1106 1163 tandem
1124 1088 1321 1170 praestiterit,

86 1224 89 1237 .
152 1197 205 1238 eos
224 1176 324 1247 dicere
344 1187 464 1258 paratos
483 1195 559 1250 esse,
576 1196 676 1256 neque
694 1176 965 1249 Lacedaemonios,
984 1177 1036 1256 qui
1055 1170 1331 1255 bene-rempubli·

152 1283 216 1322 cam
235 1265 357 1342 gerant,
375 1280 475 1338 neque
494 1260 656 1320 Thebanos
675 1260 819 1340 cuiquam
831 1281 848 1320 e
862 1261 924 1320 suis
936 1261 1040 1339 ,ullum
1058 1260 1148 1318 talem
1167 1257 1319 1318 bonorem

80 1390 83 1406 .
153 1347 332 1406 decernere:
358 1365 426 1404 cum
444 1344 607 1405 verisimile
625 1344 681 1417 sit,
708 1343 797 1404 etiam
815 1346 894 1425 apud
912 1344 981 1405 illos
1005 1343 1175 1424 praeclaros
1200 1342 1318 1422 aliquos

27 1471 30 1479 .
63 1488 66 1493 ,
121 1426 129 1503 ’,
153 1445 220 1490 esse
238 1429 327 1489 viros.
371 1428 448 1488 Mihi
466 1424 539 1490 vero
556 1429 700 1490 videntur
717 1429 774 1490 ista
791 1429 900 1502 verba,
917 1427 1134 1501 Athenienses,
1152 1426 1254 1510 valere
1272 1425 1321 1485 illa

151 1514 278 1597 quidem
295 1513 332 1598 ad
350 1514 589 1577 vossmovendos
615 1525 646 1573 et
664 1514 932 1591 eoladducendos,
955 1526 991 1573 ut
1008 1512 1214 1574 immunitates
1232 1510 1320 1572 tolla·

152 1599 210 1672 tis,
228 1598 282 1658 sed
299 1620 316 1657 a
333 1597 448 1659 iustitia
465 1596 628 1679 plurimum
646 1597 818 1678 abhorrere.
840 1598 905 1659 Nec
923 1598 1002 1658 enim
1021 1597 1081 1659 hoc
1098 1598 1223 1679 ignaru,-
1239 1594 1321 1669 'lbe-

154 1683 251 1742 banos'
269 1694 301 1742 et
312 1682 569 1743 Lacedaemonios
586 1695 617 1742 et
633 1700 689 1742 nos
707 1703 808 1762 neque
820 1682 943 1766 'legibus
962 1683 1080 1756 iisdem,
1098 1703 1155 1761 nee
1172 1678 1321 1763 institutit

152 1766 209 1839 uti,
227 1786 284 1825 nec
301 1765 398 1838 forma
414 1767 605 1846 reipublicae.
624 1767 700 1827 Nam
717 1768 749 1827 id
763 1768 873 1849 ipsum,
892 1768 973 1847 quod
993 1789 1074 1829 nunc
1088 1763 1321 1840 istilacientfsi

58 1898 62 1907 ,
154 1851 228 1910 haec
243 1850 355 1911 dicturi
368 1864 448 1924 sunt,
461 1851 657 1912 interdictum
671 1864 717 1911 est
729 1853 810 1933 apud
824 1852 1090 1925 Lacedaemonios,
1107 1872 1146 1910 ne
1160 1849 1211 1911 vel
1224 1846 1321 1911 Aehe-

154 1935 325 2008 nicnsium,
350 1934 400 1995 vel
416 1936 545 1995 aliorum
573 1936 763 2015 quorundam
790 1937 934 1997 instituta·
952 1938 1083 1998 recitent
1108 1946 1162 1996 aut
1180 1933 1322 1996 landent.

155 2019 282 2079 Minime
300 2019 439 2102 proiecto
457 2021 489 2080 id
515 2019 700 2083 conceditur.
735 2020 797 2099 Sed
815 2021 1066 2101 quae‘eorumin
1085 2017 1323 2097 administranda

154 2102 310 2184 republica
328 2104 440 2165 rationi
464 2105 660 2165 consentiunt
678 2118 709 2165 et
732 2107 926 2179 conducunt,
952 2128 987 2167 ea
1005 2127 1074 2166 cum
1092 2105 1228 2177 laudare,
1254 2115 1324 2163 tum

154 2189 255 2253 lacere
272 2204 397 2266 necesse
415 2200 468 2248 est
485 2189 605 2249 Deinde
615 2190 847 2251 Lacedaemonii
865 2192 922 2251 etsi
939 2213 956 2251 a
972 2190 1083 2253 talibus
1102 2185 1325 2250 institutisab-

156 2271 293 2346 horrent,
311 2272 362 2333 alii
379 2266 479 2333 tamen
499 2273 620 2351 quidam
638 2273 770 2334 honores
789 2277 869 2356 apud
887 2295 940 2336 eos
954 2286 1027 2343 sunt
1041 2274 1073 2334 in
1089 2296 1160 2346 usu,
1174 2291 1266 2353 quos
1274 2268 1325 2330 bic

156 2357 251 2437 recipi
267 2358 410 2438 populus·
423 2357 549 2418 omnino
576 2358 750 2419 detestetur.
786 2360 850 2435 Qui
867 2372 939 2431 sunt
964 2359 1059 2442 igitur
1075 2358 1142 2419 illi?
1167 2354 1325 2438 ‘Singulos

154 2441 300 2520 equidem
317 2460 381 2500 nou
399 2443 658 2516 commemorabo,
677 2444 843 2504 sedunum
861 2457 979 2505 tantum
996 2443 1169 2529 proferam,
1182 2441 1244 2521 qni·
1257 2459 1325 2501 cae-

30 2526 34 2537 ’
86 2568 91 2577 s
138 2537 239 2585 ·teros
258 2526 291 2585 in
309 2547 341 2586 se
360 2526 505 2588 continet
549 2523 626 2587 Cum
643 2527 763 2606 aliquis,
780 2541 913 2608 spectata
931 2527 1053 2604 virtute,
1072 2527 1263 2587 incenatum
1282 2522 1327 2583 al-

158 2609 255 2671 lectus
274 2609 536 2684 fuerindominus
556 2625 603 2685 est
618 2611 828 2673 multitudinis.
846 2613 921 2672 Nam
939 2610 1002 2671 illic
1018 2611 1139 2672 virtutis
1156 2608 1326 2691 praemium

75 2701 135 2758 stt
160 2707 217 2768 est,
235 2716 304 2754 cum
322 2695 497 2775 aequalibus
516 2696 548 2756 in
566 2702 717 2776 potestate
736 2696 885 2758 civitatem
904 2695 1032 2756 habere:
1051 2696 1130 2777 apud
1149 2715 1202 2771 vos
1221 2706 1328 2753 autem

60 2802 69 2847 ,¹
158 2778 344 2861 reipublicae
371 2780 512 2840 dominus
532 2792 579 2840 est
601 2780 751 2861 populus,
770 2794 808 2842 et
834 2782 1024 2866 magistratus
1045 2793 1075 2840 et
1101 2781 1185 2862 leges
1198 2791 1237 2841 ,et
1253 2798 1327 2837 cau-

22 2921 25 2929 ,
98 2880 101 2885 ’
158 2864 259 2924 tiones
277 2876 366 2936 sunt,
392 2884 431 2923 ne
450 2863 517 2943 quis
535 2864 610 2924 alius
629 2886 663 2924 ea
681 2867 840 2951 potiatur,
858 2879 890 2927 et
905 2865 1129 2948 praestantibus
1145 2862 1221 2925 uiris
1238 2880 1328 2942 pne-

160 2947 219 3007 mia
237 2960 309 3008 sunt
325 2947 481 3028 proposita
500 2968 649 3023 coronae,
674 2950 896 3026 immunitates,
922 2950 1020 3010 victus
1037 2950 1069 3011 in
1088 2948 1186 3022 curia,
1212 2957 1245 3007 et
1262 2943 1330 3010 eius

182 3031 279 3091 eneris
298 3030 361 3091 alia
404 3033 447 3092 Et
461 3044 589 3113 utraque
608 3034 700 3108 haec,
725 3047 791 3103 tum
809 3057 885 3115 quae
904 3034 965 3108 ibi,
989 3047 1054 3095 tum
1073 3053 1150 3113 quae
1167 3030 1329 3100 biefiunt,

158 3054 240 3176 bene
259 3115 424 3177 constituta
443 3131 522 3178 sunt
548 3119 777 3198 Quamobrem?
794 3120 875 3193 Quia
894 3117 1072 3201 oli'garchias
1090 3117 1121 3177 id
1140 3116 1180 3176 ad
1197 3133 1328 3177 concor-

161 3200 241 3260 diam
267 3199 425 3279 provebit,
452 3223 520 3261 cum
538 3221 643 3261 omnes
669 3201 854 3281 reipublicae
879 3203 996 3263 domiui
1020 3203 1129 3263 eodem
1146 3201 1215 3260 iure
1239 3207 1327 3283 sunt:

161 3283 346 3366 populorum
363 3297 464 3345 autem
482 3284 654 3346 libertatem
672 3286 849 3347 custodiunt
872 3287 1088 3368 praestantium
1105 3285 1240 3363 virorum
1261 3302 1326 3341 cer-

161 3369 284 3445 tamina,
302 3391 378 3449 quae
397 3369 479 3430 inter
494 3391 527 3431 se
544 3383 671 3451 propter
688 3371 831 3445 honores,
854 3372 907 3452 qni
925 3394 941 3430 a
959 3370 1074 3451 populo
1093 3368 1198 3429 haberi
1215 3366 1328 3436 solent,

53 3506 55 3510 ,
125 3492 130 3499 ·
161 3453 375 3533 suscipiuntur.
417 3456 479 3525 lam
498 3457 581 3535 quod
598 3456 636 3515 ad
653 3450 816 3516 Thebanos
835 3457 959 3529 attinet,
986 3455 1039 3534 qui
1055 3454 1210 3520 neminem
1226 3448 1327 3508 hono-

98 3562 102 3573 ¹
140 3550 248 3611 rent,
276 3538 352 3599 illud
370 3559 440 3599 vere
459 3539 534 3598 mihi
552 3539 687 3600 dicturus
704 3540 818 3601 video'r.
861 3540 970 3600 Maiori
987 3538 1086 3612 laudi,
1112 3533 1341 3604 Athenienses,

83 3658 87 3665 ·
162 3620 377 3697 Thebanisibi
395 3624 511 3685 ducunt
536 3624 745 3686 crudelitatem
764 3638 795 3685 et
819 3625 1063 3706 improbitatem,
1089 3642 1179 3702 quam
1197 3639 1253 3695 vos
1270 3615 1341 3675 hu-·

162 3705 337 3767 manitatem
356 3719 387 3769 et
404 3708 548 3768 iustitiam
565 3708 661 3781 yobis.
697 3709 811 3790 ¹Neque
830 3710 924 3792 igitur
939 3707 986 3768 illi
1003 3707 1044 3792 (si
1063 3706 1136 3787 quid
1162 3701 1329 3785 optandum

163 3788 224 3871 est)
240 3814 376 3871 uuquam
402 3793 541 3865 desinant
558 3794 646 3853 de‘se
666 3794 744 3854 bene
770 3795 895 3857 meritos
913 3814 1013 3877 neque
1038 3791 1211 3862 bonorare,
1229 3804 1330 3866 neque

163 3875 320 3948 admirari,
347 3891 378 3937 et
396 3891 540 3960 cognatos
566 3898 637 3937 suos
655 3877 869 3960 (scitisenim,
896 3878 1051 3958 quomodo
1070 3897 1139 3937 cum
1159 3872 1329 3936 Orchome-

163 3959 221 4018 niis
241 3959 373 4042 egerint)
391 3961 434 4021 sic
451 3974 593 4022 tractare:
611 3983 712 4041 neque
729 3984 793 4037 vos,
811 3963 859 4023 bis
873 3961 1020 4023 contraria
1035 3960 1137 4020 studio
1153 3958 1279 4029 babere,
1295 3965 1332 4014 ut

166 4056 197 4101 et
214 4043 292 4104 bene
310 4045 425 4106 meritis
444 4045 576 4107 honores
595 4048 781 4121 decernatis,
801 4048 895 4108 etius
913 4059 1062 4118 vestrum,
1080 4067 1096 4102 a
1115 4043 1234 4103 civibus
1253 4041 1332 4101 lacta

166 4125 287 4188 dicendi
304 4143 463 4210 potestate,
481 4132 647 4192 secundum
666 4129 768 4213 legiam
785 4133 906 4192 decreta
924 4128 1161 4208 consequamini.
1187 4126 1332 4205 Denique

164 4222 230 4271 tum
246 4212 370 4274 demum
387 4215 469 4298 leges
488 4229 519 4277 et
536 4215 674 4276 instituta
692 4217 820 4277 aliorum
838 4216 986 4297 laudanda
1004 4232 1115 4275 censeo
1134 4225 1167 4274 et
1183 4209 1335 4273 nostratia

130 4338 132 4345 ,
165 4295 423 4378 reprehendenda,
441 4323 509 4361 cum
528 4301 728 4373 demonstrari
744 4301 868 4381 poterit,
890 4301 959 4362 illos
978 4298 1064 4365 vobis
1084 4319 1151 4360 csse
1167 4295 1336 4360 feliciores.
