2722 4754
134 182 194 239 aas
420 120 781 232 nnuosrnnms
806 136 1008 225 onnmo
1115 240 1119 250 f

133 329 298 391 omniahis
316 347 369 388 eos
382 321 533 384 contraria
548 320 656 380 fecisse
675 322 808 380 constat:
827 340 884 379 nec
902 318 953 379 abs
972 338 1012 376 re.
1029 316 1113 376 Nihil
1132 313 1215 374 enim
1236 308 1304 369 eins

133 416 236 476 literas
253 412 412 473 curabant:
430 405 572 486 sed'qno·
584 426 632 464 eas
643 405 779 466 consilio
797 404 982 484 scripsisset,
1001 413 1117 461 norant
1154 400 1187 458 ld
1202 395 1306 476 ‚igitur

134 483 316 562 adiuvabant
340 506 371 554 et
394 491 612 559 defendebant⁴
646 490 818 548 Phocenses
848 501 948 559 autem
974 500 1025 561 ut,
1044 486 1117 565 quid
1141 484 1222 563 apud
1249 498 1306 538 vos

135 565 236 646 aetum
249 591 333 651 =esset
349 577 381 637 in
407 576 574 649 concione,
599 576 782 646 audierunt,
806 585 837 632 et
853 574 1009 633 decretum
1027 572 1103 630 illud
1121 564 1307 627 Philocratis

88 654 93 662 ’
136 652 318 747 acceperunt
336 674 367 722 et
381 661 637 722 renuntiationem
658 659 744 719 istius
765 671 795 722 et
811 656 1064 738 pollicitationes:
1083 653 1182 713 modis
1202 650 1307 713 omni-

92 779 96 790 ,
129 753 194 813 aas
212 732 376 830 terserunt.
395 747 477 827 quoa
496 740 537 805 in
555 743 740 825 intelligens.
760 742 901 819 nuaram
918 742 971 815 ibi,
990 742 1043 821 qui
1059 739 1202 819 eaiuppo
1222 735 1306 796 aare.

138 838 262 907 derent,
286 832 402 903 cordati
426 830 582 891 homines:
611 829 633 886 ii
651 827 773 888 adducti
798 839 886 899 sunt,
916 827 1005 898 otei
1028 826 1119 884 fidem
1146 823 1306 882 haberent

137 910 366 994 Quamobrem?
385 915 464 995 Quia
482 914 637 995 putabant,
656 912 773 980 etiamsi
790 911 890 973 decies
910 911 967 992 ipsi
985 933 1000 971 a
1018 910 1162 990 Philippo
1181 906 1306 985 decipe-

43 1022 45 1027 ’
95 1014 100 1019 ’
137 1017 260 1078 rentur,
280 1023 440 1081 nunquam
457 1013 558 1059 tamen
576 999 660 1070 lore,
685 1010 721 1056 ut
737 988 970 1056 llthenieusium
989 995 1082 1078 legati
1093 992 1321 1077 'Athenienses‘
1332 1044 1349 1077 κ.

63 1081 71 1090 ’
91 1137 96 1143 .
139 1089 279 1170 decipere
294 1083 458 1164 auderent:
483 1085 535 1144 sed
554 1104 624 1142 vera
643 1102 709 1141 esse
725 1082 794 1156 illa,
817 1103 892 1161 quae
911 1082 967 1142 iste
985 1081 1072 1140 vobis
1089 1078 1307 1147 renuntiasset,
1323 1080 1328 1085 '

126 1187 171 1247 ,et
187 1168 361 1253 Philippum
386 1169 419 1229 in
446 1168 677 1245 Thebanorum,
712 1187 776 1226 non
799 1167 831 1225 in
857 1167 992 1247 ipsorum
1016 1165 1120 1225 venire
1137 1161 1307 1229 excidium.

70 1262 76 1275 ⁴
138 1259 240 1319 Erant·
248 1257 299 1317 alii
318 1255 455 1335 quidam,
481 1253 534 1332 qui
552 1252 671 1332 quidvis
688 1251 919 1331 perferendum,
937 1264 968 1311 et
986 1249 1221 1331 propulsandam
1241 1265 1311 1313 esse,

41 1351 117 1420 ι228
141 1343 203 1402 vim
222 1341 445 1401 arbitrarentur.
489 1331 555 1397 sed'
570 1350 600 1396 et
618 1336 740 1395 illorum
766 1338 881 1395 animos
909 1337 1000 1417 fregit
1026 1335 1179 1414 persuasio
1199 1331 1251 1414 illa
1270 1329 1308 1388 de

108 1415 112 1430 ¹
133 1425 277 1506 ‘Philippi
295 1424 425 1496 amicitia
445 1435 475 1482 et
492 1421 676 1502 exspectatio
696 1420 769 1479 belli
786 1421 897 1494 vestri,
917 1422 976 1480 nisi
994 1417 1153 1491 fecissent,
1174 1440 1243 1477 cum
1262 1413 1324 1485 illi,

140 1509 210 1573 ante
227 1533 243 1571 a
261 1509 348 1583 vobis
366 1508 509 1571 auxilium
522 1514 704 1587 ‘sperassent
722 1506 807 1580 Quin
826 1519 857 1565 et
874 1506 1031 1586 poenitere
1050 1526 1104 1564 vos
1122 1504 1218 1563 factae
1238 1522 1308 1559 cum

140 1590 282 1676 Philippo
300 1593 381 1674 pacis
404 1591 552 1673 putabant
576 1589 705 1671 quidam.
740 1591 777 1650 lis
798 1592 882 1650 etad
907 1605 1045 1671 posteros
1070 1611 1134 1648 eam
1153 1586 1311 1668 pertinere

109 1676 111 1680 ’
141 1702 246 1762 pacem
265 1681 527 1749 demonstrarunt,
552 1676 664 1735 utiam
682 1675 819 1755 undique
837 1688 935 1735 vestra
953 1675 1060 1736 auxilia
1079 1674 1310 1751 essentdespe·

140 1766 241 1825 randa.
259 1764 453 1843 Quapropter
471 1761 572 1820 omnia
588 1755 668 1820 eain
681 1783 778 1820 unum
793 1761 949 1820 decretum
968 1758 1173 1821 coniecerunt
1192 1760 1226 1817 ln
1247 1774 1310 1836 quo
1338 1832 1341 1837 Ι

53 1850 56 1855 “
142 1848 283 1909 iniuriam
300 1846 387 1906 vobis
407 1845 542 1906 omnium
560 1845 717 1931 maximam
743 1845 849 1906 secisse
868 1845 943 1904 mihi
960 1847 1109 1904 videntur.
1144 1844 1221 1903 Nam
1240 1861 1312 1901 cum
1340 1883 1358 1893 -

104 1944 108 1950 ’
143 1934 209 1994 viro
229 1931 349 1991 mortali
375 1944 405 1990 et
421 1945 549 2013 propter
573 1942 711 2010 tempora
737 1932 883 2010 quaedam
906 1931 1026 2012 potenti
1049 1949 1121 2010 pace
1146 1923 1313 1987 immortali

45 2007 53 2026 ⁸
144 2017 334 2079 decernenda
357 2015 468 2096 pacisci
485 2015 568 2075 urbis
597 2015 811 2094 opprobrium,
838 2029 868 2075 et
886 2016 1015 2095 spoliare
1033 2035 1097 2086 non
1121 2014 1216 2073 modo
1236 2011 1313 2071 alio-

144 2101 294 2175 rum,-sed
314 2101 403 2169 etiam
421 2100 561 2160 fortunae
580 2099 735 2159 beneficiis
752 2100 988 2181 rempublicam,
1007 2112 1116 2159 ettam
1134 2097 1249 2180 insigni
1266 2094 1321 2155 uti

145 2184 356 2267 improbitate,
373 2197 409 2244 ut
426 2206 490 2244 non
509 2206 561 2244 eos
580 2185 673 2244 modo
691 2184 912 2258 Athenienses,
932 2185 984 2264 qui
1002 2198 1184 2256 nunosunt,
1203 2181 1257 2242 sed
1275 2180 1314 2238 il-

146 2275 192 2333 los
212 2271 318 2342 etiam,
344 2269 397 2350 qui
417 2268 489 2329 olim
510 2269 677 2355 ¹aliquando
705 2269 800 2328 futuri
814 2282 904 2344 sunt,
932 2292 1039 2329 omnes
1060 2263 1316 2337 ,iniuriis'affece-

85 2353 90 2366 ’
146 2358 226 2417 rint:
245 2376 348 2416 nonne
367 2354 591 2415 intolerandum
611 2352 676 2413 est?
694 2353 762 2413 Hoc
781 2354 875 2436 igitur
892 2354 1048 2434 nunquam
1068 2354 1240 2414 adscribere
1261 2352 1315 2411 de-

147 2442 219 2503 inde
246 2439 465 2518 sustinuissetis
485 2441 521 2499 ad
539 2460 643 2519 pacem
676 2439 790 2499 «etiam
815 2441 987 2519 posteris,=›
1014 2439 1072 2498 nisi
1097 2439 1134 2498 ab
1161 2435 1316 2498 Aeschine

147 2539 214 2587 tum
238 2524 370 2584 recitatis
397 2524 668 2604 pollicitationibus
697 2524 876 2597 crederetis,
912 2525 1022 2604 quihus
1046 2525 1116 2584 freti
1142 2508 1335 2587 Phocenses,‘

41 2645 51 2651 ν
148 2609 313 2692 perierunt.
331 2608 498 2693 Siquidem,
518 2611 589 2669 dum
607 2631 640 2668 se
656 2608 788 2688 Philippi
806 2609 879 2668 fidei
898 2610 1102 2681 committunt,
1121 2623 1152 2669 et
1168 2609 1253 2667 ultro
1272 2604 1316 2664 illi

150 2695 261 2776 oppida
278 2694 416 2767 tradunt:
445 2694 545 2754 omnia
564 2714 670 2753 eorum
694 2693 858 2765 contraria,
880 2715 961 2777 'quae
979 2694 1030 2754 isti
1048 2694 1134 2754 vobis
1158 2691 1332 2752 renuntias

115 2786 120 2799 ‘
148 2791 227 2851 rant,
245 2790 318 2837 sunt
335 2778 457 2858 experti.
492 2780 535 2838 Ut
552 2791 652 2838 antem
670 2793 754 2844 certo
773 2778 882 2852 sciatis,
901 2779 975 2838 haec
992 2779 1034 2838 ita
1052 2791 1083 2838 et
1100 2779 1227 2859 propter
1244 2777 1329 2836 istos·

149 2863 290 2945 periisse:
309 2875 446 2942 tempora
464 2863 550 2924 vobis
569 2864 763 2944 computabo,
781 2864 892 2943 quibus
908 2864 1026 2946 singula
1039 2864 1117 2924 lacta
1134 2876 1212 2922 sunt
1232 2863 1329 2937 Quae·

150 2969 223 3009 vero
242 2946 496 3027 istorumaliquis
515 2949 709 3009 infitiabitur:
720 2949 754 3008 'is
772 2961 876 3030 surgat
890 2962 921 3009 et
936 2951 973 3009 ad
984 2970 1093 3027 meam
1106 2970 1214 3026 aquam
1234 2947 1320 3007 dicat
1340 2947 1352 2957 “

151 3034 213 3094 Pax
230 3032 325 3114 igitur
341 3033 421 3092 XlX.
440 3031 597 3094 Februarii
623 3034 697 3093 sacta
717 3048 770 3095 est.
804 3036 935 3116 Peregre
961 3047 1061 3095 antem
1086 3033 1245 3113 abluimus,
1260 3039 1341 3091 nosl

76 3142 77 3146 ¹
153 3117 391 3199 acl-exigendum
417 3116 625 3179 iusiurandum
642 3130 703 3178 tres
729 3134 894 3202 perpetuos
914 3140 1049 3180 menses:
1076 3116 1137 3198 quo
1156 3131 1224 3178 toto
1242 3106 1326 3176 nni.-
1353 3186 1357 3199 ⁴

153 3222 227 3284 pore
245 3201 418 3263 Phocenses
437 3202 753 3265 suerunt-incolumes.
781 3205 813 3264 A
831 3206 983 3288 legatione
1000 3206 1039 3264 ad
1058 3204 1241 3286 exigendum
1258 3201 1328 3270 ins-¹

153 3286 316 3347 iurandum
334 3301 472 3367 suscepta
485 3287 549 3348 ‚huc
567 3287 679 3348 reversi
704 3311 806 3349 sumus
825 3293 904 3350 Xlll.
922 3289 1009 3359 Maii:
1037 3303 1067 3350 ct
1085 3290 1144 3365 iam
1163 3289 1242 3348 intra
1258 3287 1320 3369 Py-

152 3371 196 3431 las
216 3382 279 3430 erat
296 3351 471 3453 Philippus,
497 3385 527 3432 et
544 3371 752 3439 Phocensibus
770 3375 972 3454 pollicebatur
991 3396 1041 3447 ea,
1061 3395 1192 3454 quornm
1211 3371 1255 3431 illi
1272 3370 1321 3429 ni·

145 3455 198 3516 hil
217 3455 387 3516 credebant.
414 3453 508 3517 Cuius
525 3457 571 3517 rei
589 3457 709 3540 signum
727 3459 803 3520 illud
823 3474 877 3534 est,
896 3460 979 3540 quod
998 3459 1113 3539 alioqui
1131 3459 1192 3517 huc
1210 3457 1247 3517 ad
1266 3475 1323 3514 nos

155 3562 219 3602 non
236 3540 398 3602 venissent
429 3541 539 3603 Secuta
558 3555 725 3627 estpostea
745 3546 864 3618 concio,
882 3545 914 3604 in
932 3567 992 3624 qna
1010 3544 1061 3604 isti
1079 3545 1180 3604 omnia
1200 3539 1326 3623 negotia

152 3620 354 3706 'perdiderunt
371 3629 548 3688 mentiendo
561 3625 592 3688 et
604 3629 784 3709 decipiendo
803 3652 867 3703 vos,
887 3631 1005 3690 decimo
1022 3643 1108 3689 serto
1121 3628 1202 3688 Maii
1222 3625 1326 3701 Quin-

44 3728 54 3737 *
156 3723 188 3770 to
206 3710 301 3810 igitur
326 3711 375 3772 di'e
393 3727 463 3793 post
481 3693 582 3775 etiam*
593 3727 690 3773 vestra
715 3715 835 3776 decreta
853 3714 1060 3774 Phocensibus
1086 3735 1151 3774 esse
1176 3710 1347 3783 nuntiata„

157 3795 277 3879 colhgo.
312 3796 487 3880 Adfuerunt
505 3799 584 3858 enim
604 3798 807 3859 Phocensium
826 3799 926 3882 legati,
946 3800 1056 3879 quibus
1075 3799 1177 3859 studio
1196 3798 1330 3881 luit-co-

156 3902 321 3963 gnoscere,
347 3893 413 3963 tum
432 3884 504 3964 qnid
523 3882 574 3943 isti
598 3883 801 3951 renuntiaturi
820 3896 936 3956 essent,
963 3896 1028 3943 tum
1048 3884 1121 3963 quid
1139 3905 1192 3943 vos
1221 3884 1331 3942 decre-

47 3984 58 3994 “
123 4043 128 4052 Ι
157 3965 225 4025 turi.
261 3966 418 4048 Vigesimo
438 3968 715 4049 die'proponimus,
733 3990 914 4049 responsum
931 3982 1063 4028 vestrum
1082 3968 1257 4028 Phocenses
1277 3967 1333 4026 co-'

157 4050 305 4133 gnovisse.
340 4051 451 4126 Nam.a
469 4054 548 4121 XVI.
567 4054 603 4112 ad
621 4054 729 4134 hunc,
745 4054 809 4115 dies
824 4050 959 4133 'quintus
978 4054 1026 4113 lit:
1056 4052 1210 4135 posterior
1235 4051 1335 4135 igitur

158 4148 204 4196 est
221 4136 327 4196 X..'IX.
345 4138 421 4205 vttt
440 4140 507 4198 Hoc
526 4138 638 4209 lactum
656 4151 708 4203 est„
719 4137 924 4198 foedum-illic
942 4138 1059 4219 perdita
1074 4151 1105 4198 et
1117 4124 1342 4198 eonsummata‘

76 4224 135 4292 229
155 4232 246 4280 erant
262 4220 372 4296 omnia.
390 4224 478 4285 Unde
496 4223 528 4283 id
545 4222 745 4305 perspicitan
763 4224 878 4285 XXllll
897 4223 945 4283 die
965 4223 1143 4299 concionem
1162 4245 1217 4283 vos
1236 4221 1348 4282 habe--

79 4337 103 4387 4
130 4328 136 4335 ¹
159 4304 295 4369 batisin
312 4306 440 4370 Piraeeo
465 4308 702 4380 de'naualibus:
730 4307 991 4392 venitDercyllus
1016 4304 1159 4369 Chalcide
1185 4321 1217 4368 et
1243 4306 1336 4369 vobis

684 4397 698 4423 X
