<?xml version="1.0" encoding="UTF-8"?>
<!DOCTYPE html PUBLIC "-//W3C//DTD XHTML 1.0 Transitional//EN"
    "http://www.w3.org/TR/xhtml1/DTD/xhtml1-transitional.dtd">
<html xmlns="http://www.w3.org/1999/xhtml" xml:lang="en" lang="en">
 <head>
  <title>
</title>
<meta http-equiv="Content-Type" content="text/html;charset=utf-8" />
  <meta name='ocr-system' content='tesseract 3.04.00' />
  <meta name='ocr-capabilities' content='ocr_page ocr_carea ocr_par ocr_line ocrx_word'/>
</head>
<body>
  <div class='ocr_page' id='page_1' title='image "./demosthenisquae04schgoog_0051.png"; bbox 0 0 2722 4754; ppageno 0'>
   <div class='ocr_carea' id='block_1_1' title="bbox 116 218 994 292">
    <p class='ocr_par' dir='ltr' id='par_1_1' title="bbox 116 218 994 292">
     <span class='ocr_line' id='line_1_1' title="bbox 116 218 994 292; baseline -0.007 -6"><span class='ocrx_word' id='word_1_1' title='bbox 116 221 183 288; x_wconf 80' lang='lat'><strong>42&#39;</strong></span> <span class='ocrx_word' id='word_1_2' title='bbox 294 222 303 264; x_wconf 70' lang='lat'>7</span> <span class='ocrx_word' id='word_1_3' title='bbox 401 218 766 292; x_wconf 84' lang='lat' dir='ltr'><strong>DEMOSTHENIS</strong></span> <span class='ocrx_word' id='word_1_4' title='bbox 803 220 994 281; x_wconf 81' lang='lat' dir='ltr'>ORATIO</span> 
     </span>
    </p>
   </div>
   <div class='ocr_carea' id='block_1_2' title="bbox 8 333 1313 3592">
    <p class='ocr_par' dir='ltr' id='par_1_2' title="bbox 9 333 1313 1390">
     <span class='ocr_line' id='line_1_2' title="bbox 33 333 1281 454; baseline -0.008 -15"><span class='ocrx_word' id='word_1_5' title='bbox 33 393 35 396; x_wconf 69' lang='lat'>‘</span> <span class='ocrx_word' id='word_1_6' title='bbox 114 369 338 450; x_wconf 77' lang='lat' dir='ltr'><strong>olbamhctam,</strong></span> <span class='ocrx_word' id='word_1_7' title='bbox 357 341 423 454; x_wconf 87' lang='lat' dir='ltr'><strong>quo</strong></span> <span class='ocrx_word' id='word_1_8' title='bbox 436 375 468 432; x_wconf 91' lang='lat' dir='ltr'><strong>in</strong></span> <span class='ocrx_word' id='word_1_9' title='bbox 484 333 582 434; x_wconf 82' lang='lat' dir='ltr'><strong>loco</strong></span> <span class='ocrx_word' id='word_1_10' title='bbox 573 372 744 438; x_wconf 74' lang='lat' dir='ltr'><strong>restitutum</strong></span> <span class='ocrx_word' id='word_1_11' title='bbox 762 372 829 448; x_wconf 82' lang='lat' dir='ltr'><strong>luit,</strong></span> <span class='ocrx_word' id='word_1_12' title='bbox 848 371 1072 434; x_wconf 79' lang='lat' dir='ltr'><strong>Chersonesum</strong></span> <span class='ocrx_word' id='word_1_13' title='bbox 1090 333 1176 432; x_wconf 75' lang='lat' dir='ltr'><strong>iussa</strong></span> <span class='ocrx_word' id='word_1_14' title='bbox 1190 372 1281 430; x_wconf 80' lang='lat' dir='ltr'><strong>ducta</strong></span> 
     </span>
     <span class='ocr_line' id='line_1_3' title="bbox 29 454 1281 559; baseline -0.006 -36"><span class='ocrx_word' id='word_1_15' title='bbox 29 457 33 461; x_wconf 59' lang='grc'><strong>’</strong></span> <span class='ocrx_word' id='word_1_16' title='bbox 72 518 75 525; x_wconf 82' lang='grc'>,</span> <span class='ocrx_word' id='word_1_17' title='bbox 115 462 331 523; x_wconf 77' lang='lat' dir='ltr'><strong>disterminare</strong></span> <span class='ocrx_word' id='word_1_18' title='bbox 366 460 397 518; x_wconf 94' lang='lat' dir='ltr'><strong>id</strong></span> <span class='ocrx_word' id='word_1_19' title='bbox 422 457 514 539; x_wconf 94' lang='lat' dir='ltr'><strong>quod</strong></span> <span class='ocrx_word' id='word_1_20' title='bbox 529 467 598 519; x_wconf 81' lang='lat' dir='ltr'><strong>arte</strong></span> <span class='ocrx_word' id='word_1_21' title='bbox 621 458 779 559; x_wconf 80' lang='lat' dir='ltr'><strong>inscriptio</strong></span> <span class='ocrx_word' id='word_1_22' title='bbox 804 455 942 558; x_wconf 81' lang='lat' dir='ltr'><strong>montani</strong></span> <span class='ocrx_word' id='word_1_23' title='bbox 965 457 1046 522; x_wconf 85' lang='lat' dir='ltr'><strong>Iovis</strong></span> <span class='ocrx_word' id='word_1_24' title='bbox 1063 457 1201 530; x_wconf 87' lang='lat' dir='ltr'><strong>indicat,</strong></span> <span class='ocrx_word' id='word_1_25' title='bbox 1234 454 1281 541; x_wconf 81' lang='lat' dir='ltr'><strong>his¹</strong></span> 
     </span>
     <span class='ocr_line' id='line_1_4' title="bbox 58 546 230 609; baseline -0.006 0"><span class='ocrx_word' id='word_1_26' title='bbox 58 548 67 609; x_wconf 62' lang='grc' dir='ltr'><strong>ᾗ,</strong></span> <span class='ocrx_word' id='word_1_27' title='bbox 88 581 90 585; x_wconf 56' lang='lat'>&gt;</span> <span class='ocrx_word' id='word_1_28' title='bbox 115 546 230 608; x_wconf 73' lang='lat' dir='ltr'><strong>verbis:</strong></span> 
     </span>
     <span class='ocr_line' id='line_1_5' title="bbox 71 627 1037 708; baseline -0.001 -20"><span class='ocrx_word' id='word_1_29' title='bbox 71 646 74 650; x_wconf 58' lang='lat'><strong><em>⁴</em></strong></span> <span class='ocrx_word' id='word_1_30' title='bbox 171 638 175 647; x_wconf 90' lang='lat'><strong><em>‘</em></strong></span> <span class='ocrx_word' id='word_1_31' title='bbox 266 629 366 688; x_wconf 80' lang='lat' dir='ltr'><strong>Limes</strong></span> <span class='ocrx_word' id='word_1_32' title='bbox 383 633 446 688; x_wconf 86' lang='lat' dir='ltr'><strong>ut</strong></span> <span class='ocrx_word' id='word_1_33' title='bbox 433 651 466 688; x_wconf 84' lang='grc' dir='ltr'><strong>ιιι</strong></span> <span class='ocrx_word' id='word_1_34' title='bbox 484 630 582 689; x_wconf 82' lang='lat' dir='ltr'><strong>medio</strong></span> <span class='ocrx_word' id='word_1_35' title='bbox 599 627 717 689; x_wconf 81' lang='lat' dir='ltr'><strong>Leucae</strong></span> <span class='ocrx_word' id='word_1_36' title='bbox 733 627 890 708; x_wconf 79' lang='lat' dir='ltr'><strong>Pteleiquc</strong></span> <span class='ocrx_word' id='word_1_37' title='bbox 905 637 1037 703; x_wconf 80' lang='lat' dir='ltr'><em>notetur,</em></span> 
     </span>
     <span class='ocr_line' id='line_1_6' title="bbox 316 707 1002 790; baseline -0.003 -16"><span class='ocrx_word' id='word_1_38' title='bbox 316 715 402 790; x_wconf 83' lang='lat' dir='ltr'><strong>Haec</strong></span> <span class='ocrx_word' id='word_1_39' title='bbox 421 725 466 775; x_wconf 80' lang='lat' dir='ltr'><strong>est</strong></span> <span class='ocrx_word' id='word_1_40' title='bbox 483 714 633 775; x_wconf 71' lang='lat' dir='ltr'><strong>excellens</strong></span> <span class='ocrx_word' id='word_1_41' title='bbox 648 734 708 773; x_wconf 84' lang='lat' dir='ltr'><strong>ara</strong></span> <span class='ocrx_word' id='word_1_42' title='bbox 723 722 850 777; x_wconf 75' lang='lat' dir='ltr'><strong>sacrata</strong></span> <span class='ocrx_word' id='word_1_43' title='bbox 866 714 939 772; x_wconf 80' lang='lat' dir='ltr'><strong>Ioci.</strong></span> <span class='ocrx_word' id='word_1_44' title='bbox 1000 707 1002 713; x_wconf 59' lang='grc'>’</span> 
     </span>
     <span class='ocr_line' id='line_1_7' title="bbox 243 798 1013 880; baseline -0.006 -18"><span class='ocrx_word' id='word_1_45' title='bbox 243 799 315 862; x_wconf 67' lang='grc' dir='ltr'>’.Νι</span> <span class='ocrx_word' id='word_1_46' title='bbox 332 799 459 880; x_wconf 82' lang='lat' dir='ltr'><strong>populos</strong></span> <span class='ocrx_word' id='word_1_47' title='bbox 476 799 577 860; x_wconf 74' lang='lat' dir='ltr'><strong>turbet</strong></span> <span class='ocrx_word' id='word_1_48' title='bbox 594 804 762 871; x_wconf 79' lang='lat' dir='ltr'><strong>contentio,</strong></span> <span class='ocrx_word' id='word_1_49' title='bbox 781 798 921 878; x_wconf 83' lang='lat' dir='ltr'><strong>Iuppiter</strong></span> <span class='ocrx_word' id='word_1_50' title='bbox 938 803 1013 877; x_wconf 79' lang='lat' dir='ltr'><strong>ipsc,</strong></span> 
     </span>
     <span class='ocr_line' id='line_1_8' title="bbox 88 885 1043 964; baseline -0.003 -21"><span class='ocrx_word' id='word_1_51' title='bbox 88 950 90 955; x_wconf 51' lang='grc'>,</span> <span class='ocrx_word' id='word_1_52' title='bbox 315 885 393 944; x_wconf 78' lang='lat' dir='ltr'><strong>Reos</strong></span> <span class='ocrx_word' id='word_1_53' title='bbox 401 906 556 964; x_wconf 83' lang='lat' dir='ltr'><strong>superum,</strong></span> <span class='ocrx_word' id='word_1_54' title='bbox 575 885 691 944; x_wconf 83' lang='lat' dir='ltr'><strong>medius</strong></span> <span class='ocrx_word' id='word_1_55' title='bbox 707 885 803 943; x_wconf 84' lang='lat' dir='ltr'><strong>limite</strong></span> <span class='ocrx_word' id='word_1_56' title='bbox 820 887 925 957; x_wconf 74' lang='lat' dir='ltr'><strong>signat</strong></span> <span class='ocrx_word' id='word_1_57' title='bbox 942 903 1043 955; x_wconf 69' lang='lat' dir='ltr'><strong>agros.</strong></span> 
     </span>
     <span class='ocr_line' id='line_1_9' title="bbox 62 964 1313 1053; baseline -0.004 -23"><span class='ocrx_word' id='word_1_58' title='bbox 62 973 179 1048; x_wconf 58' lang='lat' dir='ltr'><strong>4.‚Hac</strong></span> <span class='ocrx_word' id='word_1_59' title='bbox 196 968 292 1053; x_wconf 83' lang='lat' dir='ltr'><strong>igitur</strong></span> <span class='ocrx_word' id='word_1_60' title='bbox 306 969 450 1050; x_wconf 76' lang='lat' dir='ltr'>regione,</span> <span class='ocrx_word' id='word_1_61' title='bbox 475 989 551 1049; x_wconf 87' lang='lat' dir='ltr'><strong>quae</strong></span> <span class='ocrx_word' id='word_1_62' title='bbox 569 981 651 1030; x_wconf 80' lang='lat' dir='ltr'><strong>tanta</strong></span> <span class='ocrx_word' id='word_1_63' title='bbox 670 981 731 1041; x_wconf 87' lang='lat' dir='ltr'><strong>est,</strong></span> <span class='ocrx_word' id='word_1_64' title='bbox 757 980 897 1047; x_wconf 86' lang='lat' dir='ltr'><strong>quantam</strong></span> <span class='ocrx_word' id='word_1_65' title='bbox 915 964 1056 1046; x_wconf 83' lang='lat' dir='ltr'>plerique</span> <span class='ocrx_word' id='word_1_66' title='bbox 1071 965 1183 1038; x_wconf 84' lang='lat' dir='ltr'><strong>nostis,</strong></span> <span class='ocrx_word' id='word_1_67' title='bbox 1207 984 1278 1046; x_wconf 81' lang='lat' dir='ltr'><strong>par-</strong></span> <span class='ocrx_word' id='word_1_68' title='bbox 1304 1005 1313 1029; x_wconf 59' lang='lat'><strong>,=</strong></span> 
     </span>
     <span class='ocr_line' id='line_1_10' title="bbox 11 1051 1278 1152; baseline -0.006 -36"><span class='ocrx_word' id='word_1_69' title='bbox 11 1086 13 1091; x_wconf 33' lang='lat' dir='ltr'>v</span> <span class='ocrx_word' id='word_1_70' title='bbox 92 1056 169 1117; x_wconf 67' lang='lat' dir='ltr'><strong>&#39;tim</strong></span> <span class='ocrx_word' id='word_1_71' title='bbox 193 1067 229 1114; x_wconf 94' lang='lat' dir='ltr'><strong>ut</strong></span> <span class='ocrx_word' id='word_1_72' title='bbox 253 1075 306 1114; x_wconf 78' lang='lat' dir='ltr'><strong>sua</strong></span> <span class='ocrx_word' id='word_1_73' title='bbox 332 1054 398 1133; x_wconf 91' lang='lat' dir='ltr'><strong>ipse</strong></span> <span class='ocrx_word' id='word_1_74' title='bbox 421 1053 548 1128; x_wconf 84' lang='lat' dir='ltr'><strong>fruitur,</strong></span> <span class='ocrx_word' id='word_1_75' title='bbox 574 1053 683 1135; x_wconf 84' lang='lat' dir='ltr'><strong>partim</strong></span> <span class='ocrx_word' id='word_1_76' title='bbox 705 1051 771 1113; x_wconf 83' lang='lat' dir='ltr'><strong>aliis</strong></span> <span class='ocrx_word' id='word_1_77' title='bbox 794 1073 863 1111; x_wconf 89' lang='lat' dir='ltr'><strong>eam</strong></span> <span class='ocrx_word' id='word_1_78' title='bbox 881 1053 963 1111; x_wconf 90' lang='lat' dir='ltr'><strong>dono</strong></span> <span class='ocrx_word' id='word_1_79' title='bbox 971 1052 1083 1152; x_wconf 81' lang='lat' dir='ltr'><strong>dedit,</strong></span> <span class='ocrx_word' id='word_1_80' title='bbox 1109 1069 1278 1129; x_wconf 83' lang='lat' dir='ltr'><strong>omnesque</strong></span> 
     </span>
     <span class='ocr_line' id='line_1_11' title="bbox 9 1136 1277 1218; baseline -0.004 -18"><span class='ocrx_word' id='word_1_81' title='bbox 9 1190 17 1213; x_wconf 64' lang='grc'>,</span> <span class='ocrx_word' id='word_1_82' title='bbox 41 1140 43 1147; x_wconf 84' lang='grc'><strong>’</strong></span> <span class='ocrx_word' id='word_1_83' title='bbox 112 1141 224 1200; x_wconf 85' lang='lat' dir='ltr'><strong>fundos</strong></span> <span class='ocrx_word' id='word_1_84' title='bbox 240 1151 357 1200; x_wconf 85' lang='lat' dir='ltr'><strong>vestros</strong></span> <span class='ocrx_word' id='word_1_85' title='bbox 371 1137 429 1198; x_wconf 90' lang='lat' dir='ltr'><strong>sibi</strong></span> <span class='ocrx_word' id='word_1_86' title='bbox 447 1136 575 1198; x_wconf 84' lang='lat' dir='ltr'><strong>subiicit</strong></span> <span class='ocrx_word' id='word_1_87' title='bbox 593 1139 657 1199; x_wconf 88' lang='lat' dir='ltr'><strong>Nec</strong></span> <span class='ocrx_word' id='word_1_88' title='bbox 673 1158 738 1198; x_wconf 85' lang='lat' dir='ltr'><strong>eam</strong></span> <span class='ocrx_word' id='word_1_89' title='bbox 755 1138 898 1197; x_wconf 76' lang='lat' dir='ltr'><strong>duntaxat</strong></span> <span class='ocrx_word' id='word_1_90' title='bbox 914 1137 1081 1218; x_wconf 79' lang='lat' dir='ltr'><strong>regionem,</strong></span> <span class='ocrx_word' id='word_1_91' title='bbox 1098 1156 1177 1215; x_wconf 82' lang='lat' dir='ltr'><strong>quae</strong></span> <span class='ocrx_word' id='word_1_92' title='bbox 1194 1146 1277 1195; x_wconf 81' lang='lat' dir='ltr'><strong>extre</strong></span> 
     </span>
     <span class='ocr_line' id='line_1_12' title="bbox 87 1213 1313 1322; baseline -0.01 -33"><span class='ocrx_word' id='word_1_93' title='bbox 87 1226 229 1289; x_wconf 19' lang='lat' dir='ltr'><strong>,Forum</strong></span> <span class='ocrx_word' id='word_1_94' title='bbox 246 1235 309 1297; x_wconf 90' lang='lat' dir='ltr'><strong>est,</strong></span> <span class='ocrx_word' id='word_1_95' title='bbox 334 1222 433 1285; x_wconf 91' lang='lat' dir='ltr'><strong>vobis</strong></span> <span class='ocrx_word' id='word_1_96' title='bbox 427 1222 544 1322; x_wconf 66' lang='lat' dir='ltr'><strong>eripit·</strong></span> <span class='ocrx_word' id='word_1_97' title='bbox 576 1224 629 1285; x_wconf 90' lang='lat' dir='ltr'><strong>sed</strong></span> <span class='ocrx_word' id='word_1_98' title='bbox 647 1236 679 1282; x_wconf 90' lang='lat' dir='ltr'><strong>et</strong></span> <span class='ocrx_word' id='word_1_99' title='bbox 695 1223 727 1282; x_wconf 92' lang='lat' dir='ltr'><strong>in</strong></span> <span class='ocrx_word' id='word_1_100' title='bbox 733 1223 800 1282; x_wconf 80' lang='lat' dir='ltr'><strong>‘hac</strong></span> <span class='ocrx_word' id='word_1_101' title='bbox 818 1213 945 1301; x_wconf 87' lang='lat' dir='ltr'><strong>epistola</strong></span> <span class='ocrx_word' id='word_1_102' title='bbox 963 1220 1084 1293; x_wconf 77' lang='lat' dir='ltr'><strong>scribit,</strong></span> <span class='ocrx_word' id='word_1_103' title='bbox 1109 1240 1163 1280; x_wconf 84' lang='lat' dir='ltr'><strong>vos</strong></span> <span class='ocrx_word' id='word_1_104' title='bbox 1182 1239 1277 1299; x_wconf 63' lang='lat' dir='ltr'><strong>opor7</strong></span> <span class='ocrx_word' id='word_1_105' title='bbox 1312 1244 1313 1248; x_wconf 43' lang='lat'>¹</span> 
     </span>
     <span class='ocr_line' id='line_1_13' title="bbox 113 1301 1277 1390; baseline -0.007 -19"><span class='ocrx_word' id='word_1_106' title='bbox 113 1322 179 1372; x_wconf 79' lang='lat' dir='ltr'><strong>tere</strong></span> <span class='ocrx_word' id='word_1_107' title='bbox 205 1308 318 1368; x_wconf 91' lang='lat' dir='ltr'><strong>iudicio</strong></span> <span class='ocrx_word' id='word_1_108' title='bbox 338 1301 507 1390; x_wconf 75' lang='lat' dir='ltr'><strong>transigere</strong></span> <span class='ocrx_word' id='word_1_109' title='bbox 531 1330 600 1370; x_wconf 90' lang='lat' dir='ltr'><strong>cum</strong></span> <span class='ocrx_word' id='word_1_110' title='bbox 624 1304 800 1380; x_wconf 87' lang='lat' dir='ltr'><strong>Cardianis,&#39;</strong></span> <span class='ocrx_word' id='word_1_111' title='bbox 820 1306 874 1385; x_wconf 92' lang='lat' dir='ltr'><strong>qui</strong></span> <span class='ocrx_word' id='word_1_112' title='bbox 898 1306 976 1366; x_wconf 81' lang='lat' dir='ltr'><strong>intra</strong></span> <span class='ocrx_word' id='word_1_113' title='bbox 992 1307 1112 1365; x_wconf 92' lang='lat' dir='ltr'><strong>Forum</strong></span> <span class='ocrx_word' id='word_1_114' title='bbox 1138 1304 1277 1364; x_wconf 87' lang='lat' dir='ltr'><strong>habitant</strong></span> 
     </span>
    </p>

    <p class='ocr_par' dir='ltr' id='par_1_3' title="bbox 36 1380 1277 1493">
     <span class='ocr_line' id='line_1_14' title="bbox 36 1380 1277 1493; baseline -0.006 -38"><span class='ocrx_word' id='word_1_115' title='bbox 36 1467 43 1471; x_wconf 75' lang='lat'><em>.</em></span> <span class='ocrx_word' id='word_1_116' title='bbox 88 1469 89 1472; x_wconf 7' lang='grc' dir='ltr'><strong>Ἴ</strong></span> <span class='ocrx_word' id='word_1_117' title='bbox 113 1392 198 1474; x_wconf 87' lang='lat' dir='ltr'><strong>(cum</strong></span> <span class='ocrx_word' id='word_1_118' title='bbox 208 1390 396 1468; x_wconf 80' lang='lat' dir='ltr'><strong>Gordianis,</strong></span> <span class='ocrx_word' id='word_1_119' title='bbox 378 1415 519 1472; x_wconf 87' lang='lat' dir='ltr'><strong>mquam,</strong></span> <span class='ocrx_word' id='word_1_120' title='bbox 536 1393 634 1493; x_wconf 80' lang='lat' dir='ltr'><strong>quiin</strong></span> <span class='ocrx_word' id='word_1_121' title='bbox 648 1392 802 1474; x_wconf 76' lang='lat' dir='ltr'><strong>provincia</strong></span> <span class='ocrx_word' id='word_1_122' title='bbox 816 1404 915 1451; x_wconf 85' lang='lat' dir='ltr'><strong>vestra</strong></span> <span class='ocrx_word' id='word_1_123' title='bbox 932 1380 1200 1470; x_wconf 75' lang='lat' dir='ltr'><strong>consederunt),‘&#39;</strong></span> <span class='ocrx_word' id='word_1_124' title='bbox 1175 1411 1202 1448; x_wconf 89' lang='grc' dir='ltr'><strong>ιι</strong></span> <span class='ocrx_word' id='word_1_125' title='bbox 1217 1409 1277 1467; x_wconf 85' lang='lat' dir='ltr'><strong>qua</strong></span> 
     </span>
    </p>

    <p class='ocr_par' dir='ltr' id='par_1_4' title="bbox 29 1472 1275 1549">
     <span class='ocr_line' id='line_1_15' title="bbox 29 1472 1275 1549; baseline -0.005 -10"><span class='ocrx_word' id='word_1_126' title='bbox 29 1508 31 1512; x_wconf 36' lang='lat'>³</span> <span class='ocrx_word' id='word_1_127' title='bbox 88 1514 99 1547; x_wconf 60' lang='grc' dir='ltr'>ς</span> <span class='ocrx_word' id='word_1_128' title='bbox 114 1478 213 1539; x_wconf 86' lang='lat' dir='ltr'><strong>vobis</strong></span> <span class='ocrx_word' id='word_1_129' title='bbox 211 1500 287 1537; x_wconf 89' lang='lat' dir='ltr'><strong>cum</strong></span> <span class='ocrx_word' id='word_1_130' title='bbox 305 1477 363 1538; x_wconf 87' lang='lat' dir='ltr'><strong>illis</strong></span> <span class='ocrx_word' id='word_1_131' title='bbox 382 1479 585 1539; x_wconf 82' lang='lat' dir='ltr'><strong>controversia</strong></span> <span class='ocrx_word' id='word_1_132' title='bbox 603 1478 649 1538; x_wconf 82' lang='lat' dir='ltr'><strong>sit</strong></span> <span class='ocrx_word' id='word_1_133' title='bbox 682 1479 737 1549; x_wconf 84' lang='lat' dir='ltr'><strong>Est</strong></span> <span class='ocrx_word' id='word_1_134' title='bbox 754 1490 855 1537; x_wconf 86' lang='lat' dir='ltr'><strong>autem</strong></span> <span class='ocrx_word' id='word_1_135' title='bbox 872 1476 931 1536; x_wconf 92' lang='lat' dir='ltr'><strong>illis</strong></span> <span class='ocrx_word' id='word_1_136' title='bbox 951 1474 1155 1537; x_wconf 82' lang='lat' dir='ltr'><strong>controversia</strong></span> <span class='ocrx_word' id='word_1_137' title='bbox 1172 1472 1275 1533; x_wconf 88' lang='lat' dir='ltr'><strong>vobis-</strong></span> 
     </span>
    </p>

    <p class='ocr_par' dir='ltr' id='par_1_5' title="bbox 71 1554 1275 1644">
     <span class='ocr_line' id='line_1_16' title="bbox 71 1554 1275 1644; baseline -0.008 -18"><span class='ocrx_word' id='word_1_138' title='bbox 71 1615 77 1626; x_wconf 93' lang='grc'><strong><em>,</em></strong></span> <span class='ocrx_word' id='word_1_139' title='bbox 117 1585 204 1624; x_wconf 88' lang='lat' dir='ltr'><strong>cum:</strong></span> <span class='ocrx_word' id='word_1_140' title='bbox 212 1574 312 1642; x_wconf 84' lang='lat' dir='ltr'><strong>atque</strong></span> <span class='ocrx_word' id='word_1_141' title='bbox 331 1565 364 1623; x_wconf 83' lang='lat' dir='ltr'><strong>ea</strong></span> <span class='ocrx_word' id='word_1_142' title='bbox 382 1585 454 1630; x_wconf 82' lang='lat' dir='ltr'><strong>num</strong></span> <span class='ocrx_word' id='word_1_143' title='bbox 471 1585 560 1644; x_wconf 86' lang='lat' dir='ltr'><strong>parva</strong></span> <span class='ocrx_word' id='word_1_144' title='bbox 578 1564 615 1624; x_wconf 93' lang='lat' dir='ltr'><strong>de</strong></span> <span class='ocrx_word' id='word_1_145' title='bbox 632 1584 676 1636; x_wconf 92' lang='lat' dir='ltr'><strong>re,</strong></span> <span class='ocrx_word' id='word_1_146' title='bbox 694 1562 892 1624; x_wconf 58' lang='lat' dir='ltr'><strong>consrderater</strong></span> <span class='ocrx_word' id='word_1_147' title='bbox 904 1560 947 1619; x_wconf 86' lang='lat' dir='ltr'><strong>Se</strong></span> <span class='ocrx_word' id='word_1_148' title='bbox 963 1560 1121 1642; x_wconf 81' lang='lat' dir='ltr'><strong>regionem</strong></span> <span class='ocrx_word' id='word_1_149' title='bbox 1138 1554 1275 1618; x_wconf 82' lang='lat' dir='ltr'><strong>incolere</strong></span> 
     </span>
    </p>

    <p class='ocr_par' dir='ltr' id='par_1_6' title="bbox 46 1641 1308 1896">
     <span class='ocr_line' id='line_1_17' title="bbox 46 1641 1275 1727; baseline -0.007 -19"><span class='ocrx_word' id='word_1_150' title='bbox 46 1700 57 1727; x_wconf 16' lang='lat' dir='ltr'><strong>v.</strong></span> <span class='ocrx_word' id='word_1_151' title='bbox 115 1649 236 1720; x_wconf 86' lang='lat' dir='ltr'><strong>dicunt,</strong></span> <span class='ocrx_word' id='word_1_152' title='bbox 256 1668 333 1726; x_wconf 90' lang='lat' dir='ltr'><strong>quae</strong></span> <span class='ocrx_word' id='word_1_153' title='bbox 351 1649 467 1722; x_wconf 87' lang='lat' dir='ltr'><strong>suasit,</strong></span> <span class='ocrx_word' id='word_1_154' title='bbox 486 1661 517 1708; x_wconf 89' lang='lat' dir='ltr'><strong>et</strong></span> <span class='ocrx_word' id='word_1_155' title='bbox 533 1670 597 1708; x_wconf 89' lang='lat' dir='ltr'><strong>non</strong></span> <span class='ocrx_word' id='word_1_156' title='bbox 613 1661 725 1708; x_wconf 82' lang='lat' dir='ltr'><strong>vestra:</strong></span> <span class='ocrx_word' id='word_1_157' title='bbox 744 1645 775 1706; x_wconf 86' lang='lat' dir='ltr'><strong>et</strong></span> <span class='ocrx_word' id='word_1_158' title='bbox 792 1645 936 1726; x_wconf 91' lang='lat' dir='ltr'><strong>quicquid</strong></span> <span class='ocrx_word' id='word_1_159' title='bbox 953 1666 1013 1705; x_wconf 84' lang='lat' dir='ltr'><strong>vos</strong></span> <span class='ocrx_word' id='word_1_160' title='bbox 1025 1644 1068 1704; x_wconf 91' lang='lat' dir='ltr'><strong>ibi</strong></span> <span class='ocrx_word' id='word_1_161' title='bbox 1085 1641 1275 1724; x_wconf 85' lang='lat' dir='ltr'><strong>possideatis,</strong></span> 
     </span>
     <span class='ocr_line' id='line_1_18' title="bbox 113 1727 1308 1816; baseline -0.005 -25"><span class='ocrx_word' id='word_1_162' title='bbox 113 1732 145 1791; x_wconf 93' lang='lat' dir='ltr'><strong>id</strong></span> <span class='ocrx_word' id='word_1_163' title='bbox 163 1752 217 1791; x_wconf 87' lang='lat' dir='ltr'><strong>vos</strong></span> <span class='ocrx_word' id='word_1_164' title='bbox 233 1732 389 1816; x_wconf 86' lang='lat' dir='ltr'><strong>possidere</strong></span> <span class='ocrx_word' id='word_1_165' title='bbox 405 1745 547 1813; x_wconf 82' lang='lat' dir='ltr'><strong>tanquam</strong></span> <span class='ocrx_word' id='word_1_166' title='bbox 564 1734 601 1792; x_wconf 81' lang='lat' dir='ltr'><strong>in</strong></span> <span class='ocrx_word' id='word_1_167' title='bbox 615 1733 711 1793; x_wconf 80' lang='lat' dir='ltr'><strong>aliena</strong></span> <span class='ocrx_word' id='word_1_168' title='bbox 729 1731 844 1792; x_wconf 83' lang='lat' dir='ltr'><strong>ditione</strong></span> <span class='ocrx_word' id='word_1_169' title='bbox 862 1743 995 1812; x_wconf 86' lang='lat' dir='ltr'><strong>partum:</strong></span> <span class='ocrx_word' id='word_1_170' title='bbox 1013 1742 1133 1808; x_wconf 89' lang='lat' dir='ltr'><strong>atquae</strong></span> <span class='ocrx_word' id='word_1_171' title='bbox 1151 1727 1210 1807; x_wconf 91' lang='lat' dir='ltr'><strong>ipsi</strong></span> <span class='ocrx_word' id='word_1_172' title='bbox 1222 1739 1272 1786; x_wconf 89' lang='lat' dir='ltr'><strong>te·</strong></span> <span class='ocrx_word' id='word_1_173' title='bbox 1296 1780 1308 1797; x_wconf 72' lang='grc'><strong>,,</strong></span> 
     </span>
     <span class='ocr_line' id='line_1_19' title="bbox 113 1810 1282 1896; baseline -0.003 -20"><span class='ocrx_word' id='word_1_174' title='bbox 113 1828 215 1888; x_wconf 80' lang='lat' dir='ltr'><strong>neunt,</strong></span> <span class='ocrx_word' id='word_1_175' title='bbox 234 1836 265 1875; x_wconf 92' lang='lat' dir='ltr'><strong>se</strong></span> <span class='ocrx_word' id='word_1_176' title='bbox 284 1827 388 1875; x_wconf 85' lang='lat' dir='ltr'><strong>tenere</strong></span> <span class='ocrx_word' id='word_1_177' title='bbox 405 1829 547 1896; x_wconf 86' lang='lat' dir='ltr'><strong>tanquam</strong></span> <span class='ocrx_word' id='word_1_178' title='bbox 564 1817 703 1878; x_wconf 85' lang='lat' dir='ltr'><strong>fundos</strong></span> <span class='ocrx_word' id='word_1_179' title='bbox 694 1832 726 1875; x_wconf 87' lang='grc' dir='ltr'><strong>ιιι</strong></span> <span class='ocrx_word' id='word_1_180' title='bbox 744 1838 797 1876; x_wconf 85' lang='lat' dir='ltr'><strong>sua</strong></span> <span class='ocrx_word' id='word_1_181' title='bbox 813 1829 927 1875; x_wconf 87' lang='lat' dir='ltr'><strong>terra.</strong></span> <span class='ocrx_word' id='word_1_182' title='bbox 924 1815 971 1874; x_wconf 90' lang='grc' dir='ltr'><strong>Ει</strong></span> <span class='ocrx_word' id='word_1_183' title='bbox 983 1814 1061 1874; x_wconf 84' lang='lat' dir='ltr'><strong>haec</strong></span> <span class='ocrx_word' id='word_1_184' title='bbox 1077 1820 1212 1873; x_wconf 84' lang='lat' dir='ltr'><strong>vestrum</strong></span> <span class='ocrx_word' id='word_1_185' title='bbox 1230 1810 1273 1870; x_wconf 90' lang='lat' dir='ltr'><strong>ci</strong></span> <span class='ocrx_word' id='word_1_186' title='bbox 1257 1850 1282 1873; x_wconf 67' lang='grc'><strong><em>,</em></strong></span> 
     </span>
    </p>

    <p class='ocr_par' dir='ltr' id='par_1_7' title="bbox 72 1896 1273 1983">
     <span class='ocr_line' id='line_1_20' title="bbox 72 1896 1273 1983; baseline -0.006 -22"><span class='ocrx_word' id='word_1_187' title='bbox 72 1939 82 1951; x_wconf 94' lang='grc'>-</span> <span class='ocrx_word' id='word_1_188' title='bbox 113 1920 191 1974; x_wconf 84' lang='lat' dir='ltr'><strong>vem,</strong></span> <span class='ocrx_word' id='word_1_189' title='bbox 207 1896 381 1979; x_wconf 85' lang='lat' dir='ltr'><strong>Callippum</strong></span> <span class='ocrx_word' id='word_1_190' title='bbox 397 1901 621 1983; x_wconf 82' lang='lat' dir='ltr'><strong>Paeaniensem,</strong></span> <span class='ocrx_word' id='word_1_191' title='bbox 639 1901 902 1960; x_wconf 86' lang='lat' dir='ltr'><strong>senatusconsulto</strong></span> <span class='ocrx_word' id='word_1_192' title='bbox 921 1898 1134 1979; x_wconf 84' lang='lat' dir='ltr'><strong>promulgasse.</strong></span> <span class='ocrx_word' id='word_1_193' title='bbox 1157 1900 1192 1956; x_wconf 91' lang='lat' dir='ltr'><strong>ln</strong></span> <span class='ocrx_word' id='word_1_194' title='bbox 1211 1916 1273 1974; x_wconf 93' lang='lat' dir='ltr'><strong>quo</strong></span> 
     </span>
    </p>

    <p class='ocr_par' dir='ltr' id='par_1_8' title="bbox 25 1976 1271 2079">
     <span class='ocr_line' id='line_1_21' title="bbox 25 1976 1271 2079; baseline -0.002 -36"><span class='ocrx_word' id='word_1_195' title='bbox 25 2002 63 2066; x_wconf 23' lang='lat'><strong>&#39;-</strong></span> <span class='ocrx_word' id='word_1_196' title='bbox 113 1983 194 2046; x_wconf 86' lang='lat' dir='ltr'><strong>haud</strong></span> <span class='ocrx_word' id='word_1_197' title='bbox 213 2005 283 2044; x_wconf 89' lang='lat' dir='ltr'><strong>sane</strong></span> <span class='ocrx_word' id='word_1_198' title='bbox 302 1985 503 2046; x_wconf 87' lang='lat' dir='ltr'><strong>mentiuntur:</strong></span> <span class='ocrx_word' id='word_1_199' title='bbox 527 1976 729 2067; x_wconf 84' lang='lat' dir='ltr'><strong>promulgavit</strong></span> <span class='ocrx_word' id='word_1_200' title='bbox 747 1985 834 2044; x_wconf 90' lang='lat' dir='ltr'><strong>enim</strong></span> <span class='ocrx_word' id='word_1_201' title='bbox 858 1986 971 2058; x_wconf 88' lang='lat' dir='ltr'><strong>Quem</strong></span> <span class='ocrx_word' id='word_1_202' title='bbox 990 1996 1083 2063; x_wconf 80' lang='lat' dir='ltr'><strong>quum</strong></span> <span class='ocrx_word' id='word_1_203' title='bbox 1102 1994 1195 2079; x_wconf 80' lang='lat' dir='ltr'><strong>ego</strong></span> <span class='ocrx_word' id='word_1_204' title='bbox 1177 1980 1271 2041; x_wconf 74' lang='lat' dir='ltr'><strong>viole-</strong></span> 
     </span>
    </p>

    <p class='ocr_par' dir='ltr' id='par_1_9' title="bbox 36 2053 1274 2319">
     <span class='ocr_line' id='line_1_22' title="bbox 36 2053 1274 2151; baseline -0.005 -22"><span class='ocrx_word' id='word_1_205' title='bbox 36 2067 42 2076; x_wconf 48' lang='lat'><strong>*</strong></span> <span class='ocrx_word' id='word_1_206' title='bbox 83 2079 90 2093; x_wconf 92' lang='grc'><em>“</em></span> <span class='ocrx_word' id='word_1_207' title='bbox 112 2082 211 2129; x_wconf 88' lang='lat' dir='ltr'><strong>tarum</strong></span> <span class='ocrx_word' id='word_1_208' title='bbox 224 2069 330 2151; x_wconf 84' lang='lat' dir='ltr'><strong>legum</strong></span> <span class='ocrx_word' id='word_1_209' title='bbox 346 2090 432 2129; x_wconf 88' lang='lat' dir='ltr'><strong>reum</strong></span> <span class='ocrx_word' id='word_1_210' title='bbox 450 2071 605 2143; x_wconf 82' lang='lat' dir='ltr'><strong>iecissem,</strong></span> <span class='ocrx_word' id='word_1_211' title='bbox 622 2091 676 2129; x_wconf 84' lang='lat' dir='ltr'><strong>vos</strong></span> <span class='ocrx_word' id='word_1_212' title='bbox 695 2069 871 2134; x_wconf 72' lang='lat' dir='ltr'><strong>absolvistis</strong></span> <span class='ocrx_word' id='word_1_213' title='bbox 906 2068 1039 2128; x_wconf 89' lang='lat' dir='ltr'><strong>Proinde</strong></span> <span class='ocrx_word' id='word_1_214' title='bbox 1057 2067 1088 2127; x_wconf 91' lang='lat' dir='ltr'><strong>id</strong></span> <span class='ocrx_word' id='word_1_215' title='bbox 1107 2053 1228 2137; x_wconf 79' lang='lat' dir='ltr'><strong>effecit,</strong></span> <span class='ocrx_word' id='word_1_216' title='bbox 1237 2077 1274 2124; x_wconf 87' lang='lat' dir='ltr'><strong>ut</strong></span> 
     </span>
     <span class='ocr_line' id='line_1_23' title="bbox 113 2150 1271 2235; baseline -0.005 -21"><span class='ocrx_word' id='word_1_217' title='bbox 113 2175 147 2214; x_wconf 85' lang='lat' dir='ltr'><strong>ea</strong></span> <span class='ocrx_word' id='word_1_218' title='bbox 162 2154 203 2216; x_wconf 90' lang='lat' dir='ltr'><strong>de</strong></span> <span class='ocrx_word' id='word_1_219' title='bbox 220 2154 346 2235; x_wconf 88' lang='lat' dir='ltr'><strong>regione</strong></span> <span class='ocrx_word' id='word_1_220' title='bbox 365 2157 598 2222; x_wconf 82' lang='lat' dir='ltr'><strong>controversiam</strong></span> <span class='ocrx_word' id='word_1_221' title='bbox 616 2154 773 2214; x_wconf 85' lang='lat' dir='ltr'><strong>haberetis.</strong></span> <span class='ocrx_word' id='word_1_222' title='bbox 792 2153 926 2227; x_wconf 75' lang='lat' dir='ltr'><strong>QuOd</strong></span> <span class='ocrx_word' id='word_1_223' title='bbox 902 2175 928 2212; x_wconf 91' lang='grc' dir='ltr'><strong>ιι</strong></span> <span class='ocrx_word' id='word_1_224' title='bbox 945 2153 982 2212; x_wconf 94' lang='lat' dir='ltr'><strong>de</strong></span> <span class='ocrx_word' id='word_1_225' title='bbox 1000 2152 1086 2211; x_wconf 92' lang='lat' dir='ltr'><strong>hoc</strong></span> <span class='ocrx_word' id='word_1_226' title='bbox 1076 2173 1110 2210; x_wconf 90' lang='grc' dir='ltr'><strong>ιιι</strong></span> <span class='ocrx_word' id='word_1_227' title='bbox 1126 2150 1271 2210; x_wconf 86' lang='lat' dir='ltr'><strong>iudicium</strong></span> 
     </span>
     <span class='ocr_line' id='line_1_24' title="bbox 111 2231 1273 2338; baseline -0.005 -39"><span class='ocrx_word' id='word_1_228' title='bbox 111 2237 215 2299; x_wconf 89' lang='lat' dir='ltr'><strong>venire</strong></span> <span class='ocrx_word' id='word_1_229' title='bbox 234 2251 339 2299; x_wconf 86' lang='lat' dir='ltr'><strong>contra</strong></span> <span class='ocrx_word' id='word_1_230' title='bbox 352 2236 515 2300; x_wconf 82' lang='lat' dir='ltr'><strong>Cardianus</strong></span> <span class='ocrx_word' id='word_1_231' title='bbox 533 2261 597 2314; x_wconf 86' lang='lat' dir='ltr'><strong>non</strong></span> <span class='ocrx_word' id='word_1_232' title='bbox 613 2239 750 2338; x_wconf 79' lang='lat' dir='ltr'><strong>pudebit,</strong></span> <span class='ocrx_word' id='word_1_233' title='bbox 767 2231 870 2297; x_wconf 91' lang='lat' dir='ltr'><strong>utrdm</strong></span> <span class='ocrx_word' id='word_1_234' title='bbox 885 2259 919 2297; x_wconf 84' lang='lat' dir='ltr'><strong>ea</strong></span> <span class='ocrx_word' id='word_1_235' title='bbox 935 2238 1020 2319; x_wconf 91' lang='lat' dir='ltr'><strong>regio</strong></span> <span class='ocrx_word' id='word_1_236' title='bbox 1038 2245 1147 2309; x_wconf 85' lang='lat' dir='ltr'><strong>vestra,</strong></span> <span class='ocrx_word' id='word_1_237' title='bbox 1165 2257 1203 2294; x_wconf 83' lang='lat' dir='ltr'><strong>au</strong></span> <span class='ocrx_word' id='word_1_238' title='bbox 1222 2255 1273 2293; x_wconf 87' lang='lat' dir='ltr'><strong>ve</strong></span> 
     </span>
    </p>

    <p class='ocr_par' dir='ltr' id='par_1_10' title="bbox 39 2311 1273 2402">
     <span class='ocr_line' id='line_1_25' title="bbox 39 2311 1273 2402; baseline -0.004 -19"><span class='ocrx_word' id='word_1_239' title='bbox 39 2327 42 2332; x_wconf 89' lang='grc'><strong>’</strong></span> <span class='ocrx_word' id='word_1_240' title='bbox 111 2344 147 2383; x_wconf 88' lang='grc' dir='ltr'><strong>ιο</strong></span> <span class='ocrx_word' id='word_1_241' title='bbox 162 2323 298 2402; x_wconf 89' lang='lat' dir='ltr'><strong>ipsorum</strong></span> <span class='ocrx_word' id='word_1_242' title='bbox 316 2324 368 2383; x_wconf 89' lang='grc' dir='ltr'>ιιι·</span> <span class='ocrx_word' id='word_1_243' title='bbox 388 2346 441 2383; x_wconf 92' lang='lat' dir='ltr'><strong>cur</strong></span> <span class='ocrx_word' id='word_1_244' title='bbox 457 2345 519 2384; x_wconf 86' lang='lat' dir='ltr'><strong>nou</strong></span> <span class='ocrx_word' id='word_1_245' title='bbox 539 2311 646 2384; x_wconf 88' lang='lat' dir='ltr'><strong>eodem</strong></span> <span class='ocrx_word' id='word_1_246' title='bbox 665 2323 754 2382; x_wconf 85' lang='lat' dir='ltr'><strong>etiam</strong></span> <span class='ocrx_word' id='word_1_247' title='bbox 773 2336 876 2382; x_wconf 88' lang='lat' dir='ltr'><strong>contra</strong></span> <span class='ocrx_word' id='word_1_248' title='bbox 891 2319 1118 2381; x_wconf 83' lang='lat' dir='ltr'><strong>Chersonesitas</strong></span> <span class='ocrx_word' id='word_1_249' title='bbox 1136 2320 1273 2398; x_wconf 85' lang='lat' dir='ltr'><strong>reliquos</strong></span> 
     </span>
    </p>

    <p class='ocr_par' dir='ltr' id='par_1_11' title="bbox 8 2399 1301 3592">
     <span class='ocr_line' id='line_1_26' title="bbox 13 2399 1273 2482; baseline -0.005 -15"><span class='ocrx_word' id='word_1_250' title='bbox 13 2436 18 2445; x_wconf 59' lang='grc'><em>’</em></span> <span class='ocrx_word' id='word_1_251' title='bbox 111 2407 178 2467; x_wconf 89' lang='lat' dir='ltr'><strong>iure</strong></span> <span class='ocrx_word' id='word_1_252' title='bbox 203 2407 345 2476; x_wconf 83' lang='lat' dir='ltr'><strong>utimini?</strong></span> <span class='ocrx_word' id='word_1_253' title='bbox 382 2404 464 2482; x_wconf 89' lang='lat' dir='ltr'><strong>Quin</strong></span> <span class='ocrx_word' id='word_1_254' title='bbox 482 2409 558 2469; x_wconf 89' lang='lat' dir='ltr'><strong>adeo</strong></span> <span class='ocrx_word' id='word_1_255' title='bbox 585 2399 805 2469; x_wconf 80' lang='lat' dir='ltr'><strong>contumeliose</strong></span> <span class='ocrx_word' id='word_1_256' title='bbox 824 2403 909 2467; x_wconf 86' lang='lat' dir='ltr'><strong>vobis</strong></span> <span class='ocrx_word' id='word_1_257' title='bbox 933 2407 1067 2478; x_wconf 83' lang='lat' dir='ltr'><strong>insultat,</strong></span> <span class='ocrx_word' id='word_1_258' title='bbox 1085 2417 1120 2465; x_wconf 94' lang='lat' dir='ltr'><strong>ut</strong></span> <span class='ocrx_word' id='word_1_259' title='bbox 1137 2405 1211 2476; x_wconf 89' lang='lat' dir='ltr'><strong>aiat,</strong></span> <span class='ocrx_word' id='word_1_260' title='bbox 1247 2401 1273 2462; x_wconf 90' lang='lat' dir='ltr'><strong>si</strong></span> 
     </span>
     <span class='ocr_line' id='line_1_27' title="bbox 55 2487 1273 2570; baseline -0.005 -18"><span class='ocrx_word' id='word_1_261' title='bbox 55 2496 95 2553; x_wconf 86' lang='lat'><strong>57</strong></span> <span class='ocrx_word' id='word_1_262' title='bbox 115 2489 255 2552; x_wconf 83' lang='lat' dir='ltr'><strong>Cardiani</strong></span> <span class='ocrx_word' id='word_1_263' title='bbox 271 2493 374 2552; x_wconf 88' lang='lat' dir='ltr'><strong>venire</strong></span> <span class='ocrx_word' id='word_1_264' title='bbox 392 2494 423 2551; x_wconf 91' lang='lat' dir='ltr'><strong>in</strong></span> <span class='ocrx_word' id='word_1_265' title='bbox 441 2493 586 2552; x_wconf 89' lang='lat' dir='ltr'><strong>iudicium</strong></span> <span class='ocrx_word' id='word_1_266' title='bbox 603 2504 760 2566; x_wconf 82' lang='lat' dir='ltr'><strong>recusent,</strong></span> <span class='ocrx_word' id='word_1_267' title='bbox 777 2514 818 2552; x_wconf 89' lang='lat' dir='ltr'><strong>se</strong></span> <span class='ocrx_word' id='word_1_268' title='bbox 838 2512 890 2552; x_wconf 90' lang='lat' dir='ltr'><strong>eos</strong></span> <span class='ocrx_word' id='word_1_269' title='bbox 908 2504 1091 2567; x_wconf 57' lang='lat' dir='ltr'><strong>concurrum,</strong></span> <span class='ocrx_word' id='word_1_270' title='bbox 1118 2487 1203 2570; x_wconf 86' lang='lat' dir='ltr'><strong>quasi</strong></span> <span class='ocrx_word' id='word_1_271' title='bbox 1213 2507 1273 2547; x_wconf 85' lang='lat' dir='ltr'><strong>ve</strong></span> 
     </span>
     <span class='ocr_line' id='line_1_28' title="bbox 97 2571 1272 2676; baseline -0.004 -41"><span class='ocrx_word' id='word_1_272' title='bbox 97 2597 146 2636; x_wconf 83' lang='lat' dir='ltr'><strong>¹ro</strong></span> <span class='ocrx_word' id='word_1_273' title='bbox 164 2597 218 2636; x_wconf 84' lang='lat' dir='ltr'><strong>vos</strong></span> <span class='ocrx_word' id='word_1_274' title='bbox 226 2585 276 2634; x_wconf 89' lang='lat' dir='ltr'><strong>ue</strong></span> <span class='ocrx_word' id='word_1_275' title='bbox 295 2571 458 2637; x_wconf 87' lang='lat' dir='ltr'><strong>Cardianos</strong></span> <span class='ocrx_word' id='word_1_276' title='bbox 477 2578 599 2658; x_wconf 88' lang='lat' dir='ltr'><strong>quidem</strong></span> <span class='ocrx_word' id='word_1_277' title='bbox 616 2577 749 2658; x_wconf 86' lang='lat' dir='ltr'><strong>adigere</strong></span> <span class='ocrx_word' id='word_1_278' title='bbox 754 2577 895 2676; x_wconf 90' lang='lat' dir='ltr'><strong>possitis</strong></span> <span class='ocrx_word' id='word_1_279' title='bbox 901 2578 939 2637; x_wconf 88' lang='lat' dir='ltr'><strong>ad</strong></span> <span class='ocrx_word' id='word_1_280' title='bbox 961 2598 995 2637; x_wconf 85' lang='lat' dir='ltr'><strong>ee</strong></span> <span class='ocrx_word' id='word_1_281' title='bbox 1013 2573 1099 2636; x_wconf 83' lang='lat' dir='ltr'><strong>vobis</strong></span> <span class='ocrx_word' id='word_1_282' title='bbox 1116 2583 1272 2654; x_wconf 83' lang='lat' dir='ltr'><strong>praestan</strong></span> 
     </span>
     <span class='ocr_line' id='line_1_29' title="bbox 60 2656 1270 2761; baseline -0.005 -41"><span class='ocrx_word' id='word_1_283' title='bbox 60 2659 63 2665; x_wconf 85' lang='grc'><strong>’</strong></span> <span class='ocrx_word' id='word_1_284' title='bbox 112 2663 165 2733; x_wconf 88' lang='lat' dir='ltr'><strong>da,</strong></span> <span class='ocrx_word' id='word_1_285' title='bbox 184 2682 260 2739; x_wconf 82' lang='lat' dir='ltr'><strong>quae</strong></span> <span class='ocrx_word' id='word_1_286' title='bbox 277 2660 355 2720; x_wconf 82' lang='lat' dir='ltr'><strong>iusta</strong></span> <span class='ocrx_word' id='word_1_287' title='bbox 374 2675 451 2721; x_wconf 80' lang='lat' dir='ltr'><strong>sunt</strong></span> <span class='ocrx_word' id='word_1_288' title='bbox 470 2664 552 2742; x_wconf 91' lang='lat' dir='ltr'><strong>quod</strong></span> <span class='ocrx_word' id='word_1_289' title='bbox 571 2683 664 2742; x_wconf 92' lang='lat' dir='ltr'><strong>quum</strong></span> <span class='ocrx_word' id='word_1_290' title='bbox 682 2682 743 2721; x_wconf 88' lang='lat' dir='ltr'><strong>vos</strong></span> <span class='ocrx_word' id='word_1_291' title='bbox 754 2656 927 2761; x_wconf 79' lang='lat' dir='ltr'><strong>nequeatis,</strong></span> <span class='ocrx_word' id='word_1_292' title='bbox 948 2661 1013 2741; x_wconf 93' lang='lat' dir='ltr'><strong>ipse</strong></span> <span class='ocrx_word' id='word_1_293' title='bbox 1032 2681 1064 2719; x_wconf 90' lang='lat' dir='ltr'><strong>se</strong></span> <span class='ocrx_word' id='word_1_294' title='bbox 1083 2659 1151 2720; x_wconf 90' lang='lat' dir='ltr'><strong>illos</strong></span> <span class='ocrx_word' id='word_1_295' title='bbox 1168 2659 1205 2725; x_wconf 84' lang='lat' dir='ltr'><strong>ad</strong></span> <span class='ocrx_word' id='word_1_296' title='bbox 1224 2657 1270 2715; x_wconf 80' lang='lat' dir='ltr'><strong>sa-</strong></span> 
     </span>
     <span class='ocr_line' id='line_1_30' title="bbox 112 2736 1301 2828; baseline -0.005 -23"><span class='ocrx_word' id='word_1_297' title='bbox 112 2745 253 2805; x_wconf 91' lang='lat' dir='ltr'><strong>ciendum</strong></span> <span class='ocrx_word' id='word_1_298' title='bbox 272 2757 445 2805; x_wconf 85' lang='lat' dir='ltr'><strong>coacturum</strong></span> <span class='ocrx_word' id='word_1_299' title='bbox 464 2747 542 2820; x_wconf 76' lang='lat' dir='ltr'><strong>dicit</strong></span> <span class='ocrx_word' id='word_1_300' title='bbox 561 2748 611 2806; x_wconf 82' lang='lat' dir='ltr'><strong>An</strong></span> <span class='ocrx_word' id='word_1_301' title='bbox 627 2767 690 2806; x_wconf 92' lang='lat' dir='ltr'><strong>non</strong></span> <span class='ocrx_word' id='word_1_302' title='bbox 701 2747 837 2828; x_wconf 83' lang='lat' dir='ltr'><strong>ingentia</strong></span> <span class='ocrx_word' id='word_1_303' title='bbox 849 2746 881 2805; x_wconf 91' lang='grc' dir='ltr'><strong>ιιι</strong></span> <span class='ocrx_word' id='word_1_304' title='bbox 895 2764 949 2807; x_wconf 86' lang='lat' dir='ltr'><strong>vos</strong></span> <span class='ocrx_word' id='word_1_305' title='bbox 969 2744 1115 2806; x_wconf 87' lang='lat' dir='ltr'><strong>beneficia</strong></span> <span class='ocrx_word' id='word_1_306' title='bbox 1134 2736 1301 2811; x_wconf 50' lang='lat' dir='ltr'><strong>conferti*</strong></span> 
     </span>
     <span class='ocr_line' id='line_1_31' title="bbox 110 2827 1292 2929; baseline -0.006 -39"><span class='ocrx_word' id='word_1_307' title='bbox 110 2831 175 2893; x_wconf 86' lang='lat' dir='ltr'><strong>Nec</strong></span> <span class='ocrx_word' id='word_1_308' title='bbox 194 2830 305 2889; x_wconf 88' lang='lat' dir='ltr'><strong>desunt</strong></span> <span class='ocrx_word' id='word_1_309' title='bbox 321 2842 439 2929; x_wconf 80' lang='lat' dir='ltr'><strong>tamen,</strong></span> <span class='ocrx_word' id='word_1_310' title='bbox 467 2854 519 2911; x_wconf 87' lang='lat' dir='ltr'><strong>qur</strong></span> <span class='ocrx_word' id='word_1_311' title='bbox 511 2831 613 2890; x_wconf 89' lang='lat' dir='ltr'><strong>hanc</strong></span> <span class='ocrx_word' id='word_1_312' title='bbox 633 2831 790 2910; x_wconf 87' lang='lat' dir='ltr'><strong>epistolam</strong></span> <span class='ocrx_word' id='word_1_313' title='bbox 809 2832 886 2891; x_wconf 86' lang='lat' dir='ltr'><strong>bene</strong></span> <span class='ocrx_word' id='word_1_314' title='bbox 913 2832 1053 2911; x_wconf 80' lang='lat' dir='ltr'><strong>scriptum</strong></span> <span class='ocrx_word' id='word_1_315' title='bbox 1071 2849 1136 2890; x_wconf 90' lang='lat' dir='ltr'><strong>esse</strong></span> <span class='ocrx_word' id='word_1_316' title='bbox 1154 2827 1275 2886; x_wconf 86' lang='lat' dir='ltr'><strong>dicant·</strong></span> <span class='ocrx_word' id='word_1_317' title='bbox 1289 2902 1292 2907; x_wconf 25' lang='lat'><strong>⁴</strong></span> 
     </span>
     <span class='ocr_line' id='line_1_32' title="bbox 52 2909 1274 2997; baseline -0.002 -27"><span class='ocrx_word' id='word_1_318' title='bbox 52 2949 61 2988; x_wconf 66' lang='lat'>3</span> <span class='ocrx_word' id='word_1_319' title='bbox 112 2936 164 2993; x_wconf 82' lang='lat' dir='ltr'><strong>qur</strong></span> <span class='ocrx_word' id='word_1_320' title='bbox 155 2913 301 2992; x_wconf 89' lang='lat' dir='ltr'><strong>quidem</strong></span> <span class='ocrx_word' id='word_1_321' title='bbox 315 2915 428 2974; x_wconf 87' lang='lat' dir='ltr'><strong>maiore</strong></span> <span class='ocrx_word' id='word_1_322' title='bbox 444 2928 555 2989; x_wconf 85' lang='lat' dir='ltr'><strong>vestro,</strong></span> <span class='ocrx_word' id='word_1_323' title='bbox 573 2915 667 2995; x_wconf 73' lang='lat' dir='ltr'><strong>quiam</strong></span> <span class='ocrx_word' id='word_1_324' title='bbox 675 2915 842 2997; x_wconf 89' lang='lat' dir='ltr'><strong>Philippus,</strong></span> <span class='ocrx_word' id='word_1_325' title='bbox 861 2915 933 2975; x_wconf 93' lang='lat' dir='ltr'><strong>odio</strong></span> <span class='ocrx_word' id='word_1_326' title='bbox 948 2916 1033 2997; x_wconf 79' lang='lat' dir='ltr'><strong>tigni</strong></span> <span class='ocrx_word' id='word_1_327' title='bbox 1050 2927 1127 2975; x_wconf 77' lang='lat' dir='ltr'><strong>sunt.</strong></span> <span class='ocrx_word' id='word_1_328' title='bbox 1145 2915 1173 2971; x_wconf 92' lang='lat' dir='ltr'><strong>Is</strong></span> <span class='ocrx_word' id='word_1_329' title='bbox 1190 2909 1274 2970; x_wconf 87' lang='lat' dir='ltr'><strong>enim</strong></span> 
     </span>
     <span class='ocr_line' id='line_1_33' title="bbox 51 2992 1280 3096; baseline -0.004 -38"><span class='ocrx_word' id='word_1_330' title='bbox 51 3056 58 3068; x_wconf 28' lang='lat' dir='ltr'>x</span> <span class='ocrx_word' id='word_1_331' title='bbox 103 2999 183 3058; x_wconf 89' lang='lat' dir='ltr'><strong>dum</strong></span> <span class='ocrx_word' id='word_1_332' title='bbox 201 2998 312 3058; x_wconf 89' lang='lat' dir='ltr'><strong>vobis</strong></span> <span class='ocrx_word' id='word_1_333' title='bbox 302 3021 335 3058; x_wconf 91' lang='lat' dir='ltr'><strong>m</strong></span> <span class='ocrx_word' id='word_1_334' title='bbox 348 3001 439 3062; x_wconf 89' lang='lat' dir='ltr'><strong>rebus</strong></span> <span class='ocrx_word' id='word_1_335' title='bbox 458 3000 597 3060; x_wconf 89' lang='lat' dir='ltr'><strong>omnibus</strong></span> <span class='ocrx_word' id='word_1_336' title='bbox 616 3002 798 3073; x_wconf 70' lang='lat' dir='ltr'><strong>adversatur,</strong></span> <span class='ocrx_word' id='word_1_337' title='bbox 817 3000 899 3059; x_wconf 89' lang='lat' dir='ltr'><strong>sibi</strong></span> <span class='ocrx_word' id='word_1_338' title='bbox 890 3023 948 3096; x_wconf 78' lang='lat' dir='ltr'><strong>rpsi</strong></span> <span class='ocrx_word' id='word_1_339' title='bbox 938 3000 1087 3082; x_wconf 86' lang='lat' dir='ltr'><strong>gloriam</strong></span> <span class='ocrx_word' id='word_1_340' title='bbox 1103 3011 1134 3058; x_wconf 96' lang='lat' dir='ltr'><strong>et</strong></span> <span class='ocrx_word' id='word_1_341' title='bbox 1148 2992 1280 3077; x_wconf 76' lang='lat' dir='ltr'><strong>magnas</strong></span> 
     </span>
     <span class='ocr_line' id='line_1_34' title="bbox 111 3079 1275 3165; baseline -0.004 -22"><span class='ocrx_word' id='word_1_342' title='bbox 111 3104 184 3163; x_wconf 90' lang='lat' dir='ltr'><strong>opes</strong></span> <span class='ocrx_word' id='word_1_343' title='bbox 203 3082 337 3163; x_wconf 86' lang='lat' dir='ltr'><strong>acquirit</strong></span> <span class='ocrx_word' id='word_1_344' title='bbox 373 3083 615 3164; x_wconf 69' lang='lat' dir='ltr'><strong>etquicunque,</strong></span> <span class='ocrx_word' id='word_1_345' title='bbox 636 3084 840 3147; x_wconf 87' lang='lat' dir='ltr'><strong>Athenienses</strong></span> <span class='ocrx_word' id='word_1_346' title='bbox 859 3091 953 3165; x_wconf 91' lang='lat' dir='ltr'><strong>quum</strong></span> <span class='ocrx_word' id='word_1_347' title='bbox 970 3085 1040 3158; x_wconf 86' lang='lat' dir='ltr'><strong>sint,</strong></span> <span class='ocrx_word' id='word_1_348' title='bbox 1058 3079 1275 3143; x_wconf 83' lang='lat' dir='ltr'><strong>benevolentia</strong></span> 
     </span>
     <span class='ocr_line' id='line_1_35' title="bbox 109 3167 1284 3251; baseline -0.002 -26"><span class='ocrx_word' id='word_1_349' title='bbox 109 3167 299 3249; x_wconf 89' lang='lat' dir='ltr'><strong>Philippum,</strong></span> <span class='ocrx_word' id='word_1_350' title='bbox 317 3191 392 3229; x_wconf 90' lang='lat' dir='ltr'><strong>non</strong></span> <span class='ocrx_word' id='word_1_351' title='bbox 393 3171 522 3250; x_wconf 84' lang='lat' dir='ltr'><strong>patriam</strong></span> <span class='ocrx_word' id='word_1_352' title='bbox 540 3183 783 3251; x_wconf 90' lang='lat' dir='ltr'><strong>prosequuntur,</strong></span> <span class='ocrx_word' id='word_1_353' title='bbox 802 3171 849 3244; x_wconf 90' lang='lat' dir='ltr'><strong>hi,</strong></span> <span class='ocrx_word' id='word_1_354' title='bbox 866 3183 902 3230; x_wconf 89' lang='lat' dir='ltr'><strong>ut</strong></span> <span class='ocrx_word' id='word_1_355' title='bbox 920 3191 1025 3229; x_wconf 88' lang='lat' dir='ltr'><strong>eorum</strong></span> <span class='ocrx_word' id='word_1_356' title='bbox 1042 3168 1155 3228; x_wconf 85' lang='lat' dir='ltr'><strong>malitia</strong></span> <span class='ocrx_word' id='word_1_357' title='bbox 1173 3185 1273 3225; x_wconf 87' lang='lat' dir='ltr'><strong>mere-</strong></span> <span class='ocrx_word' id='word_1_358' title='bbox 1281 3201 1284 3205; x_wconf 89' lang='lat'><em>-</em></span> 
     </span>
     <span class='ocr_line' id='line_1_36' title="bbox 8 3242 1273 3335; baseline -0.004 -23"><span class='ocrx_word' id='word_1_359' title='bbox 8 3271 12 3274; x_wconf 89' lang='grc'><strong><em>·</em></strong></span> <span class='ocrx_word' id='word_1_360' title='bbox 109 3263 169 3325; x_wconf 88' lang='lat' dir='ltr'><strong>tur,</strong></span> <span class='ocrx_word' id='word_1_361' title='bbox 188 3275 204 3310; x_wconf 93' lang='lat' dir='ltr'><strong>a</strong></span> <span class='ocrx_word' id='word_1_362' title='bbox 221 3253 308 3313; x_wconf 89' lang='lat' dir='ltr'><strong>vobis</strong></span> <span class='ocrx_word' id='word_1_363' title='bbox 326 3254 402 3314; x_wconf 90' lang='lat' dir='ltr'><strong>male</strong></span> <span class='ocrx_word' id='word_1_364' title='bbox 414 3252 506 3335; x_wconf 91' lang='lat' dir='ltr'><strong>perdi</strong></span> <span class='ocrx_word' id='word_1_365' title='bbox 524 3255 651 3315; x_wconf 89' lang='lat' dir='ltr'><strong>debent·</strong></span> <span class='ocrx_word' id='word_1_366' title='bbox 675 3279 700 3316; x_wconf 90' lang='grc' dir='ltr'><strong>ιι</strong></span> <span class='ocrx_word' id='word_1_367' title='bbox 691 3256 810 3315; x_wconf 88' lang='lat' dir='ltr'><strong>modo</strong></span> <span class='ocrx_word' id='word_1_368' title='bbox 829 3277 882 3316; x_wconf 89' lang='lat' dir='ltr'><strong>vos</strong></span> <span class='ocrx_word' id='word_1_369' title='bbox 901 3242 1087 3314; x_wconf 89' lang='lat' dir='ltr'><strong>cerebrum</strong></span> <span class='ocrx_word' id='word_1_370' title='bbox 1074 3275 1107 3312; x_wconf 91' lang='grc' dir='ltr'><strong>ιιι</strong></span> <span class='ocrx_word' id='word_1_371' title='bbox 1124 3249 1273 3335; x_wconf 82' lang='lat' dir='ltr'><strong>tempori-</strong></span> 
     </span>
     <span class='ocr_line' id='line_1_37' title="bbox 111 3324 1273 3423; baseline -0.003 -28"><span class='ocrx_word' id='word_1_372' title='bbox 111 3336 178 3409; x_wconf 90' lang='lat' dir='ltr'><strong>bus,</strong></span> <span class='ocrx_word' id='word_1_373' title='bbox 198 3349 228 3396; x_wconf 88' lang='lat' dir='ltr'><strong>et</strong></span> <span class='ocrx_word' id='word_1_374' title='bbox 245 3359 308 3397; x_wconf 92' lang='lat' dir='ltr'><strong>non</strong></span> <span class='ocrx_word' id='word_1_375' title='bbox 325 3340 357 3398; x_wconf 92' lang='lat' dir='ltr'><strong>in</strong></span> <span class='ocrx_word' id='word_1_376' title='bbox 377 3332 505 3400; x_wconf 88' lang='lat' dir='ltr'><strong>calcibus</strong></span> <span class='ocrx_word' id='word_1_377' title='bbox 520 3340 734 3402; x_wconf 88' lang='lat' dir='ltr'><strong>conculcatum</strong></span> <span class='ocrx_word' id='word_1_378' title='bbox 751 3341 863 3423; x_wconf 89' lang='lat' dir='ltr'><strong>geritis.</strong></span> <span class='ocrx_word' id='word_1_379' title='bbox 895 3324 1062 3419; x_wconf 74' lang='lat' dir='ltr'><strong>Reliquum</strong></span> <span class='ocrx_word' id='word_1_380' title='bbox 1079 3337 1178 3398; x_wconf 92' lang='lat' dir='ltr'><strong>adhuc</strong></span> <span class='ocrx_word' id='word_1_381' title='bbox 1195 3333 1273 3394; x_wconf 90' lang='lat' dir='ltr'><strong>milri</strong></span> 
     </span>
     <span class='ocr_line' id='line_1_38' title="bbox 63 3424 1272 3506; baseline -0.004 -23"><span class='ocrx_word' id='word_1_382' title='bbox 63 3424 65 3430; x_wconf 68' lang='lat'>&#39;</span> <span class='ocrx_word' id='word_1_383' title='bbox 110 3435 166 3495; x_wconf 90' lang='lat' dir='ltr'><strong>est,</strong></span> <span class='ocrx_word' id='word_1_384' title='bbox 183 3433 219 3481; x_wconf 90' lang='lat' dir='ltr'><strong>ut</strong></span> <span class='ocrx_word' id='word_1_385' title='bbox 233 3424 312 3484; x_wconf 86' lang='lat' dir='ltr'><strong>etad</strong></span> <span class='ocrx_word' id='word_1_386' title='bbox 328 3425 531 3504; x_wconf 84' lang='lat' dir='ltr'><strong>praeclaram&#39;</strong></span> <span class='ocrx_word' id='word_1_387' title='bbox 523 3438 609 3486; x_wconf 76' lang='lat' dir='ltr'><strong>istam</strong></span> <span class='ocrx_word' id='word_1_388' title='bbox 624 3425 791 3506; x_wconf 83' lang='lat' dir='ltr'><strong>epistolam,</strong></span> <span class='ocrx_word' id='word_1_389' title='bbox 810 3438 841 3486; x_wconf 92' lang='lat' dir='ltr'><strong>et</strong></span> <span class='ocrx_word' id='word_1_390' title='bbox 853 3426 934 3486; x_wconf 83' lang='lat' dir='ltr'><strong>dicta</strong></span> <span class='ocrx_word' id='word_1_391' title='bbox 946 3426 1124 3506; x_wconf 88' lang='lat' dir='ltr'><strong>legatorum,</strong></span> <span class='ocrx_word' id='word_1_392' title='bbox 1141 3440 1272 3500; x_wconf 81' lang='lat' dir='ltr'><strong>respon-</strong></span> 
     </span>
     <span class='ocr_line' id='line_1_39' title="bbox 110 3506 1271 3592; baseline -0.003 -26"><span class='ocrx_word' id='word_1_393' title='bbox 110 3529 177 3566; x_wconf 87' lang='lat' dir='ltr'><strong>sum</strong></span> <span class='ocrx_word' id='word_1_394' title='bbox 191 3507 333 3586; x_wconf 76' lang='lat' dir='ltr'><strong>scribam,</strong></span> <span class='ocrx_word' id='word_1_395' title='bbox 351 3512 434 3592; x_wconf 93' lang='lat' dir='ltr'><strong>quod</strong></span> <span class='ocrx_word' id='word_1_396' title='bbox 451 3524 481 3571; x_wconf 89' lang='lat' dir='ltr'><strong>et</strong></span> <span class='ocrx_word' id='word_1_397' title='bbox 495 3517 625 3590; x_wconf 88' lang='lat' dir='ltr'><strong>aequum</strong></span> <span class='ocrx_word' id='word_1_398' title='bbox 644 3532 720 3585; x_wconf 87' lang='lat' dir='ltr'><strong>esse,</strong></span> <span class='ocrx_word' id='word_1_399' title='bbox 739 3523 769 3571; x_wconf 88' lang='lat' dir='ltr'><strong>et</strong></span> <span class='ocrx_word' id='word_1_400' title='bbox 781 3510 868 3572; x_wconf 88' lang='lat' dir='ltr'><strong>vobis</strong></span> <span class='ocrx_word' id='word_1_401' title='bbox 883 3511 1078 3592; x_wconf 79' lang='lat' dir='ltr'><strong>profuturum</strong></span> <span class='ocrx_word' id='word_1_402' title='bbox 1096 3506 1271 3567; x_wconf 66' lang='lat' dir='ltr'><strong>existimem.</strong></span> 
     </span>
    </p>
   </div>
   <div class='ocr_carea' id='block_1_3' title="bbox 583 3628 619 3669">
    <p class='ocr_par' dir='ltr' id='par_1_12' title="bbox 583 3628 619 3669">
     <span class='ocr_line' id='line_1_40' title="bbox 583 3628 619 3669; baseline 0 -14"><span class='ocrx_word' id='word_1_403' title='bbox 583 3664 584 3669; x_wconf 19' lang='grc'>1</span> <span class='ocrx_word' id='word_1_404' title='bbox 609 3628 619 3655; x_wconf 64' lang='grc' dir='ltr'><strong>ι</strong></span> 
     </span>
    </p>
   </div>
   <div class='ocr_carea' id='block_1_4' title="bbox 153 3783 1256 3939">
    <p class='ocr_par' dir='ltr' id='par_1_13' title="bbox 153 3783 1256 3939">
     <span class='ocr_line' id='line_1_41' title="bbox 153 3783 1256 3939; baseline 0 -38"><span class='ocrx_word' id='word_1_405' title='bbox 153 3783 1256 3939; x_wconf 80' lang='grc' dir='ltr'>οιιιιιοιιιι.ιιιιιιιόιιιίο.’</span> 
     </span>
    </p>
   </div>
   <div class='ocr_carea' id='block_1_5' title="bbox 210 4075 1123 4205">
    <p class='ocr_par' dir='ltr' id='par_1_14' title="bbox 210 4075 1123 4205">
     <span class='ocr_line' id='line_1_42' title="bbox 210 4075 1123 4205; baseline -0.001 -26.951"><span class='ocrx_word' id='word_1_406' title='bbox 210 4075 1123 4205; x_wconf 72' lang='grc' dir='ltr'>ιιιιιιιιιιιιιιιιιιιιιιιιι</span> 
     </span>
    </p>
   </div>
   <div class='ocr_carea' id='block_1_6' title="bbox 13 4231 1274 4427">
    <p class='ocr_par' dir='ltr' id='par_1_15' title="bbox 13 4231 1274 4426">
     <span class='ocr_line' id='line_1_43' title="bbox 13 4231 1272 4344; baseline -0.001 -25"><span class='ocrx_word' id='word_1_407' title='bbox 13 4266 16 4275; x_wconf 88' lang='grc'><strong>“</strong></span> <span class='ocrx_word' id='word_1_408' title='bbox 50 4281 54 4288; x_wconf 92' lang='grc'><em>·</em></span> <span class='ocrx_word' id='word_1_409' title='bbox 87 4231 94 4278; x_wconf 21' lang='grc' dir='ltr'>ἶ</span> <span class='ocrx_word' id='word_1_410' title='bbox 107 4233 181 4340; x_wconf 79' lang='lat' dir='ltr'><strong>Hac</strong></span> <span class='ocrx_word' id='word_1_411' title='bbox 198 4262 316 4325; x_wconf 86' lang='lat' dir='ltr'><strong>ratione</strong></span> <span class='ocrx_word' id='word_1_412' title='bbox 334 4247 494 4344; x_wconf 87' lang='lat' dir='ltr'><strong>Diopithes</strong></span> <span class='ocrx_word' id='word_1_413' title='bbox 513 4261 696 4336; x_wconf 83' lang='lat' dir='ltr'><strong>defenditur,</strong></span> <span class='ocrx_word' id='word_1_414' title='bbox 715 4275 746 4322; x_wconf 86' lang='lat' dir='ltr'><strong>et</strong></span> <span class='ocrx_word' id='word_1_415' title='bbox 763 4261 887 4323; x_wconf 86' lang='lat' dir='ltr'><strong>crimina</strong></span> <span class='ocrx_word' id='word_1_416' title='bbox 905 4262 950 4322; x_wconf 92' lang='lat' dir='ltr'><strong>illi</strong></span> <span class='ocrx_word' id='word_1_417' title='bbox 968 4262 1048 4342; x_wconf 89' lang='lat' dir='ltr'><strong>apud</strong></span> <span class='ocrx_word' id='word_1_418' title='bbox 1066 4259 1272 4321; x_wconf 81' lang='lat' dir='ltr'><strong>Athenienses</strong></span> 
     </span>
     <span class='ocr_line' id='line_1_44' title="bbox 108 4342 1274 4427; baseline -0.004 -21"><span class='ocrx_word' id='word_1_419' title='bbox 108 4348 228 4427; x_wconf 80' lang='lat' dir='ltr'><strong>obiecta</strong></span> <span class='ocrx_word' id='word_1_420' title='bbox 244 4348 409 4415; x_wconf 86' lang='lat' dir='ltr'><strong>diluuntur</strong></span> <span class='ocrx_word' id='word_1_421' title='bbox 420 4348 505 4411; x_wconf 86' lang='lat' dir='ltr'><strong>Fuit</strong></span> <span class='ocrx_word' id='word_1_422' title='bbox 509 4346 593 4418; x_wconf 80' lang='lat' dir='ltr'><strong>enim</strong></span> <span class='ocrx_word' id='word_1_423' title='bbox 608 4346 736 4424; x_wconf 77' lang='lat' dir='ltr'><strong>Thracia</strong></span> <span class='ocrx_word' id='word_1_424' title='bbox 746 4342 958 4417; x_wconf 83' lang='lat' dir='ltr'><strong>Chersonesus</strong></span> <span class='ocrx_word' id='word_1_425' title='bbox 976 4346 1100 4426; x_wconf 85' lang='lat' dir='ltr'><strong>antiqua</strong></span> <span class='ocrx_word' id='word_1_426' title='bbox 1116 4344 1274 4426; x_wconf 79' lang='lat' dir='ltr'><strong>possessio</strong></span> 
     </span>
    </p>
   </div>
   <div class='ocr_carea' id='block_1_7' title="bbox 0 0 1366 4754">
    <p class='ocr_par' dir='ltr' id='par_1_16' title="bbox 0 0 1366 4754">
     <span class='ocr_line' id='line_1_45' title="bbox 0 0 1366 4754; baseline 0 2"><span class='ocrx_word' id='word_1_427' title='bbox 0 0 1366 4754; x_wconf 95' lang='lat' dir='ltr'><strong> </strong></span> 
     </span>
    </p>
   </div>
  </div>
 </body>
</html>
