2722 4754
21 153 73 276 J,
130 198 177 257 ιι
252 270 301 284 ἧι
386 277 393 282 η
448 267 450 272 .
526 141 951 289 ιιιιιιοιιιιιιιιιι
991 146 1018 240 ι’
1111 245 1117 254 ,

131 333 189 411 hus
206 346 392 430 anticipatis,
417 345 562 427 pleraque
576 348 733 426 perlicere
750 344 941 428 Philippum:
968 358 1000 407 et
1023 328 1187 429 expectatis
1203 327 1304 404 lithe-

131 436 184 510 siis
200 430 264 496 ‘aut
280 434 412 505 hieme,
423 431 538 495 bellum
555 433 697 514 aggredi,
717 452 785 511 curn
803 453 861 494 nos
870 432 951 493 illuc
969 432 1134 511 pervenires
1147 452 1211 490 nou
1229 445 1305 511 pos,-

131 534 242 584 sumu's.
285 517 369 578 His
360 529 462 597 rtaquc
489 516 705 592 consideratis,
728 539 792 577 non
809 517 975 578 mittendo
985 518 1187 581 tumultuario
1203 514 1308 576 milite

130 605 234 671 vobis
237 601 412 664 bellandum
431 613 478 664 est
493 601 726 688 (negligemus
718 603 799 664 enim
818 623 923 662 omues
949 599 1155 685 occasiones),
1182 600 1264 660 sed
1254 621 1304 658 ιιι-
1309 592 1316 601 ’

125 689 301 752 structione
312 699 466 768 perpetua
484 700 575 767 atquc
591 681 736 752 exercitu
770 686 888 747 Licebit
906 698 1006 747 autern
1024 687 1111 747 vobis
1129 685 1253 758 Lemni,
1273 695 1305 743 et

131 763 240 846 Thasi,
258 785 290 833 et
307 770 446 845 Sciathi,
456 784 488 832 et
506 773 539 832 in
556 771 622 833 aliis
641 772 722 834 illius
740 772 800 832 loci
818 770 925 832 insulis
949 771 1110 831 hibernare
1130 794 1201 856 curn
1217 790 1304 829 exer-

41 930 46 941 Ι
132 861 210 922 citu:
227 856 387 938 inquibus
403 869 436 917 et
444 866 587 941 portus,
584 870 615 918 et
627 858 824 930 frumentum,
843 869 875 918 et
888 856 999 930 omnia,
1017 876 1093 936 quae
1107 846 1238 936 requirit
1252 873 1305 914 ex-

117 944 265 1017 stritus,
282 954 391 1023 parata
402 953 480 1001 sunt
497 933 588 1002 An'ni
600 956 701 1004 autern
720 935 872 1022 tempus,
874 964 944 1004 cum
963 954 995 1001 et
1013 941 1164 1022 appellere
1183 941 1228 1002 ad
1238 952 1303 1000 ter-

104 1072 106 1079 ,
132 1051 197 1091 ram
213 1028 332 1101 facile,
339 1039 371 1088 ct
387 1047 406 1087 a
420 1027 518 1089 ventis
533 1027 627 1091 iuxta·
644 1029 753 1108 ipsam
761 1049 779 1087 r
818 1027 920 1086 ionem
944 1039 975 1086 et
992 1039 1179 1087 mercatuum
1205 1011 1307 1084 aditus

132 1113 323 1176 versantibus
342 1111 419 1176 nihil
436 1111 570 1191 periculi
583 1124 645 1186 est,
662 1113 793 1188 bauddi
829 1111 938 1171 culter
942 1109 1126 1194 intelligetis
1150 1109 1305 1187 Quemad-

64 1224 76 1261 Α
134 1185 288 1260 modum
278 1197 388 1280 igitur,
405 1210 437 1257 et
454 1199 577 1276 quarmo
595 1199 744 1258 utendum
761 1197 802 1257 sit
819 1197 973 1257 exercitu:
993 1196 1092 1276 ipsum
1110 1209 1229 1276 tempus
1249 1195 1307 1253 do·

43 1334 46 1341 .
135 1268 217 1346 cebit
235 1303 316 1356 eum,
328 1282 365 1344 in
379 1303 470 1362 quem
488 1303 553 1342 vos
557 1281 678 1363 imperii
695 1281 906 1343 auctoritatem
923 1279 1122 1343 contuleritis
1147 1283 1233 1356 (June
1252 1300 1305 1337 au

28 1389 29 1392 ’
77 1449 79 1455 Ι
133 1379 199 1431 'tem
216 1391 233 1430 a
250 1367 339 1428 ‘vobis
357 1365 502 1447 praestari
521 1366 662 1466 debcant,
679 1367 754 1428 hacc
770 1378 844 1426 sunt
862 1386 945 1466 quae
958 1386 1015 1449 ego
1034 1366 1148 1446 scripsi
1167 1363 1305 1440 Quod
1280 1384 1307 1422 ιι

130 1455 224 1537 hanc,
233 1450 450 1526 Athenienses,
467 1452 633 1532 pecuniam
643 1451 885 1552 comparaveritis
900 1451 1030 1551 primurn
1047 1472 1136 1531 quarn
1151 1451 1235 1511 dico:
1253 1449 1306 1507 de'-
1339 1516 1340 1523 Ρ

135 1539 208 1600 inde
227 1551 358 1599 caetera
355 1537 465 1598 etiam
478 1535 579 1597 omnia
596 1537 731 1618 perfecte
757 1536 978 1611 instruxeritis,
1004 1537 1134 1609 milites,
1157 1534 1307 1611 triremes,

137 1623 270 1705 equites:
297 1642 465 1722 omnesque
477 1623 597 1702 copias
604 1623 672 1706 lege
686 1622 935 1697 obstrinxeritis,
953 1634 990 1684 ut
1006 1621 1089 1683 bello
1114 1620 1309 1685 continenter

137 1708 360 1782 incumbant,
350 1709 471 1788 speique
488 1727 554 1769 ros
561 1708 709 1805 pecupiae
719 1718 904 1789 quaestores
922 1721 959 1767 et
970 1707 1176 1788 praebitores,
1188 1704 1259 1764 ·'ab
1250 1726 1307 1762 rm-

55 1845 64 1853 ,
136 1805 277 1876 peratore
295 1804 570 1875 rerumgestarum
593 1790 922 1873 ratibnesrequirotis:
942 1793 1055 1852 iisdem
1072 1793 1112 1851 de
1130 1785 1307 1851 rebussme

61 1925 64 1929 J
135 1878 203 1939 ullo
227 1897 386 1937 successu
383 1877 563 1967 deliberare
590 1891 740 1962 perpetuo
766 1877 938 1939 desinetis
952 1876 1083 1938 Accedit
1107 1876 1184 1936 illud
1208 1874 1308 1946 etiam,

137 1961 357 2024 Athenienses:
379 1963 507 2023 maxima
500 1960 570 2024 illi
588 1963 819 2025 emolumenta
808 1962 1034 2044 mtercipietis.··
1059 1962 1102 2022 E'a
1121 1959 1311 2042 quaesunt?

62 2075 65 2088 ι
138 2040 168 2108 A
180 2047 296 2109 nostris
312 2047 403 2108 sociis
423 2059 540 2108 extorta
556 2049 685 2128 pecunia
702 2069 760 2109 uos
773 2061 942 2149 oppugnat,
956 2047 1082 2107 navibus
1095 2046 1248 2107 hostiliter
1261 2042 1308 2103 di-

138 2132 294 2214 ripiendis
320 2131 405 2215 Quid
421 2133 599 2213 praeterea?
624 2136 691 2198 Vos
707 2133 799 2197 illud
803 2133 887 2193 eritis
905 2133 1077 2206 consecuti,
1094 2143 1130 2191 ut
1146 2128 1234 2193 vobis
1252 2148 1309 2190 no·
1295 2168 1314 2185 -,
1345 2153 1351 2163 ·

55 2251 75 2275 ,x
107 2247 110 2253 ¹
139 2218 203 2279 ceri
220 2239 284 2277 non
302 2217 412 2298 possit
430 2236 494 2277 non
512 2238 546 2278 ea
563 2219 656 2293 fient,
666 2239 744 2298 quac
761 2218 913 2299 superiori
930 2225 1098 2298 ternpore,
1104 2239 1184 2289 cum,
1202 2216 1234 2274 ln
1251 2215 1309 2274 Le-

140 2324 245 2363 mnum
259 2312 290 2363 et
301 2303 433 2361 Imbrum
446 2303 544 2362 lacta
534 2304 746 2383 impressione,
759 2315 877 2363 vestros
889 2303 969 2362 cives
982 2302 1116 2382 captivos
1127 2299 1266 2360 abduxit:
1279 2310 1311 2359 et

83 2397 122 2450 33
142 2388 180 2447 ad
190 2388 370 2447 Geraestum
384 2386 611 2467 comprehensis
621 2388 748 2448 navibus
756 2387 935 2448 immensam
948 2388 1107 2467 pecuniam
1122 2386 1309 2468 coegitt¹po-

38 2500 42 2506 ·
120 2512 121 2516 1
141 2486 255 2534 stremo
268 2471 300 2531 in
310 2471 520 2532 Marathonem
536 2473 699 2547 asscendit,
716 2485 748 2533 et
760 2469 840 2532 sacra
853 2471 1112 2531 triremissenos‘tra
1128 2471 1244 2529 ditione
1257 2469 1310 2529 ab·

115 2561 247 2660 ‘repta
252 2555 342 2616 abiit:
359 2576 424 2616 vos
432 2568 539 2616 autem.
552 2577 664 2636 neque
671 2557 746 2617 haec
763 2555 930 2636 prohibere
948 2556 1101 2636 potuistis,
1112 2576 1219 2654 neque
1236 2575 1310 2617 con

141 2642 256 2703 stitutis
266 2663 282 2702 a
292 2641 379 2703 vobis
390 2639 579 2735 temporibus
592 2641 741 2722 opitulari.
756 2645 871 2700 Verum
882 2663 937 2708 cur
946 2641 1067 2700 tandem
1078 2641 1199 2727 putatis,
1212 2638 1310 2698 Athe-

140 2727 279 2800 nienses,
287 2723 682 2799 Panathenaeorumlerias,
692 2725 973 2812 etBacchanalium,
987 2746 1112 2805 semper
1117 2723 1313 2785 convenienti
1344 2754 1351 2762 ·

69 2845 71 2849 >
142 2826 280 2912 tempore
298 2812 464 2885 fieri,s1ve
476 2812 581 2893 peritis
600 2811 707 2872 harum
723 2824 922 2891 utrarumque
941 2810 1056 2870 curatio
1074 2823 1157 2870 sorte
1176 2810 1311 2871 obvene-

142 2896 200 2970 rit,
228 2896 292 2956 sive
310 2896 479 2977 imperitis:-
500 2897 533 2959 in
551 2918 624 2977 quas
641 2903 743 2958 tantos
759 2909 898 2978 sumptus
916 2896 1043 2970 facitis,
1055 2907 1185 2975 quantos
1203 2913 1261 2953 nec
1280 2892 1315 2952 in'

133 2985 235 3043 ”uuam
254 2981 397 3042 classem:
426 2995 457 3042 et
471 2994 587 3043 tantam
613 2982 732 3043 turbam
750 2982 917 3056 adhibetis,
944 2995 977 3044 et
992 2992 1110 3041 tantum
1126 2990 1313 3059 apparatum,

76 3082 86 3090 ”
143 3077 291 3147 quantum
305 3064 389 3126 haud
407 3065 470 3126 scio
488 3089 527 3131 an
544 3065 624 3127 ullus
651 3067 787 3135 omniurn
806 3067 928 3127 habeat:
955 3066 1063 3127 classes
1087 3077 1188 3125 autern
1207 3083 1315 3124 omnes
1341 3059 1351 3072 '

109 3209 114 3222 s
143 3163 257 3221 vestras
276 3151 486 3211 occasionibus
497 3152 631 3212 demum
638 3152 754 3212 amissis
769 3152 892 3212 venire?
920 3151 972 3212 illa
985 3151 1173 3251 Methpnem,
1192 3148 1242 3208 illa
1255 3148 1313 3207 Pa

143 3256 238 3320 gasas,
256 3234 307 3296 illa
319 3235 494 3300 Potidacam
512 3237 619 3325 missa?
638 3238 722 3317 quod
733 3237 785 3297 illa
798 3236 901 3297 omnia
919 3234 987 3337 lege
1001 3235 1114 3296 sancita
1130 3248 1161 3295 et
1176 3234 1313 3294 ordinata

31 3322 80 3403 ,ι’
144 3333 225 3394 sunt,
240 3333 276 3384 et
291 3321 423 3401 quisque
439 3314 582 3382 restrum
585 3322 688 3404 multo
706 3333 777 3382 ante
794 3322 903 3397 novit,
909 3321 1005 3402 quis
994 3321 1106 3382 aedilis
1116 3331 1170 3380 aut
1186 3338 1313 3421 gymna-

101 3478 102 3488 Ρ
145 3404 279 3468 siarchus
297 3426 368 3466 suae
386 3405 495 3480 tribus,
514 3408 637 3490 quando
653 3398 692 3466 et
697 3429 713 3467 ι
728 3427 790 3487 quo
809 3420 841 3467 et
855 3407 929 3487 quid
950 3396 1159 3488 accipiendum
1179 3405 1314 3484 quidque

143 3490 316 3552 laciendum
326 3492 386 3551 sit
404 3490 504 3550 Nihil
507 3512 571 3552 non
590 3491 798 3572 exquisitum,
796 3492 890 3552 nibil
896 3511 960 3551 non
978 3490 1147 3570 definitum,
1165 3489 1243 3549 nihil
1262 3489 1315 3547 de-

33 3656 38 3664 „
144 3575 240 3656 nique
257 3574 431 3658 neglectum
450 3587 515 3636 ιιι
536 3571 571 3643 ln
588 3577 679 3637 rebus
698 3589 799 3637 autem
829 3576 960 3639 bellicis
970 3576 1003 3636 et
1020 3574 1093 3637 belli
1119 3573 1315 3655 apparatione

52 3660 54 3666 ’
145 3660 326 3734 inordinata,
342 3660 529 3748 indefinita,
520 3662 720 3761 rncontposita
734 3661 843 3722 omnia
861 3662 1056 3742 Quapropter
1068 3659 1248 3738 simulatque
1260 3678 1315 3716 an-

30 3806 34 3816 ,
144 3744 277 3806 divimus
294 3744 424 3827 aliquid:
443 3759 475 3805 et
491 3744 660 3815 triremium
677 3737 847 3827 praefectos
865 3745 1096 3819 constituimus,
1114 3756 1146 3804 et
1162 3742 1243 3803 inter
1262 3762 1315 3802 eos

60 3880 62 3884 ,
144 3824 384 3931 permutationes
404 3853 496 3912 opum
519 3831 723 3910 instituimus,
748 3844 781 3892 et
798 3832 836 3892 de
853 3831 1002 3911 parandae
1026 3828 1172 3911 'pecuniae
1195 3826 1315 3887 ratione

146 3914 356 3976 deliberamus
374 3916 484 3977 Postea
502 3917 687 3991 decernitur,
703 3929 740 3977 ut
757 3914 900 3997 inquilini
919 3914 1135 3987 conscendant,
1153 3925 1185 3973 et
1197 3895 1316 3973 liberti-

36 4050 40 4054 .
144 3999 189 4075 ni,
206 3999 260 4081 qui
273 4019 357 4061 suam
375 4002 461 4083 ipsi
448 4022 514 4062 rem
529 4001 708 4062 familiarem
725 3999 942 4061 administrant
958 3998 1089 4071 Deinde,
1106 4011 1143 4061 ut
1157 3998 1236 4057 cives
1255 3997 1317 4057 illis

43 4091 44 4095 ’
147 4084 258 4146 iterum
270 4087 444 4153 succedant
463 4086 540 4146 Sic
530 4087 664 4160 unteri'ru,
682 4087 755 4146 dum
773 4085 847 4148 haec
863 4082 1051 4169 prorogatis,
1068 4083 1253 4143 interierunt
1271 4102 1317 4156 ea,

141 4177 210 4252 'quo
229 4170 354 4233 classem
372 4171 539 4257 mittimus,
549 4182 627 4233 ante
644 4173 807 4233 adventurn
825 4182 971 4230 nostrum.
1006 4170 1098 4229 Nam
1095 4188 1146 4229 -rer
1136 4167 1315 4250 gerendae
1337 4183 1339 4187 ·

121 4292 125 4300 ,
145 4268 266 4338 tempus
284 4256 316 4318 in
333 4258 515 4339 apparando
519 4255 743 4318 consumimus.
760 4273 861 4316 rerum
880 4266 981 4317 autem
993 4252 1175 4315 occasiones
1187 4273 1249 4313 non
1263 4270 1339 4312 ex-,

146 4343 279 4465 pectant
285 4356 419 4404 nostram
437 4341 608 4404 tarditatem
626 4352 658 4402 et
672 4339 850 4402 socordiam.
869 4342 954 4417 Quas
970 4359 1044 4402 vero
1050 4337 1220 4453 interiecto
1235 4349 1315 4398 tem

133 4572 157 4607 l
