2722 4754
24 246 27 250 ,
64 142 70 163 “
147 139 223 258 ιιι
262 187 264 191 ·
425 178 813 262 ‘samosatensis
849 185 1044 265 οιιιιιο

57 404 68 410 ,
140 334 209 411 ‘me
236 342 410 408 calumniari
437 342 545 416 vellet,
568 360 637 401 meo
663 342 747 402 iussu
772 361 837 400 esse
859 341 1011 401 sactum
1002 342 1213 427 inscripsisset
1210 371 1297 438 neq,
1286 387 1311 426 ,

84 474 91 479 -
161 434 259 505 enim,
290 453 323 489 m
314 429 400 488 'hoc
416 427 555 502 fecisset,
588 427 682 537 ullam
704 447 825 487 causam
848 425 1011 488 habuisset
1045 429 1145 523 Lege,
1177 438 1297 510 quod„
1331 439 1335 447 '

161 521 272 601 quitur

493 681 503 693 ‘
580 665 905 712 accosnrlo

185 823 187 828 ,
246 774 285 832 Et
296 784 456 856 postquam
473 788 533 867 ego
545 792 612 831 sum
624 771 721 831 lactus
736 770 877 853 aerarius,
896 770 1045 831 collocato
1058 769 1218 852 Antigene,
1233 797 1299 844 servo
1349 826 1352 849 ,

81 852 99 885 ‘⁴
160 881 228 934 suo,
246 859 279 918 in
297 879 363 918 mea
382 857 533 918 ollicina
523 877 566 931 ea,
585 877 662 936 quae
681 868 727 916 est
744 848 782 918 ad
800 840 1003 939 Thrasyllum,
1022 877 1088 916 mea
1107 856 1153 914 illi
1169 859 1299 928 traditne
1347 870 1352 899 “·

41 948 42 952 ’
60 981 67 1029 3,
159 958 289 1007 vetante.

244 1030 366 1090 Desine.
393 1027 536 1087 Rursus
527 1049 564 1085 ιιι
577 1026 624 1087 his
643 1025 784 1086 omnibus
802 1025 869 1085 ab
859 1048 923 1109 rpsa
941 1047 974 1085 re
1004 1026 1154 1087 mendacii
1173 1033 1298 1098 convinci.
1316 1092 1320 1105 ,
1350 1032 1352 1041 '

62 1141 63 1144 ¹
124 1156 128 1162 ι
159 1130 217 1176 tur
220 1113 362 1197 Scripsit
380 1112 472 1185 enim,
490 1127 537 1172 m'e
556 1112 740 1186 collocasse,
757 1133 789 1170 se
808 1125 909 1172 autem
927 1111 1075 1172 vetuisse·
1095 1114 1304 1221 ιιιιιιεΐιιιίιιι

160 1200 316 1275 absentem
342 1210 507 1279 nequeunt
551 1197 671 1297 Neque
686 1197 766 1256 enim
794 1217 852 1279 ego
879 1197 1082 1271 collocabam,
1092 1198 1163 1296 'qui
1182 1207 1301 1267 essenis
1350 1230 1352 1234 ⁴

45 1264 67 1283 λ’
159 1287 276 1344 Ponto:
300 1304 436 1384 neque
428 1282 612 1344 interdixit
603 1294 659 1341 rste
679 1303 742 1341 non
765 1283 924 1363 praesenti
969 1282 1033 1358 Qui
1046 1283 1132 1342 enim
1158 1285 1302 1383 potuisset?

20 1397 21 1401 ¹
101 1412 104 1417 ,
160 1371 253 1448 Quae
265 1370 314 1430 res'
332 1367 431 1450 igitur
442 1389 512 1427 eum
531 1368 641 1450 coe'git,
659 1367 733 1427 haec
751 1367 905 1428 scribere?
939 1367 1095 1450 Euergus,
1115 1369 1302 1447 opinonem„

120 1524 122 1532 4
160 1476 195 1515 ea
212 1455 425 1526 committeret,
444 1475 574 1532 quorum
592 1473 705 1534 poenas
725 1453 819 1525 dedit,
837 1453 931 1511 homo
949 1453 1023 1510 mihi
1043 1466 1136 1512 notus
1156 1466 1193 1512 et·
1201 1454 1303 1520 familia

54 1574 63 1582 κ
87 1605 89 1611 ,
143 1540 220 1613 ιιι,
244 1561 365 1599 servum
383 1537 547 1637 aliquem,
557 1540 648 1631 domo
667 1556 733 1597 mea
759 1538 952 1637 arcessitum,
979 1540 1070 1618 apud
1078 1559 1110 1598 se
1138 1540 1304 1604 custodiendi

158 1625 271 1710 g‘ratia
274 1623 441 1683 collocavit
459 1623 515 1680 Si
506 1615 613 1704 igitur
616 1643 722 1682 verum
740 1622 918 1702 scripsisset,
935 1624 1100 1683 ridiculum
1110 1623 1224 1683 fursset
1239 1626 1305 1727 Quae

21 1685 51 1727 Ἰ
88 1729 100 1738 “
129 1729 142 1761 1
159 1711 242 1771 enim
259 1729 326 1767 mea
344 1707 431 1788 culpa
450 1719 512 1782 est,
536 1709 563 1766 si
581 1708 728 1789 Euergus
738 1707 918 1767 constituit?
953 1710 987 1767 ld
1012 1707 1149 1790 lugiens,
1167 1709 1304 1771 taliascri-

69 1924 135 1987 too
148 1981 153 1989 .

159 1795 232 1856 bere
252 1805 373 1858 coactus
392 1804 449 1866 est,
465 1805 502 1854 ut
519 1814 637 1854 mecum
656 1813 745 1875 agere
763 1792 880 1862 iudicio
898 1806 1009 1873 posset.
1026 1794 1108 1877 Lege
1128 1805 1248 1857 caetera

248 1910 251 1915 ’
502 1918 505 1932 ¹
579 1920 908 1988 ac‘cus'arro
949 1928 952 1940 '

244 2050 289 2110 Et'
299 2048 450 2131 persuasit
464 2047 542 2115 meis
560 2045 689 2121 famulis,
706 2059 742 2113 ut
749 2045 787 2106 in
804 2043 1002 2113 Cenchreone
1010 2049 1163 2109 sederent
1177 2049 1310 2131 supplices

69 2178 71 2185 ·
160 2139 191 2198 in
209 2136 347 2197 fraudem
366 2155 470 2192 meam.
1168 2182 1178 2197 Ι

104 2244 109 2251 ‘
137 2238 161 2269 ’-
242 2221 369 2285 Desine
389 2216 484 2278 Hoc
475 2239 533 2276 ram
544 2216 679 2282 omnino
697 2217 858 2307 impudens
878 2230 931 2278 est
949 2218 1020 2278 Non
1039 2220 1130 2278 enim·
1140 2237 1176 2276 ex
1195 2239 1230 2277 eo
1244 2219 1313 2279 dun-

136 2297 141 2303 ’
158 2319 256 2379 taxat,
275 2305 357 2404 quod
377 2323 429 2362 eos
441 2302 481 2362 in
507 2303 717 2381 quaestionem
734 2298 903 2384 postulatos
923 2303 1139 2377 daresnoluit,
1159 2303 1220 2362 sed
1237 2307 1315 2364 undi-

159 2413 220 2471 que
237 2389 430 2472 perspicuum
450 2400 505 2459 cst,
524 2407 589 2447 esse
606 2388 804 2448 mendacium.
840 2390 909 2462 Qua
929 2388 1009 2447 enim
1026 2389 1079 2448 de
1074 2410 1173 2448 causa
1192 2407 1244 2447 eos
1261 2390 1315 2470 pel

158 2473 319 2537 liciebam?
354 2476 397 2531 Ut
414 2472 530 2532 scilicet
548 2492 600 2530 eos
620 2473 773 2532 emerem?
808 2471 864 2545 Aa,
883 2473 1009 2573 optione
1028 2473 1103 2532 mihi
1123 2476 1202 2533 data
1209 2473 1255 2532 vel
1272 2474 1315 2534 ha-

158 2557 270 2635 hendi,
287 2558 337 2620 vel
356 2556 487 2630 emendi,
507 2557 555 2616 vel
572 2556 739 2641 recipiendi
757 2566 859 2618 meum
868 2558 1030 2639 ,recipere
1049 2580 1152 2618 meum
1171 2559 1277 2618 malui:
1293 2572 1335 2643 ll.

152 2647 234 2707 ‘haec
251 2665 306 2726 per
322 2655 415 2703 testes
433 2641 559 2721 probata
577 2655 656 2703 sunt
672 2636 737 2702 Sed
755 2643 848 2703 recita
865 2656 967 2703 tamen
984 2644 1271 2724 provocationem:

446 2789 463 2797 ”
555 2793 929 2838 provocanto.
997 2817 1003 2827 κ

244 2899 309 2957 Hac
324 2896 421 2979 ¹igitur
438 2897 655 2974 provocatione
673 2917 737 2956 non
755 2910 894 2979 accepta,
920 2898 974 2957 sed
988 2885 1169 2979 repudiata,
1188 2898 1315 2958 conside-

95 2976 121 2989 '‘
159 2997 233 3058 rate,
252 2982 348 3063 quale·
360 2980 460 3056 statim
477 2995 548 3062 post
565 2982 639 3042 haec
658 2983 773 3053 crimen
788 2982 945 3065 impingat
967 2985 1058 3066 Lege,
1077 2983 1163 3063 quod
1182 2984 1315 3063 sequitur.

576 3116 902 3190 accusante

175 3254 183 3279 t
245 3237 285 3296 Et
302 3235 470 3296 consumsit
488 3237 607 3316 argenti
624 3257 752 3309 massas,
781 3258 855 3314 quas
874 3258 934 3296 mer
925 3237 1031 3298 servi
1049 3237 1268 3310 conficiebant,
1293 3249 1319 3296 et

24 3343 26 3345 ’
59 3368 61 3371 -
104 3370 107 3375 s
159 3334 319 3404 argentum
337 3320 429 3396 hahet
447 3341 483 3380 ex
500 3321 559 3381 illis
578 3323 682 3382 massis
701 3321 882 3380 conlectum.

242 3408 363 3466 Desine.
399 3407 542 3465 Rursus'
534 3420 589 3467 rsta
607 3408 675 3468 fieri
693 3427 709 3466 a
728 3427 776 3464 me
795 3405 850 3486 'qul
872 3402 1041 3486 potuer'unt
1065 3429 1130 3466 non
1155 3419 1318 3487 praesente,

98 3494 101 3501 “
158 3503 190 3550 et
207 3491 245 3550 de
274 3482 385 3572 quibus
402 3492 556 3574 Euergum
583 3490 829 3554 condemnasti?
849 3493 990 3553 Recita'
981 3515 1115 3574 rpsam
1100 3492 1340 3554 accusationem.

129 3632 132 3638 .
158 3576 273 3638 ordine.

579 3716 907 3797 ιιιυιιιιι
978 3696 981 3703 ’

98 3893 100 3903 ι
167 3845 170 3848 ’
241 3831 282 3891 Et
298 3831 421 3892 vendita
440 3831 562 3893 olfi‘eina
580 3853 646 3892 mea
666 3845 696 3892 et
714 3832 819 3913 servis,
836 3844 951 3892 contra‘
959 3845 1044 3912 pacta
1063 3854 1185 3894 mecum
1204 3832 1286 3892 lacta.

240 3915 363 3976 Desine.
389 3917 458 3978 Hoc
476 3931 593 3978 caetera
612 3918 713 3978 omnia
731 3917 823 4006 longe
841 3930 969 3999 superat
994 3918 1129 3978 Primum
1149 3931 1256 3977 contra
1270 3918 1317 3995 pa-

94 4008 99 4026 ¹
157 4013 222 4074 cta,
246 4001 375 4082 inquit,
389 4023 509 4064 mecum
526 4003 611 4064 facta
646 4004 780 4063 Eavero
805 4002 992 4082 quaesunt?
1027 4004 1207 4064 Locavimus
1225 4000 1318 4061 usuris

58 4128 64 4143 .
92 4097 95 4111 ‘
157 4085 283 4146 solitis
274 4087 325 4148 asti
344 4101 447 4149 nostra
464 4110 538 4164 nos,
564 4102 595 4148 et
612 4088 694 4149 aliud
713 4088 798 4147 nihil.
832 4089 983 4147 Venditor
1001 4089 1087 4147 enim
1100 4080 1195 4148 nobis
1204 4085 1318 4167 Mnesi-

131 4167 137 4172 ’
157 4170 220 4230 cles
237 4171 333 4236 laetus
353 4187 426 4248 erat,
447 4175 506 4238 isto
524 4187 683 4255 praesente
703 4186 734 4234 et
751 4173 884 4233 iubente
919 4173 1038 4233 Deinde
1056 4194 1113 4232 nos
1133 4173 1200 4232 aliis
1220 4169 1318 4230 vendi

31 4285 32 4289 ,
108 4305 110 4310 ,
157 4246 295 4317 dimua”
274 4279 311 4318 us
325 4259 575 4362 conditionibus,
594 4254 710 4339 quibus
722 4276 780 4319 nos
798 4279 983 4332 emeramus,
1002 4279 1067 4317 non
1070 4258 1182 4318 modo
1195 4251 1318 4316 iube'nte

131 4340 350 4430 adluente,
376 4346 537 4443 sedetiam
563 4344 770 4428 supplicante.
782 4365 888 4406 neruo
915 4344 996 4406 enim
1014 4343 1107 4405 istum
1131 4326 1318 4406 venditorem
