2722 4754
347 180 616 276 abversus
652 178 999 282 rlmocnarnn
1192 168 1286 284 aas*
1337 306 1341 311 Ι

81 366 206 451 legibus
219 365 393 441 contraria,
419 387 475 449 per
492 388 570 448 quae
587 389 644 429 suo
662 337 802 448 quaestui
821 370 1050 450 consulebat,
1041 385 1100 433 rsto
1119 375 1254 437 sordium

82 452 285 514 conciliatore
303 467 402 538 utens.
435 453 476 529 Et
492 453 586 514 multa
604 453 692 514 vobio
709 454 867 515 iurabatur
884 457 943 516 boc
961 447 1117 534 adiutore,
1141 473 1173 521 ιι
1189 463 1254 521 Un-

61 539 269 617 ,decimviros
289 552 320 599 ct
336 521 523 639 Quaestores
540 538 684 626 urbanos,
703 552 734 599 ct
750 540 905 600 ministros
924 543 1063 603 comitari
1080 564 1112 605 se
1131 531 1273 607 decreto‘
1311 612 1312 616 ,

10 702 12 707 ,
83 613 230 685 iubebat.
248 623 396 684 deinde'‘
373 645 412 682 us
430 623 617 685 satellitibus
628 620 740 685 vestras
759 626 849 684 aedes
868 625 1034 688 invadebat.
1077 632 1118 692 Et
1134 631 1184 725 tu,
1201 633 1255 693 Ti·

83 722 256 784 mocrates,
280 708 363 769 solus
382 729 400 768 e
418 709 560 793 collegis,
578 729 714 789 quorum
726 730 854 773 numero
874 710 978 770 decem
996 728 1096 790 eraut,
1120 739 1190 777 eum
1208 739 1255 779 as·
1320 712 1322 715 ¹

14 826 16 830 ·
83 796 251 856 sectabere.
286 795 394 873 Neque
411 815 485 855 vcro
503 815 551 854 me
569 795 727 875 qnisquam
745 808 833 875 putet
851 794 966 869 dicere,
991 816 1055 857 non
1073 801 1256 904 exigendum

51 943 59 952 ⁸
83 880 196 940 fuisse
196 902 248 941 aes
261 879 408 947 alienum:
427 879 530 940 luit
504 879 584 940 enim
604 880 793 962 exigendum.
811 881 872 940 Sed
890 882 1068 960 quomodo?
1085 888 1126 947 Ut
1143 887 1218 948 lex·'
1197 912 1256 949 ’.ιιι

10 991 13 996 ·
43 1034 47 1039 ,
83 965 157 1040 bet,
181 966 311 1025 aliorum
330 985 433 1024 causa:
458 985 527 1024 nam
552 964 612 1026 boc
635 965 781 1047 populare
801 979 853 1026 est
861 965 1013 1049 Neque
1022 969 1102 1028 enim
1127 985 1257 1049 tantum‘,

49 1077 56 1087 ·
82 1042 310 1124 Athenienses,
335 1049 471 1130 quinque
495 1050 607 1110 talenta
632 1071 688 1131 per
713 1051 789 1110 istos
812 1063 930 1115 extorta
952 1053 1039 1112 vobis
1063 1055 1258 1134 profuerunt,

84 1150 238 1238 quantum
255 1134 331 1197 tales
349 1135 585 1196 consuetudines
602 1135 635 1195 in
650 1135 758 1197 urbem
775 1136 967 1209 introductae
984 1154 1163 1202 nocuerunt.
1179 1142 1256 1202 Nam

83 1243 123 1282 ιι
130 1234 269 1302 spectare
286 1219 402 1295 velitis,
439 1220 636 1321 quamobrem
657 1220 794 1314 aliquis
784 1244 817 1281 ιιι
833 1222 1072 1284 Democratia
1043 1247 1145 1294 vivere
1162 1213 1291 1299 malit,nx

87 1328 206 1409 quam
199 1306 231 1366 in
250 1304 452 1404 Oligapchia,
472 1305 531 1365 hoc
549 1307 649 1375 statim
668 1319 737 1366 ante
756 1306 859 1367 omnia
875 1307 908 1366 in
925 1322 1048 1388 promtu
1068 1312 1143 1385 erit,
1172 1312 1256 1392 qnod

12 1394 19 1402 ’
76 1394 134 1453 'in
140 1371 349 1453 Democratia
349 1389 451 1449 omnia
468 1403 542 1450 sunt
552 1389 745 1450 humaniora.
764 1393 857 1451 lstos
881 1394 983 1453 aulem
1001 1393 1098 1454 multo
1113 1397 1257 1487 petulan-

45 1556 50 1561 .
87 1479 168 1538 tiora
187 1490 219 1537 et
235 1473 406 1537 crudeliora
425 1475 616 1558 designasse,
635 1497 724 1556 quam
743 1475 775 1535 in
793 1475 854 1537 ulla
872 1477 989 1558 uspiam
1008 1472 1176 1561 oligar'cliia
1189 1480 1257 1542 fieri
1301 1474 1304 1477 ’

84 1563 225 1635 soleant,
243 1560 424 1642 praeteribo¹
457 1561 518 1621 Sed
537 1563 658 1641 quando
676 1582 811 1642 unquam
829 1561 862 1621 in
878 1562 955 1623 urbe
974 1577 1078 1624 nostra
1095 1567 1196 1626 maior
1209 1566 1256 1626 in·
1270 1579 1279 1596 '

42 1642 46 1646 ⁴
84 1646 264 1730 ιιιιιιιιιιίιιι
278 1657 409 1729 grassata
427 1645 493 1706 est?
516 1646 584 1706 Sub
601 1645 726 1728 triginta
743 1648 899 1748 tyrannis,
924 1668 1031 1714 omnes
1048 1653 1103 1728 vo‘q
1122 1650 1256 1712 dicturos

13 1755 17 1762 ·
65 1744 278 1832 ‚compertum
296 1731 402 1791 habeo.
429 1732 508 1790 Tum
526 1732 607 1791 enim
624 1740 715 1792 nemo
734 1731 832 1805 fuit,
820 1733 877 1793 cui
888 1748 952 1793 non
970 1754 1148 1796 conservare
1155 1737 1257 1813 vitam
1348 1762 1351 1766 ·

85 1817 226 1891 licuerit,
250 1816 277 1876 si
295 1836 327 1877 sc
346 1816 429 1874 domi
449 1815 628 1876 abdidisset:
633 1817 710 1892 sed
726 1816 765 1876 ob
784 1815 844 1878 laoc
861 1817 985 1901 triginta
996 1831 1148 1903 tyrannos
1167 1843 1257 1882 mcu-

88 1925 208 1976 samus,
218 1901 308 1982 quod
326 1899 493 1959 homiues
484 1923 516 1959 ιιι
533 1901 601 1960 foro
621 1922 676 1981 per
693 1901 833 1962 iniuriam
852 1903 1089 1984 comprehensos
1107 1906 1259 1967 violenter
1289 1944 1294 1950 -
1315 1944 1321 1951 -

10 2056 15 2071 ί
59 1988 67 1995 “
86 1986 303 2048 abducebant.
311 1984 372 2045 lsti
382 1997 483 2052 autem
501 1998 587 2046 tanto
604 1985 727 2046 illorum
746 1986 971 2084 improbitatem
989 1989 1148 2051 intervallo
1167 2010 1258 2072 supe-

86 2085 212 2174 rar-unt,
235 2083 288 2144 ut,
315 2070 348 2130 in
366 2071 548 2131 democratia
571 2071 789 2152 rempublicam
812 2075 971 2153 gerentes,
997 2058 1135 2135 abductis
1153 2076 1259 2136 Unde-

24 2166 32 2183 ·’
71 2156 223 2221 ·ιὶιιιιίιίι
247 2178 314 2216 suas
339 2155 469 2236 cuique
463 2156 590 2216 aedes
581 2178 613 2215 ιιι
631 2169 781 2216 carcerem
800 2170 1021 2219 converterent
1056 2160 1141 2234 Quid
1164 2159 1259 2242 igitur

37 2312 43 2321 1
87 2243 183 2307 anima
174 2241 342 2302 babuisse
361 2241 509 2315 censetis,
535 2241 672 2313 ludices,
690 2241 845 2302 bominem
863 2263 1045 2323 pauperem,
1071 2256 1162 2323 atque
1176 2245 1265 2306 adeo
1338 2272 1340 2287 ·

88 2329 215 2390 divitem
234 2326 335 2399 etiam,
352 2326 502 2386 sumtibus
521 2282 742 2424 exhaustrim,
732 2346 795 2386 imo
799 2311 904 2386 ctiam
922 2327 1031 2404 aliqua
1038 2326 1176 2387 sortasse
1185 2347 1258 2408 pro·¹
1254 2344 1269 2364 ’

88 2412 184 2474 babili
202 2412 240 2471 de
259 2432 347 2471 causa
364 2409 517 2492 praesenti
533 2409 662 2490 pecunia
686 2403 867 2481 carentem,x
878 2429 946 2467 eum
965 2419 1038 2469 non
1047 2411 1169 2472 modo'
1160 2433 1192 2471 ιιι
1209 2413 1259 2472 lo-

90 2520 156 2558 rum
174 2496 364 2581 progredi
336 2516 401 2554 non
417 2494 539 2568 liceret,
562 2495 616 2563 sed
630 2515 690 2553 nec
708 2493 792 2553 domi
809 2513 842 2553 se
859 2503 928 2553 uuo
946 2514 1067 2555 manere
1085 2516 1175 2575 posse
1193 2516 1259 2557 cer-

91 2578 193 2656 neret,
210 2601 376 2680 earumque
394 2601 496 2639 rerum
514 2591 621 2641 auctor
638 2590 718 2639 esset
734 2577 926 2678 Λιιιιιοιίοιι,
945 2599 1036 2658 quem
1053 2602 1107 2639 sua
1124 2580 1276 2646 sactum

95 2682 125 2730 et
147 2678 304 2728 anteactae
320 2665 399 2726 vitae
415 2665 494 2725 ratio
513 2682 569 2724 nec
587 2663 646 2724 sibi
661 2662 782 2724 sactas'
771 2661 897 2722 iniurias
914 2662 1022 2724 ulcisci
1045 2663 1180 2739 iudicio,
1203 2685 1259 2725 ne·
1282 2730 1292 2743 ,

20 2738 55 2770 '¹
96 2755 167 2818 dum
189 2751 316 2813 nominc
341 2749 471 2810 civitatis
487 2749 602 2811 tributa·
621 2748 765 2838 colligere
782 2745 995 2828 patiebantur?
1012 2745 1167 2846 Atqui
1142 2771 1184 2808 sa.
1192 2749 1259 2828 qnia
1336 2800 1341 2809 ι

97 2859 165 2899 eum
180 2836 399 2918 interrogaret,
415 2840 492 2895 aut
501 2846 552 2909 te,
576 2830 781 2908 Timocrates,
805 2830 1020 2892 laudatorem
1010 2845 1140 2895 istorum
1158 2845 1190 2893 ct
1206 2835 1261 2895 ad·

19 2996 21 3003 ,
85 2912 283 3002 ministrnm,
302 2934 469 3001 corporane
488 2919 602 2985 tributa
620 2918 766 2993 debeant,
785 2939 823 2978 an
840 2916 1068 2999 possessiones:
1091 2918 1260 2998 possessio·
1345 2920 1348 2925 ’

29 3068 54 3077 ,,
94 3028 146 3069 ιιι
164 2999 290 3079 dicetis,
308 3027 335 3065 ιι
325 3004 445 3065 modo
462 3005 551 3066 fateri
566 3025 637 3064 vera
653 2999 829 3064 volueritis:
821 3024 920 3063 ·nam
933 3002 970 3061 dc
989 3001 1036 3086 bis
1054 3003 1179 3063 tributa
1174 3014 1261 3085 peu-

94 3093 200 3154 dimus.
237 3087 327 3150 Cur
317 3090 429 3171 igitur,
448 3089 631 3150 mortalium
640 3088 775 3151 omnium
793 3072 1034 3169 improbissimi,
1047 3087 1156 3161 omissa
1171 3108 1266 3194 ιαμ,
1301 3088 1302 3092 ’

70 3193 74 3199 “
96 3178 223 3243 diorum
234 3189 266 3235 ιι
283 3175 402 3236 aedium
421 3174 632 3255 publicatione
646 3186 677 3234 et
695 3173 801 3233 talium
818 3191 920 3233 rernm
938 3172 1184 3259 proscriptione,
1193 3168 1260 3234 ein-

96 3262 219 3325 ciebatis
243 3273 277 3327 ιι
295 3259 486 3321 contumeliis
504 3259 679 3320 afficiebatis
698 3257 881 3318 homines
855 3279 934 3318 caves
959 3270 998 3317 et.
1006 3258 1134 3320 miseros
1159 3258 1261 3338 inqui-

48 3386 52 3397 ·
95 3348 192 3420 linos,
218 3346 329 3446 quibus
353 3364 407 3404 vos
425 3344 618 3404 libidinosius
642 3342 826 3415 insultastis,
851 3364 941 3422 quam
957 3343 1064 3403 vestris
1070 3343 1261 3443 mancipiis?
1284 3343 1347 3403 478

97 3431 235 3514 Atqui
209 3453 236 3491 ιι
254 3431 336 3511 apud
352 3450 407 3506 ros
424 3429 483 3510 ips1
473 3428 718 3528 consideretis,
753 3427 889 3499 ludices,
925 3427 1030 3506 quanti
1047 3414 1185 3488 reserat
1175 3436 1305 3510 inge-

15 3563 18 3569 ·
97 3539 189 3578 nuum
210 3537 276 3576 csse
295 3538 332 3575 an
350 3528 486 3574 servum:
521 3515 598 3574 illud
616 3513 778 3574 maximum
796 3511 960 3571 discrimen
977 3512 1156 3613 reperietis,
1179 3512 1263 3612 quod

96 3602 192 3675 servi,
211 3599 357 3681 quicquid
376 3598 609 3671 commiserunt,
628 3618 757 3678 corpore
775 3597 860 3656 luere
879 3609 1048 3694 coguntur,
1064 3597 1191 3679 ingenui
1208 3618 1264 3657 au·
1247 3592 1284 3614 “

73 3752 78 3759 ,
96 3682 172 3787 tim
175 3686 237 3746 boc
255 3685 396 3745 ultimum
397 3683 515 3784 puniri
507 3683 631 3744 debet
666 3681 719 3743 lsti
737 3689 811 3742 vero
829 3694 934 3742 contra
951 3687 1065 3761 poen'as
1084 3681 1263 3763 corporibus

79 3771 219 3844 civium,
232 3769 325 3850 quasi
341 3768 489 3867 mancipia
507 3780 617 3840 essent,
636 3767 819 3828 inflixerunt.
850 3766 896 3834 Ae
914 3779 975 3837 tam
993 3765 1131 3867 inique&
1127 3780 1188 3828 tam
1207 3766 1264 3826 im-

96 3860 240 3939 potenter
256 3853 413 3916 vobiscum
438 3853 502 3936 egit
525 3852 718 3952 Apdrotion,
743 3864 779 3912 ut
796 3864 911 3933 patrem
933 3873 1045 3950 suum,
1070 3852 1150 3914 aerio
1158 3850 1265 3912 alieni

98 3964 186 4011 causa
204 3942 238 4000 in
256 3947 375 4000 carcere
392 3938 514 4018 publice
531 3938 683 4021 vinctum,
702 3949 844 4016 oportere
863 3935 1017 3997 censuerit
1034 3957 1073 3999 co
1091 3958 1147 3997 nec
1166 3922 1265 3997 disso-.

97 4027 181 4112 luto,
212 4047 270 4086 nec
287 4023 402 4085 iudicio
420 4023 581 4099 liberatum
599 4016 760 4105 aufugere:
788 4021 1022 4102 reliquorum
995 4021 1125 4122 citium,
1144 4021 1178 4081 si
1197 4021 1267 4102 quis

99 4134 151 4173 sua
154 4092 274 4172 debita
291 4129 449 4170 numerare
466 4130 531 4169 non
549 4114 670 4189 posset,
694 4127 770 4166 eum
782 4129 819 4168 ex
835 4107 961 4167 ae'dibus
983 4105 1045 4166 suis
1063 4106 1096 4165 in
1113 4126 1277 4188 carcerem
1330 4158 1336 4171 ι

100 4218 166 4256 ιιι
186 4193 357 4257 ductum
328 4193 443 4254 vluciri.
475 4194 525 4254 Et
537 4194 726 4273 Timocrates
744 4213 760 4253 a
782 4192 905 4281 nemine
922 4211 1047 4273 prorsus
1064 4192 1173 4252 nostri
1171 4190 1264 4253 ordi-

99 4280 147 4342 nis
158 4281 299 4377 plebeio
307 4266 448 4353 bomine,-
479 4287 548 4339 cum
567 4264 693 4376 duplum
711 4289 920 4359 extorqueret,
948 4277 1041 4336 vades
1057 4277 1192 4359 accipere
1210 4295 1265 4337 vo-

21 4379 25 4385 ’
100 4366 191 4442 luit,
185 4373 252 4427 non
256 4364 359 4426 modo
375 4384 440 4428 non
454 4363 492 4425 ad
509 4370 626 4453 nonum
643 4376 765 4425 senatus
780 4373 974 4451 conuentum,
991 4361 1046 4423 scd
1056 4383 1109 4424 ne
1105 4363 1154 4424 ad
1167 4380 1267 4450 ιιιιιιιιι

989 4449 1122 4521 23*
