2722 4754
172 146 199 171 ⁵
289 262 293 271 ,
345 169 427 297 jor.
461 199 620 261 rausa
654 157 977 269 Lucumone..
1036 183 1039 187 ’
1097 158 1108 239 s
1184 211 1245 269 159

44 340 68 365 ²
93 346 218 426 auxilium
235 354 387 427 mitteret,
410 354 546 429 simulat,
569 366 605 415 nt
622 355 664 414 ait
681 355 922 433 Demosthenes,
946 379 978 420 se
996 371 1167 443 aegrotare:
1180 383 1243 437 ¹ve-

95 450 132 514 att
145 446 230 521 irater
247 441 314 501 eius
333 434 512 513 Eunomus,
535 441 728 520 adductoque
746 440 979 518 medico-iurat,
1006 459 1163 530 aegrotare
1180 440 1278 525 he-*l

96 533 219 598 schinem.
259 527 312 587 Sic
339 527 439 606 ipsum
464 525 640 585 Eunomum
665 525 827 587 Aeschinis
855 527 926 589 loco
952 520 1083 612 populus
1110 533 1242 616 legatum

60 664 76 675 ,,
97 629 177 685 mat·
205 612 269 687 Qui
286 611 378 693 legati
396 633 464 671 cum
484 609 644 683 abiissent,
668 610 754 686 utin
771 610 927 672 Euboeam
946 632 1167 696 pervenerunt,
1191 643 1243 681 au·
1299 664 1301 683 .

97 709 188 773 elisere,
205 698 379 758 Phocenses
399 716 520 761 eversos
541 716 639 756 esse¹a
655 692 819 776 Philippo,
838 710 955 758 etcum
974 703 1124 775 dedecore
1142 700 1249 767 ridie]
1291 728 1295 733 ’

54 788 58 793 ’
98 801 158 855 mat
176 784 318 844 herema
335 782 424 843 tertia
443 779 596 864 legatione
615 781 647 841 in
664 782 807 855 Atticam,
825 782 994 846 Aeschines
1013 802 1118 869 suapte
1138 794 1248 854 aucto·x
1289 856 1294 863 ,

96 879 164 939 ritate
173 870 299 952 legatus
322 868 398 928 abiit
419 868 456 926 ad
468 866 665 949 Philippum,
691 880 726 926 ut
744 868 786 927 ait
802 869 1033 932 Demosthenes.
1077 874 1242 938 Sciendum

97 950 176 1025 artem
200 968 259 1026 est,
284 966 356 1033 post
379 952 564 1034 legationem
589 950 727 1035 singulos
751 950 867 1036 legato's
891 957 1041 1018 rationem
1066 962 1243 1023 reddidisse.

96 1048 133 1108 Ae
145 1039 225 1125 primi
242 1039 336 1121 legati
353 1044 413 1097 tar'u
432 1038 583 1118 praeclare
601 1037 693 1097 fidem
711 1061 795 1098 suam
812 1039 990 1119 probarunt,
1007 1056 1042 1103 ut
1058 1045 1242 1107 Demosthe-

94 1152 141 1193 nes
153 1146 200 1187 eos
217 1124 340 1184 decreto
357 1124 396 1183 ad
413 1122 573 1203 prandium
591 1123 712 1184 invitari
730 1124 860 1184 iusserit
886 1126 980 1187 Moris
996 1128 1081 1189 enim
1100 1144 1179 1205 erat,
1197 1134 1242 1193 le'-
1262 1118 1276 1129 P

94 1228 181 1301 gatos,
192 1230 227 1281 re
245 1210 324 1269 bene
342 1221 444 1291 gesta,
462 1209 603 1268 convivio
622 1209 746 1289 publico
765 1211 910 1291 excipere.
940 1214 1072 1288 Quidam
1089 1216 1241 1292 dubitant,
1325 1248 1334 1254 ·

42 1350 45 1363 .
95 1323 142 1367 eur
155 1319 200 1359 eos
215 1295 455 1366 Demosthenes,
479 1294 506 1353 si
523 1294 625 1354 scierit
642 1295 736 1354 fuisse
754 1292 944 1375 proditores,
963 1288 1000 1358 ad
1018 1299 1175 1380 publicum
1192 1303 1241 1363 in-

42 1380 56 1399 ''
95 1384 212 1448 ritandm
228 1379 539 1461 prandiumcumrit'?
563 1379 611 1439 Ad
632 1382 714 1460 quod
733 1383 971 1463 respondemus,
991 1405 1060 1444 eum
1079 1407 1095 1445 a
1113 1389 1240 1467 prandio

59 1531 63 1537 ,
95 1468 260 1556 propositum
285 1466 392 1526 eorniu
405 1454 670 1529 ,animadvertisse
693 1474 695 1483 ’
713 1467 758 1526 Ex
775 1468 945 1547 posteriore
967 1483 1067 1530 autem
1088 1468 1240 1555 legatione

95 1554 165 1619 solas
177 1551 394 1633 Demosthenes
412 1551 561 1611 rationem
578 1551 727 1639 reddidit!
764 1554 864 1627 (Quam
886 1567 917 1613 ct
934 1554 1119 1617 Aeschinem
1137 1560 1239 1619 reddi·
1294 1613 1325 1634 ,,

77 1642 179 1703 'turum
199 1659 264 1715 com
282 1635 459 1696 Timarchus
479 1649 509 1697 et
526 1637 749 1696 Demosthenes
776 1659 915 1699 accusare
937 1640 1157 1722 instituissent,
1183 1667 1240 1726 po-
1261 1632 1267 1641 ’
1301 1680 1303 1687 ,

53 1730 58 1743 '
96 1725 171 1789 stulat
185 1723 365 1794 Aeschines,
389 1735 424 1781 ut
442 1721 601 1800 inquisitio
620 1723 688 1782 fiat:
714 1724 790 1783 lacta
809 1723 1028 1803 inquisitione,
1046 1729 1240 1791 Timarchum
1268 1726 1286 1763 “

78 1810 250 1897 'prostitutae
275 1806 438 1888 pudicitiae
465 1807 637 1867 convictum
663 1809 752 1869 eiicit
795 1811 877 1891 Lege
896 1810 978 1869 enim
997 1812 1173 1889 cavebatur,
1200 1837 1240 1876 ne

96 1888 326 1978 qaiu'impudicus
345 1890 562 1972 rempublicam
580 1893 809 1952 administraret
843 1894 963 1953 Deinde
981 1899 1159 1978 aggreditur
1173 1901 1249 1961 Dc--
1262 1925 1325 1981 215

45 2006 57 2017 ⁵
95 1980 245 2043 :sosthenes
256 1976 451 2048 Aeschinem,
469 1990 596 2037 accusat
615 1979 746 2053 Quidam
762 1978 852 2038 'etiam
866 1970 1026 2058 quaerunt,
1045 2003 1099 2041 cur
1112 1982 1162 2043 hic
1176 1998 1238 2047 ter-

95 2069 143 2129 tiae
156 2063 307 2148 legationis
326 2062 519 2123 meminerit?
537 2063 780 2144 Respondemus,
800 2085 869 2124 eum
888 2065 1021 2125 trien'nio
1039 2081 1109 2147 post
1127 2069 1237 2131 dietam
1296 2068 1301 2078 ’

46 2196 57 2219 ,
95 2154 160 2214 diem
178 2171 290 2210 causam
317 2148 413 2231 egisse
432 2149 464 2207 in
490 2146 610 2207 iudicio.
655 2149 746 2208 Missa
771 2149 1048 2231 enimposteriore
1072 2153 1238 2236 legatione,
1316 2210 1323 2227 ,

49 2292 64 2311 ,.
95 2236 288 2308 Athenienses,
313 2234 438 2316 cognito
456 2233 661 2294 Phocensium
688 2235 823 2307 excidio,
846 2256 883 2295 ex
900 2236 980 2319 agris
1006 2236 1039 2297 in
1056 2239 1164 2301 urbem
1181 2263 1238 2302 sua

94 2332 259 2404 comportant
277 2332 309 2380 et
326 2320 359 2380 in
376 2339 486 2402 magno
506 2328 577 2378 sunt
593 2320 734 2385 tumultu.
752 2319 900 2380 Triennio
915 2335 987 2401 post
1004 2322 1157 2406 ingressus
1174 2327 1252 2387 De--
1318 2332 1327 2341 “

94 2407 242 2470 mosthene:
261 2404 445 2465 Aeschinem
469 2427 627 2479 accusare,
655 2407 716 2467 duo
736 2406 764 2464 ei
782 2405 907 2465 crimina
926 2407 1049 2483 obiicit,
1079 2409 1237 2472 interitum
1297 2469 1304 2483 ,
1343 2418 1346 2429 '

93 2491 270 2553 Phocensium
290 2504 321 2550 et
338 2504 458 2571 accepta
484 2511 617 2549 munera.
651 2491 815 2555 Sciendum
834 2494 1014 2567 autemest,
1040 2496 1238 2578 praecipuum

94 2599 151 2640 csse
171 2578 277 2638 crimen
302 2576 459 2636 interitum
484 2575 695 2635 Phocensium.
723 2578 761 2636 ad
786 2577 872 2637 cuius
903 2577 1115 2658 probationem
1144 2584 1237 2644 altera

82 2662 208 2744 quaestio
231 2661 356 2735 incidit,
383 2674 508 2742 propter
532 2661 691 2740 pecuniam
709 2660 895 2722 Aeschinem
911 2663 944 2722 id
967 2685 1033 2724 esse
1051 2689 1176 2741 ausum,
1201 2682 1238 2728 ut

92 2749 219 2830 probetur
239 2747 320 2828 prius
348 2748 463 2821 crimen
489 2748 526 2805 de
544 2745 763 2806 Phocensihus.
805 2747 888 2807 Haec
907 2761 937 2807 et
955 2748 1029 2809 haec
1055 2765 1236 2832 argumento

90 2846 160 2905 sunt,
175 2833 274 2913 inquit,
292 2832 343 2891 illa
362 2845 532 2912 comparata
551 2844 582 2892 et
598 2832 746 2892 instructa
765 2846 837 2891 esse.
863 2833 924 2892 Per
941 2855 1018 2912 quae
1037 2834 1131 2895 simul
1146 2837 1254 2897 etiam.
1286 2889 1289 2896 .

91 2918 159 2979 tollit
172 2918 326 2978 Aeschinis
345 2918 481 2977 colorem
499 2918 536 2976 ad
560 2917 786 2998 ignorationem
805 2931 837 2977 et
862 2918 1108 2998 deprecationem
1127 2922 1235 2982 conlu-

75 3003 189 3088 ‘gientis
227 3003 330 3084 Atque
355 3015 602 3085 argumentorum
621 3003 678 3061 alia
697 3023 732 3061 ex
757 3003 997 3083 praetermissis,
1020 3006 1077 3066 alia
1096 3028 1131 3066 ex
1149 3006 1236 3067 factis

89 3089 175 3169 petiit:
196 3089 277 3169 quod
302 3088 483 3171 suffragatus
498 3087 595 3146 luerit
611 3088 792 3162 Philocrati,
816 3110 921 3170 pacem
940 3089 1006 3149 siue
1024 3091 1235 3154 Phocensibus

90 3173 257 3235 decemeuti:
287 3176 369 3255 quod
396 3195 460 3233 non
486 3173 620 3255 exegerit
644 3173 889 3241 iusiurandum'a
906 3173 1074 3250 Thessalis,
1095 3177 1236 3258 ¹Philippi

89 3260 173 3332 sociis,
188 3261 238 3340 qui
256 3282 328 3320 non·
340 3260 520 3319 militassent
538 3271 642 3318 contra
660 3260 844 3332 Phocenses,
862 3260 888 3320 si
906 3254 1115 3322 iusiurandum
1134 3263 1236 3322 dedis-

88 3357 155 3405 sent:
170 3346 249 3424 quod
268 3346 398 3427 spatium
411 3344 553 3425 Philippo
572 3343 747 3424 praebuerit
765 3345 960 3405 instruendae
979 3359 1083 3407 contra
1095 3347 1235 3409 Phocen-

89 3438 129 3488 ses
147 3431 340 3511 expeditionis
364 3429 605 3514 (commoratum
633 3430 715 3489 enim
739 3430 833 3490 fuisse
860 3432 897 3490 de
925 3430 1073 3493 industria
1104 3445 1135 3493 et
1160 3454 1235 3493 con-

87 3515 205 3575 sumsiase
231 3530 371 3597 tempus,
397 3537 437 3575 ne
456 3515 545 3574 missa
572 3515 664 3574 classe
684 3515 815 3596 populus
832 3515 923 3598 Pylas
941 3516 1126 3599 clauderet):
1152 3518 1234 3599 quod

85 3599 218 3681 deceperit
235 3602 385 3682 populum
404 3602 471 3662 data
491 3621 599 3680 opera,
619 3598 733 3680 duplici
751 3623 819 3682 spe:
847 3623 924 3675 una,
942 3601 1027 3674 lore,
1045 3615 1080 3662 ut
1096 3602 1236 3664 Thebani

85 3685 279 3765 perderentur:
290 3688 401 3760 altera,
418 3700 454 3746 ut
471 3685 644 3745 Phocenses
664 3699 924 3759 conservarentur,
943 3707 982 3745 ne
996 3687 1127 3766 spatium
1145 3690 1234 3749 dare-

49 3799 54 3805 ·
82 3781 124 3830 cn
138 3770 170 3831 'de
193 3772 403 3837 incolumitate
421 3771 625 3832 Phocensium
652 3771 858 3846 deliberandi,
884 3794 953 3833 cum
972 3762 1117 3845 dixisset,
1143 3768 1235 3834 fidem

48 3930 52 3935 ,
81 3846 232 3917 habendam
251 3879 318 3918 esse
336 3857 497 3941 Philippo,
516 3858 619 3937 quise
638 3856 698 3917 illis
717 3857 748 3917 in
767 3857 892 3940 gratiam
912 3868 1034 3917 nostrae
1053 3857 1137 3939 urbis
1157 3859 1252 3920 velle·

96 3962 186 4003 arcere
210 3932 408 4024 promisisset'
452 3945 498 4002 Ac
516 3942 625 4022 prioris
653 3943 838 4022 quaestionis
857 3942 931 4004 haec
955 3956 1136 4026 argumenta
1157 3942 1236 4007 sunt.

61 3962 246 4093 ¹Tosterioris
265 4042 378 4102 autem,
397 4031 434 4089 de
448 4028 671 4112 largitionibus,
690 4014 763 4089 duim
781 4029 925 4102 ostendit,
943 4028 1093 4109 accepisse
1107 4030 1235 4092 Aeschi-
1326 4086 1328 4091 .

75 4133 137 4175 acm
152 4114 331 4196 pecuniam,
357 4113 431 4175 haec
449 4127 633 4198 argumenta.
665 4135 797 4194 quorum
813 4115 886 4174 item
906 4113 962 4173 alia
981 4133 998 4172 e
1015 4115 1234 4194 praetermissis
1325 4120 1330 4131 '

72 4200 158 4281 petita
174 4212 249 4261 sunt
276 4201 334 4261 alia
352 4222 368 4260 e
386 4200 478 4263 factis.
511 4201 583 4261 Non
601 4200 682 4272 odit,
708 4199 825 4280 iuquit,
842 4199 1034 4281 Philippum,
1054 4222 1236 4283 quamquam
1264 4216 1268 4225 ’

42 4336 45 4341 ,
68 4284 104 4345 ab
120 4304 157 4347 eo
183 4287 350 4368 deceptus,
373 4300 408 4347 ut
432 4287 488 4348 ait:
513 4286 720 4368 patrocinatus
747 4298 793 4346 est
810 4284 970 4365 Philippo,
995 4297 1030 4346 ut
1046 4281 1238 4370 Amphictyox

51 4370 161 4447 fieret,
179 4394 275 4452 quum
288 4393 329 4433 ea
342 4373 379 4433 de
392 4394 425 4433 re
440 4372 626 4455 legationem
644 4369 1146 4454 huc‘misissentAmplu'ctyones:
1163 4393 1234 4452 per-
1288 4402 1293 4415 ·
1337 4378 1341 4385 '
