2722 4754
342 214 389 236 *-
451 211 809 307 inanimatum
845 212 907 276 111.
1007 274 1011 278 ,
1063 175 1066 184 ’
1156 234 1159 238 *
1217 196 1261 276 ‘⁵5

117 373 193 437 nbat:
210 378 239 426 et
253 365 291 425 ad
304 359 491 438 Phocenses,
508 374 652 444 tauquam
669 364 707 423 ad
725 365 825 433 socios
842 378 874 426 et
891 364 1014 440 amicos,
1032 379 1079 428 est
1096 370 1262 450 profectus,

119 475 142 522 et
159 450 237 536 legati
254 450 468 510 ‘Phocensinm
493 469 562 509 enm
587 448 830 529 proficiscentem
855 452 1092 514 comitabantur:
1114 468 1156 514 =et
1180 446 1260 536 apud

120 564 160 608 not
171 535 251 598 multi
267 532 504 610 contendebant,
523 533 588 594 eius
607 534 778 625 ingressum
795 555 890 596 none
906 561 939 598 re
954 539 1021 598 fore
1035 539 1259 600 Thebanorum.

109 627 181 707 'Quin
203 633 232 681 et
248 620 363 681 Pheras
382 641 495 699 nuper,
521 631 557 678 ut
574 619 685 679 amicus
706 632 737 678 et
763 619 863 680 socius
888 621 920 681 in
937 624 1123 685 Thessaliam
1141 616 1259 709 ingrcs-

126 736 172 784 m,
190 706 345 785 occupavit
363 719 394 765 er
411 706 503 765 tenet
539 707 584 762 m
609 716 765 785 postremo
784 706 901 765 miseris
920 707 979 767 ann
999 708 1093 770 Oritis
1113 708 1202 785 dfxit,
1214 698 1258 772 ‘se
1305 743 1308 749 ι

105 797 210 862 'misiae
232 791 268 850 ad
294 810 348 856 eos
374 811 411 849 ex
436 788 649 861 benevolentia
673 789 795 863 milites,
822 791 874 869 qu'i
901 812 953 852 eos
977 792 1125 853 viserent:
1153 796 1297 860 audire·

126 883 178 946 ,uim
201 897 248 948 se,
274 875 412 934 laborare
436 874 506 934 illos
532 887 563 939 et
586 873 789 934 seditionibus
815 875 935 957 agitari:
972 876 1037 936 esse
1064 891 1165 938 autem
1183 880 1258 940 socii

121 962 201 1030 atteri
211 959 305 1034 amici,
324 959 499 1019 huiusmodi
517 960 621 1018 adesse
639 959 836 1039 temporibus.
853 960 968 1020 Putatis
985 961 1088 1042 igitur,
1106 980 1175 1021 eum
1192 978 1258 1026 ess'e
1292 1005 1299 1017 2

118 1049 274 1128 Philippum,
299 1045 371 1124 qui,
391 1065 459 1103 cum
478 1064 530 1104 eos
549 1043 705 1117 homines,
731 1044 784 1122 qui
801 1043 878 1103 nihil
895 1045 924 1104 ei
945 1066 1057 1105 nocere
1075 1047 1258 1126 potuissent,

117 1157 145 1198 ne
161 1133 236 1193 'vero
271 1129 330 1188 sibi
372 1141 536 1188 noceretur
576 1129 704 1187 fortasse
741 1149 845 1188 cavere
880 1130 1072 1210 potuissent,
1116 1132 1256 1212 decipere

116 1239 186 1302 qnam
200 1213 310 1274 indicto
330 1213 411 1273 bello
431 1233 541 1296 cogere
559 1213 716 1286 maluerit,
748 1214 905 1274 vobiscum
922 1215 963 1273 sit
981 1236 1016 1273 ex
1034 1215 1172 1297 professo
1190 1217 1255 1277 hel·
1289 1268 1294 1280 .

116 1297 281 1386 ligeratnrus?
300 1299 393 1377 idque
413 1299 484 1357 dum
502 1298 584 1357 ultro
603 1297 762 1357 fallimini?
796 1298 867 1357 Non
885 1299 927 1358 ita
946 1313 999 1358 est,
1033 1299 1155 1360 Etenim
1172 1297 1255 1362 mor-

59 1444 64 1461 ,
116 1388 198 1448 talium
214 1380 345 1440 omnium
363 1382 595 1442 uecordissimus
613 1395 710 1455 esset,
736 1382 777 1455 si,
798 1384 870 1443 dum
887 1405 959 1457 vos,¹
977 1384 1030 1463 qui
1048 1384 1173 1451 iniuriis
1185 1385 1254 1445 affi-

115 1468 209 1539 cimini,
225 1464 300 1525 nibil
319 1487 389 1525 eum
407 1467 568 1540 accusatis,
593 1467 775 1527 sed'civium
793 1480 965 1528 vestrorum
982 1470 1132 1548 ,quosdam
1147 1470 1254 1549 ¹culpa-

113 1556 143 1616 tis
160 1565 184 1612 et
198 1551 338 1610 mulctare
357 1551 467 1624 vultis,
486 1553 578 1633 ipse,
597 1552 755 1633 consopita
772 1566 873 1626 vestra,
888 1554 970 1613 inter
986 1574 1039 1613 vos
1058 1553 1112 1645 lige
1131 1566 1162 1614 et
1179 1568 1254 1614 con-

111 1637 234 1710 tentione,
247 1636 451 1709 denuntiaret,
465 1637 497 1695 in
512 1637 610 1716 ipsum
621 1658 655 1696 ea
667 1658 732 1697 esse
745 1641 958 1712 convertenda,
974 1652 1004 1699 et
1017 1635 1208 1698 me'reenariis
1220 1659 1255 1699 ea

109 1722 183 1785 verba
198 1721 341 1801 eriperet,
361 1721 469 1800 quibus
489 1743 542 1781 vos
562 1721 724 1794 differunt,
744 1718 907 1804 negantes,
927 1745 995 1783 eum
1014 1745 1120 1806 gerere
1139 1723 1254 1783 bellum

110 1828 165 1870 cum
179 1805 333 1886 republica.
367 1810 481 1869 Verum
501 1819 603 1878 estne,
620 1807 699 1885 proh
717 1805 828 1867 Divirm
847 1809 956 1883 fidem,
986 1809 1145 1887 quisquam
1163 1821 1253 1867 sanae
1278 1806 1283 1825 ⁴

108 1892 214 1964 mentis,
237 1890 288 1970 qui
311 1890 360 1949 vel
384 1906 489 1971 pacem
513 1900 696 1963 servantem,
721 1892 769 1950 vel
788 1862 901 1951 bellum
920 1914 1022 1961 secum
1040 1897 1216 1973 gerentem,
1235 1910 1253 1950 e

107 1977 189 2038 verbis
205 1975 293 2058 magis
312 1994 403 2053 quam
421 1976 506 2035 factis
526 1974 710 2035 aestimarit?
746 1976 845 2038 Nemo
864 1997 943 2036 sane.
978 1976 1074 2056 Atqui
1093 1976 1250 2056 Philippus

41 2098 44 2103 ·
106 2063 136 2122 ab
151 2061 246 2133 initio,
272 2079 346 2140 pace
363 2081 469 2120 recens
488 2060 581 2131 facta,
606 2059 752 2139 Diopithe
770 2062 1062 2138 nondum-ducente,
1076 2060 1252 2135 exereitum,
1275 2052 1280 2059 ’

105 2167 188 2226 neque
201 2144 295 2204 missis
309 2144 358 2217 iis,
376 2145 429 2224 qui
445 2167 525 2204 nunc
539 2146 571 2205 in
585 2141 777 2204 Chersoneso
792 2159 873 2219 sunt,
892 2145 1028 2207 Serrium
1042 2157 1073 2204 et
1088 2144 1251 2207 Doriscum

108 2230 266 2310 occupabat,
292 2228 387 2288 Seruii
405 2230 494 2289 castri
513 2242 542 2288 et
560 2229 643 2288 Sacri
661 2231 771 2290 montis
791 2231 901 2289 milites
922 2229 1076 2301 eiiciebat,
1096 2250 1172 2308 quos
1192 2230 1262 2288 no-'

103 2330 156 2376 ster
168 2315 327 2395 imperator
343 2313 386 2372 ibi
405 2314 573 2373 collocarat
608 2313 651 2373 At
668 2313 723 2373 ista
742 2316 860 2396 agendo
879 2314 952 2393 quid
971 2314 1118 2393 faciebat?
1144 2314 1178 2372 ln
1195 2336 1248 2394 pa-

101 2422 158 2461 cem
171 2400 288 2478 quidem
306 2398 424 2458 iurarat.
442 2399 550 2478 Neque
568 2399 726 2479 quisquam
744 2401 839 2458 dicat:
858 2399 1063 2472 Quantivero
1081 2396 1250 2458 istasunt?

98 2497 155 2544 aut:
171 2483 247 2558 Quid
264 2483 322 2543 ista
340 2483 471 2543 attinent
487 2484 524 2543 ad
540 2480 778 2564 rempublicam?
796 2487 906 2543 Utrum
924 2483 1054 2543 ea‘enim
1070 2504 1159 2563 parva
1176 2483 1247 2557 sint,
1267 2483 1307 2540 74

97 2582 143 2629 aut
164 2569 234 2627 nulli
252 2589 340 2628 curae
359 2567 445 2627 vobis
463 2568 592 2628 suerint:
626 2569 681 2628 alia
700 2562 808 2629 erit'ea
828 2568 1001 2650 disputatio.
1037 2567 1098 2626 Sed
1124 2567 1249 2648 iurisiu-
1319 2557 1325 2577 s

93 2654 174 2713 randi
188 2653 292 2736 religio
313 2665 344 2711 et
360 2653 474 2712 iustitia
491 2654 554 2713 sive
573 2656 604 2712 in
622 2653 737 2734 parvis,
774 2653 836 2713 sive
854 2655 971 2738 magnis
991 2654 1022 2712 in
1040 2652 1132 2712 rebus
1150 2652 1247 2712 viole·
1285 2668 1288 2672 '

93 2753 158 2811 tur,
180 2740 298 2798 eandem
323 2751 489 2817 utrumque
512 2739 573 2798 vim
598 2738 695 2818 habet
731 2736 798 2818 Age
822 2738 897 2810 iam,
924 2760 993 2796 cum
1012 2733 1257 2811 Chersonesum,

90 2846 176 2903 quam
190 2820 426 2882 Rex‘Persaru'm
453 2843 619 2900 omnesque
638 2821 746 2880 Graeci
774 2834 908 2881 nostram
928 2821 1198 2894 esseiudicarunt,
1217 2831 1249 2878 et

85 2907 194 2967 milites
212 2907 360 2981 immittit,
380 2920 411 2966 et
422 2909 480 2967 'has
500 2907 600 2966 literas
619 2906 726 2965 mittit:
746 2906 819 2985 quid
837 2907 918 2989 agit?
937 2906 977 2966 Se
995 2905 1173 2987 belligerare
1192 2924 1246 2964 ne-

81 3005 137 3075 gat
156 2993 222 3074 Ego
239 3014 311 3052 vero
330 3006 448 3053 tantum
467 2992 587 3064 absum,
605 3004 641 3050 ut
659 3013 737 3064 eum,
756 3003 896 3073 agentem
914 2990 1013 3079 talia„
1020 3011 1127 3070 pacem
1143 2989 1246 3049 vobis-

81 3099 149 3137 cum
166 3077 274 3137 factam
291 3098 411 3138 servare
428 3077 539 3149 fatear,
560 3088 595 3135 ut
614 3088 645 3135 et
661 3077 790 3157 Megaris
809 3076 1003 3147 invadendis,
1023 3087 1054 3134 et
1070 3075 1102 3133 iu
1120 3073 1246 3133 Euboea

79 3162 239 3245 tyrannide
258 3163 430 3234 molienda,
443 3174 474 3221 et
492 3182 574 3221 nunc
591 3160 624 3218 in
641 3160 799 3225 Thraciam
816 3162 1011 3241 prodeundo,
1030 3170 1061 3219 et
1076 3158 1194 3218 insidiis
1212 3157 1246 3216 in

75 3247 291 3328 Peloponneso
309 3246 535 3326 comparandis,
554 3257 701 3324 et,·quae
719 3245 807 3316 facit,
843 3246 945 3306 omnia
964 3267 1032 3305 cum
1050 3243 1183 3304 exercitu
1200 3241 1246 3302 fa-

75 3331 204 3406 ciendo,
230 3330 349 3391 solvere
368 3330 518 3389 affirmem
536 3351 640 3413 pacem
667 3344 698 3390 et
715 3330 828 3390 bellum
855 3323 1144 3413 vobiscum‘gerer‘e
1178 3325 1246 3397 Nisi

54 3454 61 3483 ι,
77 3437 131 3476 eos
147 3417 286 3489 fortasse,
305 3416 359 3494 qui
376 3417 526 3476 machinas
545 3415 764 3490 admoliuntur,
783 3437 888 3496 pacem
906 3437 994 3499 agere
1012 3415 1130 3487 dicatis,
1147 3414 1245 3472 donec

63 3501 201 3561 'casiam
217 3501 335 3580 adsipsa
353 3501 473 3561 moenia
490 3501 676 3560 adduxerint.
695 3501 755 3560 Sed
771 3521 836 3560 non
852 3502 965 3562 dicetis.
985 3492 1048 3575 Q'ui
1066 3499 1156 3572 enim,
1175 3495 1245 3576 qui·

74 3585 133 3646 bus
152 3604 208 3667 ego
229 3585 345 3666 capiar,
382 3607 416 3645 ea
434 3585 497 3668 agit
515 3598 546 3645 et
563 3586 700 3646 instruit:
737 3586 761 3644 is
787 3585 901 3646 bellum
919 3607 1038 3665 mecum
1056 3585 1156 3667 gerit,
1184 3580 1243 3641 etsi

69 3691 123 3730 me
141 3670 283 3729 nondum
301 3671 350 3734 vel
369 3670 472 3734 iaculis
491 3670 539 3730 vel
563 3671 679 3753 sagittis
704 3683 793 3751 petat.
829 3672 900 3746 Quo
918 3673 1019 3757 'igitur
1034 3692 1088 3731 vos
1113 3668 1145 3727 in
1163 3665 1244 3746 peri·
1328 3684 1331 3691 ’

67 3755 143 3815 tulo
171 3754 273 3830 eritis,
299 3755 326 3814 si
345 3755 418 3834 quid
436 3756 598 3814 acciderit?
634 3759 678 3817 In,
693 3776 747 3828 eo,
774 3758 856 3837 quod
873 3756 1089 3837 Hellespontus
1116 3775 1132 3810 a
1156 3749 1244 3810 vobis

71 3838 274 3900 alienabitur:
294 3841 376 3919 quod
392 3840 427 3912 is,
446 3839 499 3919 qui
516 3840 672 3899 vobiscum
691 3835 911 3923 bellum'gerit,
929 3842 1058 3924 Megaris
1073 3849 1104 3896 et
1117 3835 1244 3895 Euboea

68 3923 227 4006 potietur:
251 3925 336 4004 quod
357 3925 604 4006 Peloponnenses
624 3944 755 3987 cumceo
780 3926 1002 4008 conspirabunt
1037 3919 1244 4002 Eum‘igitur,

69 4010 126 4088 qui
142 4009 223 4069 banc
239 4009 407 4080 machinam
425 4022 531 4069 contra
548 4010 655 4075 urbem
673 4010 868 4095 erigitatque
885 4023 1015 4092 apparat,
1031 4008 1137 4088 pacem
1152 4016 1243 4087 a'g'e're

69 4095 171 4154 dicam
191 4116 263 4178 erga
280 4095 356 4176 vos?
375 4095 505 4167 Multum
524 4107 605 4155 certe
625 4096 716 4161 abest.
735 4096 817 4154 Nam
837 4096 898 4175 quo
917 4096 965 4155 die
984 4093 1157 4152 Phocenses
1175 4110 1241 4151 sus-

68 4179 159 4271 tulit:
187 4181 224 4239 ab
243 4200 280 4240 eo
301 4200 359 4262 ego
377 4179 533 4240 vobiscum
552 4200 620 4240 eum
639 4178 818 4262 belligerare
835 4192 943 4240 statuo.
986 4181 1049 4237 Vo's
1068 4185 1185 4249 autem,
1216 4176 1243 4234 si

69 4286 156 4325 nunc
176 4263 249 4326 enni
264 4260 465 4346 propulsetis,
491 4267 658 4347 prudenter
674 4267 806 4326 facturos
825 4266 910 4326 dico:
936 4262 989 4324 sin'
1009 4260 1174 4334 differetis,
1199 4259 1242 4332 id,

71 4369 177 4432 neque
194 4370 266 4436 curn
284 4351 403 4425 voletis,
421 4348 519 4412 iacere
537 4350 683 4431 poteritis.
702 4352 742 4412 Et
758 4369 854 4429 usque
873 4349 949 4410 adeo
967 4348 1005 4409 ab
1023 4344 1150 4408 aliorum
1168 4358 1264 4405 con-i
